{"id":"gen9championsvgc2026regmb-2674959890","format":"[Gen 9 Champions] VGC 2026 Reg M-B","players":["HDX4","bruhdnigerian"],"log":"|j|☆HDX4\n|j|☆bruhdnigerian\n|t:|1788442169\n|gametype|doubles\n|player|p1|HDX4|170|1090\n|player|p2|bruhdnigerian|lance|1070\n|gen|9\n|tier|[Gen 9 Champions] VGC 2026 Reg M-B\n|rated|\n|rule|Species Clause: Limit one of each Pokémon\n|rule|Item Clause: Limit 1 of each item\n|clearpoke\n|poke|p1|Pelipper, L50, M|\n|poke|p1|Charizard, L50, M|\n|poke|p1|Archaludon, L50, F|\n|poke|p1|Grimmsnarl, L50, M|\n|poke|p1|Swampert, L50, M|\n|poke|p1|Venusaur, L50, F|\n|poke|p2|Pangoro, L50, F|\n|poke|p2|Spiritomb, L50, F|\n|poke|p2|Gliscor, L50, F|\n|poke|p2|Gholdengo, L50|\n|poke|p2|Talonflame, L50, F|\n|poke|p2|Raichu, L50, F|\n|teampreview|4\n|inactive|Battle timer is ON: inactive players will automatically lose when time's up. (requested by bruhdnigerian)\nbruhdnigerian has agreed to open team sheets.\n|\n|t:|1788442196\n|teamsize|p1|4\n|teamsize|p2|4\n|start\n|switch|p1a: Swampert|Swampert, L50, M|100/100\n|switch|p1b: Pelipper|Pelipper, L50, M|100/100\n|switch|p2a: Talonflame|Talonflame, L50, F|100/100\n|switch|p2b: Raichu|Raichu, L50, F|100/100\n|-weather|RainDance|[from] ability: Drizzle|[of] p1b: Pelipper\n|turn|1\n|\n|t:|1788442218\n|switch|p1b: Archaludon|Archaludon, L50, F|100/100\n|detailschange|p2b: Raichu|Raichu-Mega-Y, L50, F\n|-mega|p2b: Raichu|Raichu|Raichunite Y\n|detailschange|p1a: Swampert|Swampert-Mega, L50, M\n|-mega|p1a: Swampert|Swampert|Swampertite\n|move|p2a: Talonflame|Tailwind|p2a: Talonflame\n|-sidestart|p2: bruhdnigerian|move: Tailwind\n|move|p2b: Raichu|Grass Knot|p1a: Swampert\n|-supereffective|p1a: Swampert|2\n|-damage|p1a: Swampert|0 fnt\n|faint|p1a: Swampert\n|\n|-weather|RainDance|[upkeep]\n|upkeep\n|\n|t:|1788442232\n|switch|p1a: Pelipper|Pelipper, L50, M|100/100\n|turn|2\n|\n|t:|1788442264\n|move|p2a: Talonflame|Acrobatics|p1b: Archaludon\n|-resisted|p1b: Archaludon|1\n|-damage|p1b: Archaludon|84/100\n|-ability|p1b: Archaludon|Stamina|boost\n|-boost|p1b: Archaludon|def|1\n|move|p2b: Raichu|Focus Blast|p1b: Archaludon\n|-supereffective|p1b: Archaludon|1\n|-damage|p1b: Archaludon|0 fnt\n|faint|p1b: Archaludon\n|move|p1a: Pelipper|Weather Ball|p2b: Raichu\n|-damage|p2b: Raichu|0 fnt\n|faint|p2b: Raichu\n|\n|-weather|RainDance|[upkeep]\n|upkeep\n|\n|t:|1788442275\n|switch|p2b: Gholdengo|Gholdengo, L50|100/100\n|switch|p1b: Venusaur|Venusaur, L50, F|100/100\n|turn|3\n|\n|t:|1788442285\n|move|p1b: Venusaur|Protect|p1b: Venusaur\n|-singleturn|p1b: Venusaur|Protect\n|move|p2a: Talonflame|Feint|p1b: Venusaur\n|-activate|p1b: Venusaur|move: Feint\n|-damage|p1b: Venusaur|88/100\n|move|p2b: Gholdengo|Power Gem|p1a: Pelipper\n|-supereffective|p1a: Pelipper|1\n|-damage|p1a: Pelipper|16/100\n|-enditem|p1a: Pelipper|Sitrus Berry|[eat]\n|-heal|p1a: Pelipper|40/100|[from] item: Sitrus Berry\n|move|p1a: Pelipper|Weather Ball|p2a: Talonflame\n|-supereffective|p2a: Talonflame|1\n|-damage|p2a: Talonflame|0 fnt\n|faint|p2a: Talonflame\n|\n|-weather|RainDance|[upkeep]\n|upkeep\n|\n|t:|1788442300\n|switch|p2a: Pangoro|Pangoro, L50, F|100/100\n|turn|4\n|\n|t:|1788442318\n|move|p2a: Pangoro|Protect|p2a: Pangoro\n|-singleturn|p2a: Pangoro|Protect\n|move|p2b: Gholdengo|Power Gem|p1a: Pelipper\n|-supereffective|p1a: Pelipper|1\n|-crit|p1a: Pelipper\n|-damage|p1a: Pelipper|0 fnt\n|faint|p1a: Pelipper\n|move|p1b: Venusaur|Earth Power|p2b: Gholdengo\n|-supereffective|p2b: Gholdengo|1\n|-enditem|p2b: Gholdengo|Shuca Berry|[eat]\n|-enditem|p2b: Gholdengo|Shuca Berry|[weaken]\n|-damage|p2b: Gholdengo|64/100\n|\n|-weather|RainDance|[upkeep]\n|-sideend|p2: bruhdnigerian|move: Tailwind\n|upkeep\n|turn|5\n|\n|t:|1788442335\n|move|p2b: Gholdengo|Protect|p2b: Gholdengo\n|-singleturn|p2b: Gholdengo|Protect\n|move|p1b: Venusaur|Earth Power|p2b: Gholdengo\n|-activate|p2b: Gholdengo|move: Protect\n|move|p2a: Pangoro|Knock Off|p1b: Venusaur\n|-damage|p1b: Venusaur|22/100\n|-enditem|p1b: Venusaur|Focus Sash|[from] move: Knock Off|[of] p2a: Pangoro\n|\n|-weather|none\n|upkeep\n|turn|6\n|-message|HDX4 forfeited.\n|\n|win|bruhdnigerian\n|raw|HDX4's rating: 1090 &rarr; <strong>1065</strong><br />(-25 for losing)\n|raw|bruhdnigerian's rating: 1070 &rarr; <strong>1101</strong><br />(+31 for winning)\n|l|☆HDX4\n|player|p1|\n","uploadtime":1788442343,"views":"3","formatid":"gen9championsvgc2026regmb","rating":1065,"private":0,"password":null}