{"id":"gen9championsvgc2026regmb-2674619997","format":"[Gen 9 Champions] VGC 2026 Reg M-B","players":["pochama393","jmufranco"],"log":"|j|☆pochama393\n|j|☆jmufranco\n|t:|1788381175\n|gametype|doubles\n|player|p1|pochama393|dawn|\n|player|p2|jmufranco|170|\n|gen|9\n|tier|[Gen 9 Champions] VGC 2026 Reg M-B\n|rule|Species Clause: Limit one of each Pokémon\n|rule|Item Clause: Limit 1 of each item\n|clearpoke\n|poke|p1|Pelipper, L50, M|\n|poke|p1|Eelektross, L50, M|\n|poke|p1|Mamoswine, L50, F|\n|poke|p1|Klefki, L50, M|\n|poke|p1|Greninja, L50, F|\n|poke|p1|Reuniclus, L50, F|\n|poke|p2|Archaludon, L50, M|\n|poke|p2|Sableye, L50, M|\n|poke|p2|Sharpedo, L50, F|\n|poke|p2|Garchomp, L50, M|\n|poke|p2|Talonflame, L50, F|\n|poke|p2|Floette-Eternal, L50, F|\n|teampreview|4\n|\n|t:|1788381204\n|teamsize|p1|4\n|teamsize|p2|4\n|start\n|switch|p1a: Klefki|Klefki, L50, M|100/100\n|switch|p1b: Reuniclus|Reuniclus, L50, F|100/100\n|switch|p2a: Sableye|Sableye, L50, M|100/100\n|switch|p2b: Garchomp|Garchomp, L50, M|100/100\n|turn|1\n|j| chiclaws\n|\n|t:|1788381252\n|switch|p1b: Pelipper|Pelipper, L50, M|100/100\n|-weather|RainDance|[from] ability: Drizzle|[of] p1b: Pelipper\n|move|p2a: Sableye|Fake Out|p1a: Klefki\n|-resisted|p1a: Klefki|1\n|-damage|p1a: Klefki|96/100\n|cant|p1a: Klefki|flinch\n|move|p2b: Garchomp|Earthquake|p1a: Klefki|[spread] p2a,p1a\n|-immune|p1b: Pelipper\n|-supereffective|p1a: Klefki|1\n|-damage|p2a: Sableye|54/100\n|-damage|p1a: Klefki|16/100\n|\n|-weather|RainDance|[upkeep]\n|upkeep\n|turn|2\n|\n|t:|1788381296\n|switch|p1b: Eelektross|Eelektross, L50, M|100/100\n|move|p2b: Garchomp|Protect|p2b: Garchomp\n|-singleturn|p2b: Garchomp|Protect\n|move|p2a: Sableye|Gravity|p2a: Sableye\n|-fieldstart|move: Gravity\n|move|p1a: Klefki|Switcheroo|p2b: Garchomp\n|-activate|p2b: Garchomp|move: Protect\n|\n|-weather|RainDance|[upkeep]\n|upkeep\n|turn|3\n|\n|t:|1788381326\n|move|p1b: Eelektross|Protect|p1b: Eelektross\n|-singleturn|p1b: Eelektross|Protect\n|move|p2a: Sableye|Disable|p1a: Klefki\n|-start|p1a: Klefki|Disable|Switcheroo\n|cant|p1a: Klefki|Disable|Switcheroo\n|move|p2b: Garchomp|Earthquake|p1a: Klefki|[spread] p2a,p1a\n|-activate|p1b: Eelektross|move: Protect\n|-supereffective|p1a: Klefki|1\n|-damage|p2a: Sableye|4/100\n|-damage|p1a: Klefki|0 fnt\n|faint|p1a: Klefki\n|\n|-weather|RainDance|[upkeep]\n|upkeep\n|\n|t:|1788381340\n|switch|p1a: Pelipper|Pelipper, L50, M|100/100\n|turn|4\n|\n|t:|1788381400\n|switch|p1b: Reuniclus|Reuniclus, L50, F|100/100\n|move|p2a: Sableye|Quash|p1a: Pelipper\n|-activate|p1a: Pelipper|move: Quash\n|move|p2b: Garchomp|Earthquake|p1b: Reuniclus|[spread] p2a,p1a,p1b\n|-damage|p2a: Sableye|0 fnt\n|-damage|p1a: Pelipper|46/100\n|-damage|p1b: Reuniclus|58/100\n|faint|p2a: Sableye\n|move|p1a: Pelipper|Soak|p2b: Garchomp\n|-start|p2b: Garchomp|typechange|Water\n|\n|-weather|RainDance|[upkeep]\n|upkeep\n|\n|t:|1788381426\n|switch|p2a: Floette|Floette-Eternal, L50, F|100/100\n|turn|5\n|\n|t:|1788381448\n|detailschange|p2a: Floette|Floette-Mega, L50, F\n|-mega|p2a: Floette|Floette|Floettite\n|-ability|p2a: Floette|Fairy Aura\n|move|p1a: Pelipper|Soak|p2a: Floette\n|-start|p2a: Floette|typechange|Water\n|move|p2a: Floette|Dazzling Gleam|p1b: Reuniclus|[spread] p1a,p1b\n|-damage|p1a: Pelipper|0 fnt\n|-damage|p1b: Reuniclus|33/100\n|faint|p1a: Pelipper\n|move|p2b: Garchomp|Rock Slide|p1b: Reuniclus\n|-damage|p1b: Reuniclus|1/100\n|move|p1b: Reuniclus|Psychic|p2a: Floette\n|-damage|p2a: Floette|66/100\n|\n|-weather|none\n|upkeep\n|\n|t:|1788381465\n|switch|p1a: Eelektross|Eelektross, L50, M|100/100\n|turn|6\n|\n|t:|1788381486\n|switch|p2b: Sharpedo|Sharpedo, L50, F|100/100\n|move|p1a: Eelektross|Protect|p1a: Eelektross\n|-singleturn|p1a: Eelektross|Protect\n|move|p1b: Reuniclus|Protect|p1b: Reuniclus\n|-singleturn|p1b: Reuniclus|Protect\n|move|p2a: Floette|Dazzling Gleam|p1b: Reuniclus|[spread] \n|-activate|p1a: Eelektross|move: Protect\n|-activate|p1b: Reuniclus|move: Protect\n|\n|-fieldend|move: Gravity\n|upkeep\n|turn|7\n|\n|t:|1788381551\n|detailschange|p1a: Eelektross|Eelektross-Mega, L50, M\n|-mega|p1a: Eelektross|Eelektross|Eelektrossite\n|move|p2a: Floette|Dazzling Gleam|p1b: Reuniclus|[spread] p1a,p1b\n|-damage|p1a: Eelektross|66/100\n|-damage|p1b: Reuniclus|0 fnt\n|faint|p1b: Reuniclus\n|move|p2b: Sharpedo|Liquidation|p1a: Eelektross\n|-damage|p1a: Eelektross|6/100\n|move|p1a: Eelektross|Thunder|p2a: Floette\n|-supereffective|p2a: Floette|1\n|-damage|p2a: Floette|0 fnt\n|faint|p2a: Floette\n|-ability|p1a: Eelektross|Eelevate|boost\n|-boost|p1a: Eelektross|spa|1\n|\n|-ability|p2b: Sharpedo|Speed Boost|boost\n|-boost|p2b: Sharpedo|spe|1\n|upkeep\n|\n|t:|1788381561\n|switch|p2a: Garchomp|Garchomp, L50, M|100/100\n|turn|8\n|\n|t:|1788381572\n|move|p2b: Sharpedo|Liquidation|p1a: Eelektross\n|-damage|p1a: Eelektross|0 fnt\n|faint|p1a: Eelektross\n|\n|win|jmufranco\n|l|☆pochama393\n|player|p1|\n","uploadtime":1788381852,"views":"1","formatid":"gen9championsvgc2026regmb","rating":null,"private":0,"password":null}