{"id":"gen9championsvgc2026regmbbo3-2674021792","format":"[Gen 9 Champions] VGC 2026 Reg M-B (Bo3)","players":["humania1","Orowa"],"log":"|j|☆humania1\n|j|☆Orowa\n|html|<table width=\"100%\"><tr><td align=\"left\">humania1</td><td align=\"right\">Orowa</tr><tr><td align=\"left\"><i class=\"fa fa-circle-o\"></i> <i class=\"fa fa-circle-o\"></i> </td><td align=\"right\"><i class=\"fa fa-circle-o\"></i> <i class=\"fa fa-circle\"></i> </tr></table>\n|uhtml|bestof|<h2><strong>Game 2</strong> of <a href=\"/game-bestof3-gen9championsvgc2026regmbbo3-2674019864\">a best-of-3</a></h2>\n|t:|1788289217\n|gametype|doubles\n|player|p1|humania1|266|1082\n|player|p2|Orowa|2|1093\n|gen|9\n|tier|[Gen 9 Champions] VGC 2026 Reg M-B (Bo3)\n|rated|\n|rule|Species Clause: Limit one of each Pokémon\n|rule|Item Clause: Limit 1 of each item\n|clearpoke\n|poke|p1|Blastoise, L50, F|\n|poke|p1|Delphox, L50, M, shiny|\n|poke|p1|Incineroar, L50, F|\n|poke|p1|Sinistcha, L50|\n|poke|p1|Sneasler, L50, F|\n|poke|p1|Vivillon, L50, F|\n|poke|p2|Swampert, L50, M|\n|poke|p2|Pelipper, L50, F|\n|poke|p2|Sneasler, L50, M|\n|poke|p2|Garchomp, L50, M|\n|poke|p2|Sinistcha, L50|\n|poke|p2|Raichu, L50, M|\n|teampreview|4\n|showteam|p1|Blastoise||Blastoisinite|Torrent|Protect,ShellSmash,WaterSpout,DarkPulse|Modest||F|||50|]Delphox||Delphoxite|Blaze|Protect,HeatWave,Psyshock,NastyPlot|Timid||M|||50|]Incineroar||PasshoBerry|Intimidate|FakeOut,PartingShot,FlareBlitz,ThroatChop|Impish||F|||50|]Sinistcha||SitrusBerry|Hospitality|Protect,MatchaGotcha,TrickRoom,RagePowder|Bold|||||50|]Sneasler||FocusSash|PoisonTouch|QuickGuard,FakeOut,CloseCombat,DireClaw|Jolly||F|||50|]Vivillon||ChoiceScarf|CompoundEyes|Hurricane,SleepPowder,RagePowder,Uturn|Timid||F|||50|\n|showteam|p2|Swampert||Swampertite|Damp|BulkUp,Earthquake,WaveCrash,Protect|Adamant||M|||50|]Pelipper||FocusSash|Drizzle|WideGuard,Hurricane,Tailwind,WeatherBall|Modest||F|||50|]Sneasler||WhiteHerb|Unburden|DireClaw,Feint,CloseCombat,RockSlide|Adamant||M|||50|]Garchomp||ChoiceScarf|RoughSkin|RockSlide,StompingTantrum,DragonClaw,IronHead|Adamant||M|||50|]Sinistcha||KasibBerry|Hospitality|TrickRoom,ShadowBall,RagePowder,LifeDew|Relaxed|||||50|]Raichu||RaichuniteY|LightningRod|FakeOut,Protect,FocusBlast,ZapCannon|Timid||M|||50|\n|inactive|Battle timer is ON: inactive players will automatically lose when time's up. (requested by humania1)\n|inactive|Orowa also wants the timer to be on.\n|\n|t:|1788289231\n|teamsize|p1|4\n|teamsize|p2|4\n|start\n|switch|p1a: Blastoise|Blastoise, L50, F|100/100\n|switch|p1b: Sinistcha|Sinistcha, L50|100/100\n|switch|p2a: Sneasler|Sneasler, L50, M|100/100\n|switch|p2b: Garchomp|Garchomp, L50, M|100/100\n|turn|1\n|\n|t:|1788289243\n|move|p1a: Blastoise|Protect|p1a: Blastoise\n|-singleturn|p1a: Blastoise|Protect\n|move|p2b: Garchomp|Rock Slide|p1a: Blastoise|[spread] p1b\n|-activate|p1a: Blastoise|move: Protect\n|-damage|p1b: Sinistcha|79/100\n|move|p2a: Sneasler|Dire Claw|p1b: Sinistcha\n|-damage|p1b: Sinistcha|42/100\n|-enditem|p1b: Sinistcha|Sitrus Berry|[eat]\n|-heal|p1b: Sinistcha|67/100|[from] item: Sitrus Berry\n|move|p1b: Sinistcha|Trick Room|p1b: Sinistcha\n|-fieldstart|move: Trick Room|[of] p1b: Sinistcha\n|\n|upkeep\n|turn|2\n|\n|t:|1788289261\n|switch|p2a: Pelipper|Pelipper, L50, F|100/100\n|-weather|RainDance|[from] ability: Drizzle|[of] p2a: Pelipper\n|detailschange|p1a: Blastoise|Blastoise-Mega, L50, F\n|-mega|p1a: Blastoise|Blastoise|Blastoisinite\n|move|p1a: Blastoise|Water Spout|p2b: Garchomp|[spread] p2a,p2b\n|-resisted|p2a: Pelipper|1\n|-damage|p2a: Pelipper|31/100\n|-damage|p2b: Garchomp|0 fnt\n|faint|p2b: Garchomp\n|move|p1b: Sinistcha|Trick Room|p1b: Sinistcha\n|-fieldend|move: Trick Room\n|\n|-weather|RainDance|[upkeep]\n|upkeep\n|\n|t:|1788289275\n|switch|p2b: Sneasler|Sneasler, L50, M|100/100\n|turn|3\n|\n|t:|1788289289\n|move|p1b: Sinistcha|Protect|p1b: Sinistcha\n|-singleturn|p1b: Sinistcha|Protect\n|move|p2b: Sneasler|Rock Slide|p1b: Sinistcha|[spread] p1a\n|-activate|p1b: Sinistcha|move: Protect\n|-damage|p1a: Blastoise|80/100\n|move|p1a: Blastoise|Water Spout|p2b: Sneasler|[spread] p2a,p2b\n|-resisted|p2a: Pelipper|1\n|-damage|p2a: Pelipper|0 fnt\n|-damage|p2b: Sneasler|0 fnt\n|faint|p2a: Pelipper\n|faint|p2b: Sneasler\n|\n|-weather|RainDance|[upkeep]\n|upkeep\n|\n|t:|1788289298\n|switch|p2b: Swampert|Swampert, L50, M|100/100\n|turn|4\n|\n|t:|1788289302\n|detailschange|p2b: Swampert|Swampert-Mega, L50, M\n|-mega|p2b: Swampert|Swampert|Swampertite\n|move|p1b: Sinistcha|Rage Powder|p1b: Sinistcha\n|-singleturn|p1b: Sinistcha|move: Rage Powder\n|move|p2b: Swampert|Earthquake|p1a: Blastoise|[spread] p1a,p1b\n|-resisted|p1b: Sinistcha|1\n|-damage|p1a: Blastoise|37/100\n|-damage|p1b: Sinistcha|47/100\n|move|p1a: Blastoise|Shell Smash|p1a: Blastoise\n|-unboost|p1a: Blastoise|def|1\n|-unboost|p1a: Blastoise|spd|1\n|-boost|p1a: Blastoise|atk|2\n|-boost|p1a: Blastoise|spa|2\n|-boost|p1a: Blastoise|spe|2\n|\n|-weather|RainDance|[upkeep]\n|upkeep\n|turn|5\n|\n|t:|1788289314\n|move|p1a: Blastoise|Water Spout|p2b: Swampert\n|-damage|p2b: Swampert|26/100\n|move|p2b: Swampert|Earthquake|p1a: Blastoise|[spread] p1a,p1b\n|-resisted|p1b: Sinistcha|1\n|-crit|p1b: Sinistcha\n|-damage|p1a: Blastoise|0 fnt\n|-damage|p1b: Sinistcha|18/100\n|faint|p1a: Blastoise\n|move|p1b: Sinistcha|Trick Room|p1b: Sinistcha\n|-fieldstart|move: Trick Room|[of] p1b: Sinistcha\n|\n|-weather|RainDance|[upkeep]\n|upkeep\n|\n|t:|1788289315\n|switch|p1a: Vivillon|Vivillon, L50, F|100/100\n|turn|6\n|\n|t:|1788289324\n|move|p2b: Swampert|Protect|p2b: Swampert\n|-singleturn|p2b: Swampert|Protect\n|move|p1b: Sinistcha|Matcha Gotcha|p2b: Swampert\n|-activate|p2b: Swampert|move: Protect\n|move|p1a: Vivillon|Hurricane|p2b: Swampert\n|-activate|p2b: Swampert|move: Protect\n|\n|-weather|none\n|upkeep\n|turn|7\n|\n|t:|1788289335\n|move|p1b: Sinistcha|Matcha Gotcha|p2b: Swampert\n|-supereffective|p2b: Swampert|2\n|-damage|p2b: Swampert|0 fnt\n|-heal|p1b: Sinistcha|33/100|[from] drain|[of] p2b: Swampert\n|faint|p2b: Swampert\n|\n|win|humania1\n","uploadtime":1788289335,"views":"0","formatid":"gen9championsvgc2026regmbbo3","rating":null,"private":0,"password":null}