{"id":"gen9championsvgc2026regmbbo3-2674781900","format":"[Gen 9 Champions] VGC 2026 Reg M-B (Bo3)","players":["bernardomgj","blitzbybitz"],"log":"|j|☆bernardomgj\n|j|☆blitzbybitz\n|html|<table width=\"100%\"><tr><td align=\"left\">bernardomgj</td><td align=\"right\">blitzbybitz</tr><tr><td align=\"left\"><i class=\"fa fa-circle-o\"></i> <i class=\"fa fa-circle-o\"></i> </td><td align=\"right\"><i class=\"fa fa-circle-o\"></i> <i class=\"fa fa-circle-o\"></i> </tr></table>\n|uhtml|bestof|<h2><strong>Game 1</strong> of <a href=\"/game-bestof3-gen9championsvgc2026regmbbo3-2674781899\">a best-of-3</a></h2>\n|t:|1788405686\n|gametype|doubles\n|player|p1|bernardomgj|265|1032\n|player|p2|blitzbybitz|170|1071\n|gen|9\n|tier|[Gen 9 Champions] VGC 2026 Reg M-B (Bo3)\n|rated|\n|rule|Species Clause: Limit one of each Pokémon\n|rule|Item Clause: Limit 1 of each item\n|clearpoke\n|poke|p1|Gallade, L50, M|\n|poke|p1|Staraptor, L50, F|\n|poke|p1|Mawile, L50, F|\n|poke|p1|Farigiraf, L50, M|\n|poke|p1|Lycanroc-Dusk, L50, F|\n|poke|p1|Milotic, L50, F|\n|poke|p2|Samurott-Hisui, L50, M, shiny|\n|poke|p2|Sneasler, L50, F|\n|poke|p2|Appletun, L50, M|\n|poke|p2|Hatterene, L50, F|\n|poke|p2|Arcanine-Hisui, L50, M|\n|poke|p2|Luxray, L50, M|\n|teampreview|4\n|showteam|p1|Gallade||LifeOrb|Sharpness|LeafBlade,PsychoCut,SacredSword,Protect|Adamant||M|||50|]Staraptor||Staraptite|Intimidate|CloseCombat,DualWingbeat,Tailwind,Protect|Jolly||F|||50|]Mawile||Mawilite|Intimidate|PlayRough,IronHead,SuckerPunch,Protect|Adamant||F|||50|]Farigiraf||ColburBerry|ArmorTail|Psychic,HelpingHand,TrickRoom,Protect|Calm||M|||50|]Lycanroc-Dusk||FocusSash|ToughClaws|Accelerock,CloseCombat,IronHead,Protect|Jolly||F|||50|]Milotic||Leftovers|Competitive|Scald,IceBeam,Recover,Protect|Bold||F|||50|\n|showteam|p2|Samurott-Hisui||LifeOrb|Sharpness|AquaJet,AquaCutter,CeaselessEdge,SacredSword|Impish||M|||50|]Sneasler||FocusSash|PoisonTouch|Protect,FakeOut,DireClaw,CloseCombat|Adamant||F|||50|]Appletun||Leftovers|Gluttony|AppleAcid,DragonPulse,Protect,SuckerPunch|Sassy||M|||50|]Hatterene||MentalHerb|MagicBounce|TrickRoom,Protect,ExpandingForce,DrainingKiss|Quiet||F|||50|]Arcanine-Hisui||ChoiceScarf|Intimidate|ExtremeSpeed,FlareBlitz,PsychicFangs,WildCharge|Jolly||M|||50|]Luxray||ExpertBelt|Guts|Protect,Crunch,WildCharge,SupercellSlam|Jolly||M|||50|\n|\n|t:|1788405711\n|teamsize|p1|4\n|teamsize|p2|4\n|start\n|switch|p1a: Milotic|Milotic, L50, F|100/100\n|switch|p1b: Staraptor|Staraptor, L50, F|100/100\n|switch|p2a: Hatterene|Hatterene, L50, F|100/100\n|switch|p2b: Appletun|Appletun, L50, M|100/100\n|-ability|p1b: Staraptor|Intimidate|boost\n|-unboost|p2a: Hatterene|atk|1\n|-unboost|p2b: Appletun|atk|1\n|turn|1\n|inactive|Battle timer is ON: inactive players will automatically lose when time's up. (requested by blitzbybitz)\n|\n|t:|1788405737\n|detailschange|p1b: Staraptor|Staraptor-Mega, L50, F\n|-mega|p1b: Staraptor|Staraptor|Staraptite\n|move|p1b: Staraptor|Close Combat|p2a: Hatterene\n|-resisted|p2a: Hatterene|2\n|-damage|p2a: Hatterene|82/100\n|-boost|p1b: Staraptor|def|1\n|-boost|p1b: Staraptor|spd|1\n|move|p1a: Milotic|Ice Beam|p2b: Appletun\n|-supereffective|p2b: Appletun|2\n|-damage|p2b: Appletun|35/100\n|move|p2b: Appletun|Apple Acid|p1a: Milotic\n|-supereffective|p1a: Milotic|1\n|-damage|p1a: Milotic|57/100\n|-unboost|p1a: Milotic|spd|1\n|-ability|p1a: Milotic|Competitive|boost\n|-boost|p1a: Milotic|spa|2\n|move|p2a: Hatterene|Trick Room|p2a: Hatterene\n|-fieldstart|move: Trick Room|[of] p2a: Hatterene\n|\n|-heal|p2b: Appletun|41/100|[from] item: Leftovers\n|-heal|p1a: Milotic|63/100|[from] item: Leftovers\n|upkeep\n|turn|2\n|inactive|blitzbybitz has 30 seconds left.\n|\n|t:|1788405765\n|move|p1a: Milotic|Protect|p1a: Milotic\n|-singleturn|p1a: Milotic|Protect\n|move|p2b: Appletun|Apple Acid|p1a: Milotic\n|-activate|p1a: Milotic|move: Protect\n|move|p2a: Hatterene|Expanding Force|p1b: Staraptor\n|-supereffective|p1b: Staraptor|1\n|-damage|p1b: Staraptor|31/100\n|move|p1b: Staraptor|Dual Wingbeat|p2b: Appletun\n|-supereffective|p2b: Appletun|1\n|-damage|p2b: Appletun|1/100\n|-supereffective|p2b: Appletun|1\n|-damage|p2b: Appletun|0 fnt\n|faint|p2b: Appletun\n|-hitcount|p2: Appletun|2\n|\n|-heal|p1a: Milotic|69/100|[from] item: Leftovers\n|upkeep\n|\n|t:|1788405776\n|switch|p2b: Samurott|Samurott-Hisui, L50, M, shiny|100/100\n|turn|3\n|inactive|bernardomgj has 30 seconds left.\n|inactive|bernardomgj has 20 seconds left.\n|\n|t:|1788405812\n|move|p1b: Staraptor|Protect|p1b: Staraptor\n|-singleturn|p1b: Staraptor|Protect\n|move|p2a: Hatterene|Expanding Force|p1b: Staraptor\n|-activate|p1b: Staraptor|move: Protect\n|move|p1a: Milotic|Scald|p2a: Hatterene\n|-damage|p2a: Hatterene|9/100\n|move|p2b: Samurott|Ceaseless Edge|p1a: Milotic\n|-damage|p1a: Milotic|17/100\n|-sidestart|p1: bernardomgj|Spikes\n|-damage|p2b: Samurott|90/100|[from] item: Life Orb\n|\n|-heal|p1a: Milotic|23/100|[from] item: Leftovers\n|upkeep\n|turn|4\n|\n|t:|1788405835\n|move|p2a: Hatterene|Draining Kiss|p1b: Staraptor\n|-supereffective|p1b: Staraptor|1\n|-damage|p1b: Staraptor|0 fnt\n|-heal|p2a: Hatterene|34/100|[from] drain|[of] p1b: Staraptor\n|faint|p1b: Staraptor\n|move|p1a: Milotic|Recover|p1a: Milotic\n|-heal|p1a: Milotic|73/100\n|move|p2b: Samurott|Sacred Sword|p1a: Milotic\n|-damage|p1a: Milotic|29/100\n|-damage|p2b: Samurott|80/100|[from] item: Life Orb\n|\n|-heal|p1a: Milotic|35/100|[from] item: Leftovers\n|upkeep\n|\n|t:|1788405852\n|switch|p1b: Lycanroc|Lycanroc-Dusk, L50, F|100/100\n|-damage|p1b: Lycanroc|87/100|[from] Spikes\n|turn|5\n|\n|t:|1788405870\n|move|p1b: Lycanroc|Accelerock|p2a: Hatterene\n|-damage|p2a: Hatterene|5/100\n|move|p2a: Hatterene|Draining Kiss|p1a: Milotic\n|-damage|p1a: Milotic|6/100\n|-heal|p2a: Hatterene|32/100|[from] drain|[of] p1a: Milotic\n|move|p1a: Milotic|Scald|p2a: Hatterene\n|-damage|p2a: Hatterene|0 fnt\n|faint|p2a: Hatterene\n|move|p2b: Samurott|Aqua Cutter|p1b: Lycanroc\n|-supereffective|p1b: Lycanroc|1\n|-damage|p1b: Lycanroc|0 fnt\n|faint|p1b: Lycanroc\n|-damage|p2b: Samurott|71/100|[from] item: Life Orb\n|\n|-heal|p1a: Milotic|12/100|[from] item: Leftovers\n|-fieldend|move: Trick Room\n|upkeep\n|inactive|bernardomgj has 30 seconds left.\n|\n|t:|1788405896\n|switch|p1b: Gallade|Gallade, L50, M|100/100\n|switch|p2a: Luxray|Luxray, L50, M|100/100\n|-damage|p1b: Gallade|88/100|[from] Spikes\n|turn|6\n|\n|t:|1788405913\n|move|p2b: Samurott|Ceaseless Edge|p1b: Gallade|[miss]\n|-miss|p2b: Samurott|p1b: Gallade\n|move|p2a: Luxray|Wild Charge|p1a: Milotic\n|-supereffective|p1a: Milotic|1\n|-damage|p1a: Milotic|0 fnt\n|faint|p1a: Milotic\n|-damage|p2a: Luxray|95/100|[from] Recoil\n|move|p1b: Gallade|Sacred Sword|p2a: Luxray\n|-damage|p2a: Luxray|0 fnt\n|faint|p2a: Luxray\n|-damage|p1b: Gallade|78/100|[from] item: Life Orb\n|\n|upkeep\n|turn|7\n|\n|t:|1788405928\n|move|p2b: Samurott|Ceaseless Edge|p1b: Gallade\n|-damage|p1b: Gallade|2/100\n|-sidestart|p1: bernardomgj|Spikes\n|-damage|p2b: Samurott|61/100|[from] item: Life Orb\n|move|p1b: Gallade|Sacred Sword|p2b: Samurott\n|-supereffective|p2b: Samurott|1\n|-damage|p2b: Samurott|0 fnt\n|faint|p2b: Samurott\n|-damage|p1b: Gallade|0 fnt|[from] item: Life Orb\n|faint|p1b: Gallade\n|\n|win|bernardomgj\n||blitzbybitz is ready for game 2.\n|inactive|bernardomgj has 30 seconds to confirm battle start!\n||bernardomgj is ready for game 2.\n|uhtml|next|Next: <a href=\"/battle-gen9championsvgc2026regmbbo3-2674783154\"><strong>Game 2 of 3</strong></a>\n","uploadtime":1788406073,"views":"1","formatid":"gen9championsvgc2026regmbbo3","rating":null,"private":0,"password":null}