{"id":"gen9championsvgc2026regmb-2674963770","format":"[Gen 9 Champions] VGC 2026 Reg M-B","players":["lecher0","Void Percy"],"log":"|j|☆lecher0\n|j|☆Void Percy\n|t:|1788442693\n|gametype|doubles\n|player|p1|lecher0|interviewers|1307\n|player|p2|Void Percy|n|1394\n|gen|9\n|tier|[Gen 9 Champions] VGC 2026 Reg M-B\n|rated|\n|rule|Species Clause: Limit one of each Pokémon\n|rule|Item Clause: Limit 1 of each item\n|clearpoke\n|poke|p1|Charizard, L50, F, shiny|\n|poke|p1|Incineroar, L50, F, shiny|\n|poke|p1|Sylveon, L50, M, shiny|\n|poke|p1|Toxapex, L50, F, shiny|\n|poke|p1|Garchomp, L50, M, shiny|\n|poke|p1|Venusaur, L50, M, shiny|\n|poke|p2|Swampert, L50, M|\n|poke|p2|Incineroar, L50, M|\n|poke|p2|Sneasler, L50, M|\n|poke|p2|Ninetales-Alola, L50, F|\n|poke|p2|Dragonite, L50, F|\n|poke|p2|Gengar, L50, M|\n|teampreview|4\n|inactive|Battle timer is ON: inactive players will automatically lose when time's up. (requested by Void Percy)\n|inactive|lecher0 also wants the timer to be on.\n|inactive|lecher0 has 60 seconds left.\n|inactive|Void Percy has 60 seconds left.\n|inactive|lecher0 has 30 seconds left.\n|\n|t:|1788442757\n|teamsize|p1|4\n|teamsize|p2|4\n|start\n|switch|p1a: Charizard|Charizard, L50, F, shiny|100/100\n|switch|p1b: Sylveon|Sylveon, L50, M, shiny|100/100\n|switch|p2a: Gengar|Gengar, L50, M|100/100\n|switch|p2b: Dragonite|Dragonite, L50, F|100/100\n|turn|1\n|inactive|Void Percy has 30 seconds left.\n|inactive|lecher0 has 30 seconds left.\n|inactive|lecher0 has 20 seconds left.\n|\n|t:|1788442797\n|detailschange|p2a: Gengar|Gengar-Mega, L50, M\n|-mega|p2a: Gengar|Gengar|Gengarite\n|detailschange|p1a: Charizard|Charizard-Mega-Y, L50, F, shiny\n|-mega|p1a: Charizard|Charizard|Charizardite Y\n|-weather|SunnyDay|[from] ability: Drought|[of] p1a: Charizard\n|move|p2b: Dragonite|Extreme Speed|p1a: Charizard\n|-damage|p1a: Charizard|60/100\n|-damage|p2b: Dragonite|90/100|[from] item: Life Orb\n|move|p2a: Gengar|Sludge Bomb|p1a: Charizard\n|-damage|p1a: Charizard|11/100\n|-status|p1a: Charizard|psn\n|move|p1a: Charizard|Ancient Power|p2b: Dragonite\n|-supereffective|p2b: Dragonite|1\n|-damage|p2b: Dragonite|49/100\n|move|p1b: Sylveon|Hyper Voice|p2a: Gengar|[spread] p2a,p2b\n|-resisted|p2a: Gengar|1\n|-supereffective|p2b: Dragonite|1\n|-damage|p2a: Gengar|72/100\n|-damage|p2b: Dragonite|0 fnt\n|faint|p2b: Dragonite\n|\n|-weather|SunnyDay|[upkeep]\n|-damage|p1a: Charizard|0 fnt|[from] psn\n|faint|p1a: Charizard\n|upkeep\n|inactive|lecher0 has 30 seconds left.\n|\n|t:|1788442825\n|switch|p1a: Incineroar|Incineroar, L50, F, shiny|100/100\n|switch|p2b: Ninetales|Ninetales-Alola, L50, F|100/100\n|-weather|Snowscape|[from] ability: Snow Warning|[of] p2b: Ninetales\n|-ability|p1a: Incineroar|Intimidate|boost\n|-unboost|p2a: Gengar|atk|1\n|-unboost|p2b: Ninetales|atk|1\n|turn|2\n|\n|t:|1788442839\n|switch|p2b: Swampert|Swampert, L50, M|100/100\n|move|p2a: Gengar|Substitute|p2a: Gengar\n|-start|p2a: Gengar|Substitute\n|-damage|p2a: Gengar|48/100\n|move|p1a: Incineroar|Flare Blitz|p2b: Swampert\n|-resisted|p2b: Swampert|1\n|-damage|p2b: Swampert|76/100\n|-damage|p1a: Incineroar|92/100|[from] Recoil\n|move|p1b: Sylveon|Hyper Voice|p2a: Gengar|[spread] p2a,p2b\n|-resisted|p2a: Gengar|1\n|-damage|p2a: Gengar|23/100\n|-damage|p2b: Swampert|41/100\n|\n|-weather|Snowscape|[upkeep]\n|-heal|p2b: Swampert|47/100|[from] item: Leftovers\n|upkeep\n|turn|3\n|inactive|Void Percy has 30 seconds left.\n|inactive|Void Percy has 20 seconds left.\n|inactive|Void Percy has 15 seconds left.\n|\n|t:|1788442880\n|move|p1b: Sylveon|Protect|p1b: Sylveon\n|-singleturn|p1b: Sylveon|Protect\n|move|p2a: Gengar|Sludge Bomb|p1a: Incineroar\n|-damage|p1a: Incineroar|50/100y\n|-status|p1a: Incineroar|psn\n|-enditem|p1a: Incineroar|Sitrus Berry|[eat]\n|-heal|p1a: Incineroar|74/100 psn|[from] item: Sitrus Berry\n|move|p1a: Incineroar|Parting Shot|p2a: Gengar\n|-unboost|p2a: Gengar|atk|1\n|-unboost|p2a: Gengar|spa|1\n|\n|t:|1788442891\n|switch|p1a: Venusaur|Venusaur, L50, M, shiny|100/100|[from] Parting Shot\n|move|p2b: Swampert|Flip Turn|p1a: Venusaur\n|-resisted|p1a: Venusaur|1\n|-crit|p1a: Venusaur\n|-damage|p1a: Venusaur|75/100\n|\n|t:|1788442897\n|switch|p2b: Ninetales|Ninetales-Alola, L50, F|100/100|[from] Flip Turn\n|\n|-weather|Snowscape|[upkeep]\n|upkeep\n|turn|4\n|\n|t:|1788442908\n|move|p1b: Sylveon|Quick Attack|p2a: Gengar\n|-resisted|p2a: Gengar|1\n|-activate|p2a: Gengar|move: Substitute|[damage]\n|move|p2b: Ninetales|Blizzard|p1b: Sylveon|[spread] p1a,p1b\n|-supereffective|p1a: Venusaur|1\n|-damage|p1a: Venusaur|13/100\n|-damage|p1b: Sylveon|80/100\n|move|p2a: Gengar|Sludge Bomb|p1b: Sylveon\n|-supereffective|p1b: Sylveon|1\n|-damage|p1b: Sylveon|23/100\n|move|p1a: Venusaur|Sludge Bomb|p2b: Ninetales\n|-supereffective|p2b: Ninetales|1\n|-damage|p2b: Ninetales|0 fnt\n|faint|p2b: Ninetales\n|-damage|p1a: Venusaur|4/100|[from] item: Life Orb\n|\n|-weather|Snowscape|[upkeep]\n|upkeep\n|\n|t:|1788442921\n|switch|p2b: Swampert|Swampert, L50, M|47/100\n|turn|5\n|inactive|lecher0 has 30 seconds left.\n|\n|t:|1788442956\n|move|p2b: Swampert|Protect|p2b: Swampert\n|-singleturn|p2b: Swampert|Protect\n|move|p1b: Sylveon|Quick Attack|p2a: Gengar\n|-resisted|p2a: Gengar|1\n|-activate|p2a: Gengar|move: Substitute|[damage]\n|move|p2a: Gengar|Sludge Bomb|p1b: Sylveon\n|-supereffective|p1b: Sylveon|1\n|-damage|p1b: Sylveon|0 fnt\n|faint|p1b: Sylveon\n|move|p1a: Venusaur|Leaf Storm|p2b: Swampert\n|-activate|p2b: Swampert|move: Protect\n|\n|-weather|Snowscape|[upkeep]\n|-heal|p2b: Swampert|53/100|[from] item: Leftovers\n|upkeep\n|\n|t:|1788442971\n|switch|p1b: Incineroar|Incineroar, L50, F, shiny|74/100 psn\n|-ability|p1b: Incineroar|Intimidate|boost\n|-immune|p2a: Gengar\n|-unboost|p2b: Swampert|atk|1\n|turn|6\n|\n|t:|1788442992\n|move|p1a: Venusaur|Protect|p1a: Venusaur\n|-singleturn|p1a: Venusaur|Protect\n|move|p2a: Gengar|Sludge Bomb|p1a: Venusaur\n|-activate|p1a: Venusaur|move: Protect\n|move|p1b: Incineroar|Parting Shot|p2a: Gengar\n|-unboost|p2a: Gengar|atk|1\n|-unboost|p2a: Gengar|spa|1\n|move|p2b: Swampert|High Horsepower|p1b: Incineroar\n|-supereffective|p1b: Incineroar|1\n|-crit|p1b: Incineroar\n|-damage|p1b: Incineroar|0 fnt\n|faint|p1b: Incineroar\n|\n|-weather|none\n|-heal|p2b: Swampert|58/100|[from] item: Leftovers\n|upkeep\n|turn|7\n|c|☆Void Percy|Gg\n|\n|t:|1788443010\n|move|p2b: Swampert|Protect|p2b: Swampert\n|-singleturn|p2b: Swampert|Protect\n|move|p2a: Gengar|Sludge Bomb|p1a: Venusaur\n|-damage|p1a: Venusaur|0 fnt\n|faint|p1a: Venusaur\n|\n|win|Void Percy\n|raw|lecher0's rating: 1307 &rarr; <strong>1292</strong><br />(-15 for losing)\n|raw|Void Percy's rating: 1394 &rarr; <strong>1409</strong><br />(+15 for winning)\n","uploadtime":1788443019,"views":"1","formatid":"gen9championsvgc2026regmb","rating":1292,"private":0,"password":null}