{"id":"gen9championsvgc2026regmb-2674963333","format":"[Gen 9 Champions] VGC 2026 Reg M-B","players":["yanpoke5566","suspectAmogus"],"log":"|j|☆yanpoke5566\n|j|☆suspectAmogus\n|t:|1788442633\n|gametype|doubles\n|player|p1|yanpoke5566|volkner|1130\n|player|p2|suspectAmogus|unknown|1126\n|gen|9\n|tier|[Gen 9 Champions] VGC 2026 Reg M-B\n|rated|\n|rule|Species Clause: Limit one of each Pokémon\n|rule|Item Clause: Limit 1 of each item\n|clearpoke\n|poke|p1|Delphox, L50, M|\n|poke|p1|Blastoise, L50, M|\n|poke|p1|Incineroar, L50, M|\n|poke|p1|Kingambit, L50, M|\n|poke|p1|Sinistcha, L50|\n|poke|p1|Sneasler, L50, M|\n|poke|p2|Snorlax, L50, M|\n|poke|p2|Zoroark-Hisui, L50, F, shiny|\n|poke|p2|Sceptile, L50, M|\n|poke|p2|Rotom-Frost, L50, shiny|\n|poke|p2|Gyarados, L50, M, shiny|\n|poke|p2|Milotic, L50, F, shiny|\n|teampreview|4\n|\n|t:|1788442692\n|teamsize|p1|4\n|teamsize|p2|4\n|start\n|switch|p1a: Sneasler|Sneasler, L50, M|100/100\n|switch|p1b: Delphox|Delphox, L50, M|100/100\n|switch|p2a: Sceptile|Sceptile, L50, M|100/100\n|switch|p2b: Gyarados|Gyarados, L50, M, shiny|100/100\n|-ability|p2b: Gyarados|Intimidate|boost\n|-unboost|p1a: Sneasler|atk|1\n|-unboost|p1b: Delphox|atk|1\n|turn|1\n|\n|t:|1788442712\n|detailschange|p1b: Delphox|Delphox-Mega, L50, M\n|-mega|p1b: Delphox|Delphox|Delphoxite\n|detailschange|p2b: Gyarados|Gyarados-Mega, L50, M, shiny\n|-mega|p2b: Gyarados|Gyarados|Gyaradosite\n|-ability|p2b: Gyarados|Mold Breaker\n|move|p1a: Sneasler|Fake Out|p2b: Gyarados\n|-damage|p2b: Gyarados|92/100\n|move|p1b: Delphox|Nasty Plot|p1b: Delphox\n|-boost|p1b: Delphox|spa|2\n|move|p2a: Sceptile|Psychic|p1a: Sneasler\n|-supereffective|p1a: Sneasler|2\n|-enditem|p1a: Sneasler|Focus Sash\n|-damage|p1a: Sneasler|1/100\n|cant|p2b: Gyarados|flinch\n|\n|upkeep\n|turn|2\n|\n|t:|1788442736\n|switch|p1a: Sinistcha|Sinistcha, L50|100/100\n|move|p1b: Delphox|Protect|p1b: Delphox\n|-singleturn|p1b: Delphox|Protect\n|move|p2b: Gyarados|Protect|p2b: Gyarados\n|-singleturn|p2b: Gyarados|Protect\n|move|p2a: Sceptile|Bitter Malice|p1b: Delphox\n|-activate|p1b: Delphox|move: Protect\n|\n|upkeep\n|turn|3\n|\n|t:|1788442762\n|move|p1a: Sinistcha|Rage Powder|p1a: Sinistcha\n|-singleturn|p1a: Sinistcha|move: Rage Powder\n|move|p1b: Delphox|Heat Wave|p2b: Gyarados|[spread] p2a,p2b\n|-crit|p2a: Sceptile\n|-resisted|p2b: Gyarados|1\n|-enditem|p2a: Sceptile|Focus Sash\n|-damage|p2a: Sceptile|1/100\n|-damage|p2b: Gyarados|55/100\n|replace|p2a: Zoroark|Zoroark-Hisui, L50, F, shiny\n|-end|p2a: Zoroark|Illusion\n|move|p2a: Zoroark|Bitter Malice|p1a: Sinistcha\n|-supereffective|p1a: Sinistcha|1\n|-damage|p1a: Sinistcha|0 fnt\n|faint|p1a: Sinistcha\n|move|p2b: Gyarados|Crunch|p1b: Delphox\n|-supereffective|p1b: Delphox|1\n|-damage|p1b: Delphox|0 fnt\n|faint|p1b: Delphox\n|\n|upkeep\n|\n|t:|1788442776\n|switch|p1b: Sneasler|Sneasler, L50, M|1/100\n|switch|p1a: Kingambit|Kingambit, L50, M|100/100\n|turn|4\n|\n|t:|1788442810\n|move|p1a: Kingambit|Sucker Punch||[still]\n|-fail|p1a: Kingambit\n|move|p1b: Sneasler|Close Combat|p2b: Gyarados\n|-supereffective|p2b: Gyarados|1\n|-damage|p2b: Gyarados|0 fnt\n|-unboost|p1b: Sneasler|def|1\n|-unboost|p1b: Sneasler|spd|1\n|faint|p2b: Gyarados\n|move|p2a: Zoroark|Will-O-Wisp|p1a: Kingambit\n|-status|p1a: Kingambit|brn\n|\n|-damage|p1a: Kingambit|94/100 brn|[from] brn\n|upkeep\n|\n|t:|1788442827\n|switch|p2b: Rotom|Rotom-Frost, L50, shiny|100/100\n|turn|5\n|\n|t:|1788442864\n|switch|p2b: Sceptile|Sceptile, L50, M|100/100\n|move|p1b: Sneasler|Close Combat|p2b: Sceptile\n|-damage|p2b: Sceptile|2/100\n|-unboost|p1b: Sneasler|def|1\n|-unboost|p1b: Sneasler|spd|1\n|move|p2a: Zoroark|Will-O-Wisp|p1b: Sneasler\n|-status|p1b: Sneasler|brn\n|move|p1a: Kingambit|Swords Dance|p1a: Kingambit\n|-boost|p1a: Kingambit|atk|2\n|\n|-damage|p1b: Sneasler|0 fnt|[from] brn\n|faint|p1b: Sneasler\n|-damage|p1a: Kingambit|88/100 brn|[from] brn\n|upkeep\n|turn|6\n|\n|t:|1788442889\n|move|p1a: Kingambit|Sucker Punch|p2b: Sceptile\n|-damage|p2b: Sceptile|0 fnt\n|faint|p2b: Sceptile\n|-damage|p1a: Kingambit|78/100 brn|[from] item: Life Orb\n|move|p2a: Zoroark|Bitter Malice|p1a: Kingambit\n|-resisted|p1a: Kingambit|1\n|-damage|p1a: Kingambit|57/100 brn\n|-unboost|p1a: Kingambit|atk|1\n|-ability|p1a: Kingambit|Defiant|boost\n|-boost|p1a: Kingambit|atk|2\n|\n|-damage|p1a: Kingambit|51/100 brn|[from] brn\n|upkeep\n|\n|t:|1788442923\n|switch|p2b: Rotom|Rotom-Frost, L50, shiny|100/100\n|turn|7\n|\n|t:|1788442945\n|move|p2b: Rotom|Discharge|p1a: Kingambit|[spread] p2a,p1a\n|-damage|p2a: Zoroark|0 fnt\n|-damage|p1a: Kingambit|27/100 brn\n|faint|p2a: Zoroark\n|move|p1a: Kingambit|Swords Dance|p1a: Kingambit\n|-boost|p1a: Kingambit|atk|2\n|\n|-damage|p1a: Kingambit|21/100 brn|[from] brn\n|upkeep\n|turn|8\n|\n|t:|1788442953\n|move|p1a: Kingambit|Sucker Punch|p2b: Rotom\n|-damage|p2b: Rotom|0 fnt\n|faint|p2b: Rotom\n|-damage|p1a: Kingambit|12/100 brn|[from] item: Life Orb\n|\n|win|yanpoke5566\n|raw|yanpoke5566's rating: 1130 &rarr; <strong>1155</strong><br />(+25 for winning)\n|raw|suspectAmogus's rating: 1126 &rarr; <strong>1101</strong><br />(-25 for losing)\n","uploadtime":1788442955,"views":"5","formatid":"gen9championsvgc2026regmb","rating":1101,"private":0,"password":null}