{"id":"gen9championsvgc2026regmb-2674990849","format":"[Gen 9 Champions] VGC 2026 Reg M-B","players":["supergrokmax999","maxmega15"],"log":"|j|☆supergrokmax999\n|j|☆maxmega15\n|t:|1788446064\n|gametype|doubles\n|player|p1|supergrokmax999|1|1052\n|player|p2|maxmega15|marlon|1076\n|gen|9\n|tier|[Gen 9 Champions] VGC 2026 Reg M-B\n|rated|\n|rule|Species Clause: Limit one of each Pokémon\n|rule|Item Clause: Limit 1 of each item\n|clearpoke\n|poke|p1|Milotic, L50, M|\n|poke|p1|Staraptor, L50, M|\n|poke|p1|Excadrill, L50, M|\n|poke|p1|Gholdengo, L50|\n|poke|p1|Sinistcha, L50|\n|poke|p1|Tyranitar, L50, M|\n|poke|p2|Slowbro-Galar, L50, M|\n|poke|p2|Meowstic, L50, M|\n|poke|p2|Lucario, L50, F|\n|poke|p2|Starmie, L50|\n|poke|p2|Annihilape, L50, F|\n|poke|p2|Maushold-Four, L50|\n|teampreview|4\n|inactive|Battle timer is ON: inactive players will automatically lose when time's up. (requested by supergrokmax999)\nsupergrokmax999 has agreed to open team sheets.\n|\n|t:|1788446083\n|teamsize|p1|4\n|teamsize|p2|4\n|start\n|switch|p1a: Staraptor|Staraptor, L50, M|100/100\n|switch|p1b: Tyranitar|Tyranitar, L50, M|100/100\n|switch|p2a: Annihilape|Annihilape, L50, F|100/100\n|switch|p2b: Maushold|Maushold-Four, L50|100/100\n|-ability|p1a: Staraptor|Intimidate|boost\n|-fail|p2a: Annihilape|unboost|atk|[from] ability: Inner Focus|[of] p2a: Annihilape\n|-unboost|p2b: Maushold|atk|1\n|-weather|Sandstorm|[from] ability: Sand Stream|[of] p1b: Tyranitar\n|turn|1\n|\n|t:|1788446088\n|detailschange|p1a: Staraptor|Staraptor-Mega, L50, M\n|-mega|p1a: Staraptor|Staraptor|Staraptite\n|move|p2b: Maushold|Follow Me|p2b: Maushold\n|-singleturn|p2b: Maushold|move: Follow Me\n|move|p1a: Staraptor|Tailwind|p1a: Staraptor\n|-sidestart|p1: supergrokmax999|move: Tailwind\n|move|p1b: Tyranitar|Rock Slide|p2a: Annihilape|[spread] p2a\n|-miss|p1b: Tyranitar|p2b: Maushold\n|-resisted|p2a: Annihilape|1\n|-damage|p2a: Annihilape|88/100\n|move|p2a: Annihilape|Bulk Up|p2a: Annihilape\n|-boost|p2a: Annihilape|atk|1\n|-boost|p2a: Annihilape|def|1\n|\n|-weather|Sandstorm|[upkeep]\n|-damage|p1a: Staraptor|93/100|[from] Sandstorm\n|-damage|p2b: Maushold|94/100|[from] Sandstorm\n|-damage|p2a: Annihilape|82/100|[from] Sandstorm\n|upkeep\n|turn|2\n|\n|t:|1788446103\n|move|p2b: Maushold|Follow Me|p2b: Maushold\n|-singleturn|p2b: Maushold|move: Follow Me\n|move|p1a: Staraptor|Brave Bird|p2b: Maushold\n|-damage|p2b: Maushold|0 fnt\n|faint|p2b: Maushold\n|-damage|p1a: Staraptor|64/100|[from] Recoil\n|move|p1b: Tyranitar|Rock Slide|p2a: Annihilape\n|-resisted|p2a: Annihilape|1\n|-damage|p2a: Annihilape|68/100\n|move|p2a: Annihilape|Drain Punch|p1b: Tyranitar\n|-supereffective|p1b: Tyranitar|2\n|-damage|p1b: Tyranitar|0 fnt\n|-heal|p2a: Annihilape|100/100|[from] drain|[of] p1b: Tyranitar\n|faint|p1b: Tyranitar\n|\n|-weather|Sandstorm|[upkeep]\n|-damage|p1a: Staraptor|58/100|[from] Sandstorm\n|-damage|p2a: Annihilape|94/100|[from] Sandstorm\n|upkeep\n|\n|t:|1788446115\n|switch|p2b: Lucario|Lucario, L50, F|100/100\n|switch|p1b: Milotic|Milotic, L50, M|100/100\n|turn|3\n|inactive|maxmega15 has 30 seconds left.\n|inactive|maxmega15 has 20 seconds left.\n|\n|t:|1788446151\n|detailschange|p2b: Lucario|Lucario-Mega, L50, F\n|-mega|p2b: Lucario|Lucario|Lucarionite\n|move|p1a: Staraptor|Brave Bird|p2a: Annihilape\n|-supereffective|p2a: Annihilape|1\n|-damage|p2a: Annihilape|12/100\n|-enditem|p2a: Annihilape|Sitrus Berry|[eat]\n|-heal|p2a: Annihilape|37/100|[from] item: Sitrus Berry\n|-damage|p1a: Staraptor|22/100|[from] Recoil\n|move|p1b: Milotic|Scald|p2a: Annihilape\n|-damage|p2a: Annihilape|11/100\n|-status|p2a: Annihilape|brn\n|move|p2b: Lucario|Poison Jab|p1a: Staraptor\n|-damage|p1a: Staraptor|0 fnt\n|faint|p1a: Staraptor\n|move|p2a: Annihilape|Bulk Up|p2a: Annihilape\n|-boost|p2a: Annihilape|atk|1\n|-boost|p2a: Annihilape|def|1\n|\n|-weather|Sandstorm|[upkeep]\n|-damage|p1b: Milotic|94/100|[from] Sandstorm\n|-damage|p2a: Annihilape|5/100 brn|[from] Sandstorm\n|-damage|p2a: Annihilape|0 fnt|[from] brn\n|faint|p2a: Annihilape\n|upkeep\n|\n|t:|1788446166\n|switch|p1a: Excadrill|Excadrill, L50, M|100/100\n|switch|p2a: Starmie|Starmie, L50|100/100\n|turn|4\n|inactive|maxmega15 has 30 seconds left.\n|\n|t:|1788446199\n|move|p1a: Excadrill|High Horsepower|p2a: Starmie\n|-damage|p2a: Starmie|29/100\n|move|p1b: Milotic|Scald|p2a: Starmie\n|-resisted|p2a: Starmie|1\n|-damage|p2a: Starmie|7/100\n|move|p2a: Starmie|Zen Headbutt|p1b: Milotic\n|-damage|p1b: Milotic|71/100\n|move|p2b: Lucario|Close Combat|p1a: Excadrill\n|-supereffective|p1a: Excadrill|1\n|-enditem|p1a: Excadrill|Focus Sash\n|-damage|p1a: Excadrill|1/100\n|-unboost|p2b: Lucario|def|1\n|-unboost|p2b: Lucario|spd|1\n|\n|-weather|Sandstorm|[upkeep]\n|-damage|p1b: Milotic|65/100|[from] Sandstorm\n|-damage|p2a: Starmie|1/100|[from] Sandstorm\n|-sideend|p1: supergrokmax999|move: Tailwind\n|upkeep\n|turn|5\n|\n|t:|1788446219\n|move|p1a: Excadrill|High Horsepower|p2a: Starmie\n|-damage|p2a: Starmie|0 fnt\n|faint|p2a: Starmie\n|move|p2b: Lucario|Close Combat|p1b: Milotic\n|-damage|p1b: Milotic|0 fnt\n|-unboost|p2b: Lucario|def|1\n|-unboost|p2b: Lucario|spd|1\n|faint|p1b: Milotic\n|\n|-weather|none\n|upkeep\n|turn|6\n|\n|t:|1788446225\n|move|p2b: Lucario|Meteor Mash|p1a: Excadrill\n|-resisted|p1a: Excadrill|1\n|-damage|p1a: Excadrill|0 fnt\n|-boost|p2b: Lucario|atk|1\n|faint|p1a: Excadrill\n|\n|win|maxmega15\n|raw|supergrokmax999's rating: 1052 &rarr; <strong>1035</strong><br />(-17 for losing)\n|raw|maxmega15's rating: 1076 &rarr; <strong>1103</strong><br />(+27 for winning)\n|l|☆supergrokmax999\n|player|p1|\n|c|☆maxmega15|gg\n","uploadtime":1788446248,"views":"4","formatid":"gen9championsvgc2026regmb","rating":1035,"private":0,"password":null}