{"id":"gen9championsvgc2026regmb-2673934702","format":"[Gen 9 Champions] VGC 2026 Reg M-B","players":["Fennel_Strawborzoi","Pyrez57"],"log":"|j|☆Fennel_Strawborzoi\n|j|☆Pyrez57\n|t:|1788279004\n|gametype|doubles\n|player|p1|Fennel_Strawborzoi|cynthia-gen4|1421\n|player|p2|Pyrez57|adaman|1453\n|gen|9\n|tier|[Gen 9 Champions] VGC 2026 Reg M-B\n|rated|\n|rule|Species Clause: Limit one of each Pokémon\n|rule|Item Clause: Limit 1 of each item\n|clearpoke\n|poke|p1|Kingambit, L50, F|\n|poke|p1|Whimsicott, L50, F|\n|poke|p1|Basculegion, L50, M|\n|poke|p1|Staraptor, L50, F|\n|poke|p1|Kleavor, L50, F|\n|poke|p1|Maushold-Four, L50|\n|poke|p2|Tyranitar, L50, M, shiny|\n|poke|p2|Grimmsnarl, L50, M|\n|poke|p2|Dragapult, L50, F, shiny|\n|poke|p2|Gholdengo, L50|\n|poke|p2|Corviknight, L50, M|\n|poke|p2|Venusaur, L50, F, shiny|\n|teampreview|4\n|inactive|Battle timer is ON: inactive players will automatically lose when time's up. (requested by Pyrez57)\n|inactive|Fennel_Strawborzoi has 60 seconds left.\n|\n|t:|1788279127\n|teamsize|p1|4\n|teamsize|p2|4\n|start\n|switch|p1a: Kingambit|Kingambit, L50, F|100/100\n|switch|p1b: Whimsicott|Whimsicott, L50, F|100/100\n|switch|p2a: F-16 Falcon|Dragapult, L50, F, shiny|100/100\n|switch|p2b: Eustas Birdd|Corviknight, L50, M|100/100\n|turn|1\n|inactive|Fennel_Strawborzoi has 30 seconds left.\n|inactive|Pyrez57 has 30 seconds left.\n|inactive|Fennel_Strawborzoi has 20 seconds left.\n|inactive|Pyrez57 has 20 seconds left.\n|inactive|Fennel_Strawborzoi has 15 seconds left.\n|inactive|Pyrez57 has 15 seconds left.\n|\n|t:|1788279172\n|move|p1b: Whimsicott|Tailwind|p1b: Whimsicott\n|-sidestart|p1: Fennel_Strawborzoi|move: Tailwind\n|move|p2a: F-16 Falcon|Fire Blast|p1a: Kingambit\n|-supereffective|p1a: Kingambit|1\n|-damage|p1a: Kingambit|33/100\n|move|p1a: Kingambit|Kowtow Cleave|p2a: F-16 Falcon\n|-supereffective|p2a: F-16 Falcon|1\n|-enditem|p2a: F-16 Falcon|Focus Sash\n|-damage|p2a: F-16 Falcon|1/100\n|-damage|p1a: Kingambit|23/100|[from] item: Life Orb\n|move|p2b: Eustas Birdd|Body Press|p1a: Kingambit\n|-supereffective|p1a: Kingambit|2\n|-damage|p1a: Kingambit|0 fnt\n|faint|p1a: Kingambit\n|\n|upkeep\n|inactive|Fennel_Strawborzoi has 30 seconds left.\n|inactive|Fennel_Strawborzoi has 20 seconds left.\n|inactive|Fennel_Strawborzoi has 15 seconds left.\n|inactive|Fennel_Strawborzoi has 10 seconds left.\n|\n|t:|1788279217\n|switch|p1a: Basculegion|Basculegion, L50, M|100/100\n|turn|2\n|inactive|Pyrez57 has 30 seconds left.\n|\n|t:|1788279249\n|switch|p2a: Gojira|Tyranitar, L50, M, shiny|100/100\n|-weather|Sandstorm|[from] ability: Sand Stream|[of] p2a: Gojira\n|move|p1a: Basculegion|Wave Crash|p2b: Eustas Birdd\n|-damage|p2b: Eustas Birdd|47/100\n|-damage|p1a: Basculegion|81/100|[from] Recoil\n|move|p1b: Whimsicott|Moonblast|p2a: Gojira\n|-supereffective|p2a: Gojira|1\n|-damage|p2a: Gojira|75/100\n|move|p2b: Eustas Birdd|Brave Bird|p1b: Whimsicott\n|-supereffective|p1b: Whimsicott|1\n|-damage|p1b: Whimsicott|6/100\n|-damage|p2b: Eustas Birdd|22/100|[from] Recoil\n|\n|-weather|Sandstorm|[upkeep]\n|-damage|p1a: Basculegion|75/100|[from] Sandstorm\n|-damage|p1b: Whimsicott|1/100|[from] Sandstorm\n|-heal|p2b: Eustas Birdd|28/100|[from] item: Leftovers\n|upkeep\n|turn|3\n|inactive|Fennel_Strawborzoi has 30 seconds left.\n|\n|t:|1788279276\n|switch|p1b: Staraptor|Staraptor, L50, F|100/100\n|-ability|p1b: Staraptor|Intimidate|boost\n|-unboost|p2a: Gojira|atk|1\n|-ability|p2b: Eustas Birdd|Mirror Armor\n|-unboost|p1b: Staraptor|atk|1\n|detailschange|p2a: Gojira|Tyranitar-Mega, L50, M, shiny\n|-mega|p2a: Gojira|Tyranitar|Tyranitarite\n|move|p2a: Gojira|Protect|p2a: Gojira\n|-singleturn|p2a: Gojira|Protect\n|move|p2b: Eustas Birdd|Protect|p2b: Eustas Birdd\n|-singleturn|p2b: Eustas Birdd|Protect\n|move|p1a: Basculegion|Wave Crash|p2a: Gojira\n|-activate|p2a: Gojira|move: Protect\n|\n|-weather|Sandstorm|[upkeep]\n|-damage|p1a: Basculegion|69/100|[from] Sandstorm\n|-damage|p1b: Staraptor|93/100|[from] Sandstorm\n|-heal|p2b: Eustas Birdd|34/100|[from] item: Leftovers\n|upkeep\n|turn|4\n|inactive|Pyrez57 has 30 seconds left.\n|inactive|Pyrez57 has 20 seconds left.\n|inactive|Pyrez57 has 15 seconds left.\n|inactive|Pyrez57 has 10 seconds left.\n|inactive|Pyrez57 has 5 seconds left.\n|\n|t:|1788279331\n|detailschange|p1b: Staraptor|Staraptor-Mega, L50, F\n|-mega|p1b: Staraptor|Staraptor|Staraptite\n|move|p1a: Basculegion|Wave Crash|p2a: Gojira\n|-supereffective|p2a: Gojira|1\n|-damage|p2a: Gojira|0 fnt\n|faint|p2a: Gojira\n|-damage|p1a: Basculegion|43/100|[from] Recoil\n|move|p1b: Staraptor|Close Combat|p2b: Eustas Birdd\n|-damage|p2b: Eustas Birdd|7/100\n|-boost|p1b: Staraptor|def|1\n|-boost|p1b: Staraptor|spd|1\n|move|p2b: Eustas Birdd|Brave Bird|p1b: Staraptor\n|-supereffective|p1b: Staraptor|1\n|-damage|p1b: Staraptor|42/100\n|-damage|p2b: Eustas Birdd|0 fnt|[from] Recoil\n|faint|p2b: Eustas Birdd\n|\n|-weather|Sandstorm|[upkeep]\n|-damage|p1a: Basculegion|37/100|[from] Sandstorm\n|-damage|p1b: Staraptor|36/100|[from] Sandstorm\n|-sideend|p1: Fennel_Strawborzoi|move: Tailwind\n|upkeep\n|l|☆Pyrez57\n|inactive|Pyrez57 disconnected and has a minute to reconnect!\n|player|p2|\n|inactive|Pyrez57 has 30 seconds left.\n|inactive|Pyrez57 has 20 seconds left.\n|j|☆Pyrez57\n|inactive|Pyrez57 reconnected and has 20 seconds left.\n|player|p2|Pyrez57|adaman|\n|inactive|Pyrez57 has 15 seconds left.\n|inactive|Pyrez57 has 10 seconds left.\n|\n|t:|1788279377\n|switch|p2a: Shakabrah|Gholdengo, L50|100/100\n|switch|p2b: F-16 Falcon|Dragapult, L50, F, shiny|1/100\n|turn|5\n|inactive|Pyrez57 has 30 seconds left.\n|inactive|Pyrez57 has 20 seconds left.\n|inactive|Pyrez57 has 15 seconds left.\n|inactive|Pyrez57 has 10 seconds left.\n|\n|t:|1788279424\n|move|p1a: Basculegion|Wave Crash|p2b: F-16 Falcon\n|-resisted|p2b: F-16 Falcon|1\n|-damage|p2b: F-16 Falcon|0 fnt\n|faint|p2b: F-16 Falcon\n|-damage|p1a: Basculegion|36/100|[from] Recoil\n|move|p1b: Staraptor|Roost|p1b: Staraptor\n|-heal|p1b: Staraptor|86/100\n|-singleturn|p1b: Staraptor|move: Roost\n|move|p2a: Shakabrah|Shadow Ball|p1a: Basculegion\n|-supereffective|p1a: Basculegion|1\n|-damage|p1a: Basculegion|0 fnt\n|faint|p1a: Basculegion\n|\n|-weather|Sandstorm|[upkeep]\n|-damage|p1b: Staraptor|80/100|[from] Sandstorm\n|upkeep\n|\n|t:|1788279433\n|switch|p1a: Whimsicott|Whimsicott, L50, F|1/100\n|turn|6\n|\n|t:|1788279451\n|move|p1a: Whimsicott|Tickle|p1b: Staraptor\n|-boost|p1b: Staraptor|atk|1\n|-boost|p1b: Staraptor|def|1\n|move|p1b: Staraptor|Close Combat|p1a: Whimsicott\n|-resisted|p1a: Whimsicott|1\n|-damage|p1a: Whimsicott|0 fnt\n|-boost|p1b: Staraptor|def|1\n|-boost|p1b: Staraptor|spd|1\n|faint|p1a: Whimsicott\n|move|p2a: Shakabrah|Flash Cannon|p1b: Staraptor\n|-damage|p1b: Staraptor|56/100\n|\n|-weather|none\n|upkeep\n|turn|7\n|\n|t:|1788279463\n|move|p1b: Staraptor|Dual Wingbeat|p2a: Shakabrah\n|-resisted|p2a: Shakabrah|1\n|-damage|p2a: Shakabrah|90/100\n|-resisted|p2a: Shakabrah|1\n|-damage|p2a: Shakabrah|80/100\n|-hitcount|p2a: Shakabrah|2\n|move|p2a: Shakabrah|Thunderbolt|p1b: Staraptor\n|-supereffective|p1b: Staraptor|1\n|-damage|p1b: Staraptor|17/100\n|\n|upkeep\n|turn|8\n|\n|t:|1788279477\n|move|p1b: Staraptor|Roost|p1b: Staraptor\n|-heal|p1b: Staraptor|67/100\n|-singleturn|p1b: Staraptor|move: Roost\n|move|p2a: Shakabrah|Flash Cannon|p1b: Staraptor\n|-damage|p1b: Staraptor|42/100\n|\n|upkeep\n|turn|9\n|\n|t:|1788279485\n|move|p1b: Staraptor|Roost|p1b: Staraptor\n|-heal|p1b: Staraptor|92/100\n|-singleturn|p1b: Staraptor|move: Roost\n|move|p2a: Shakabrah|Flash Cannon|p1b: Staraptor\n|-damage|p1b: Staraptor|70/100\n|-boost|p1b: Staraptor|spd|1\n|\n|upkeep\n|turn|10\n|\n|t:|1788279490\n|move|p1b: Staraptor|Dual Wingbeat|p2a: Shakabrah\n|-resisted|p2a: Shakabrah|1\n|-damage|p2a: Shakabrah|72/100\n|-resisted|p2a: Shakabrah|1\n|-damage|p2a: Shakabrah|63/100\n|-hitcount|p2a: Shakabrah|2\n|move|p2a: Shakabrah|Flash Cannon|p1b: Staraptor\n|-damage|p1b: Staraptor|53/100\n|\n|upkeep\n|turn|11\n|\n|t:|1788279503\n|move|p1b: Staraptor|Dual Wingbeat|p2a: Shakabrah\n|-resisted|p2a: Shakabrah|1\n|-damage|p2a: Shakabrah|55/100\n|-resisted|p2a: Shakabrah|1\n|-damage|p2a: Shakabrah|46/100\n|-hitcount|p2a: Shakabrah|2\n|move|p2a: Shakabrah|Thunderbolt|p1b: Staraptor\n|-supereffective|p1b: Staraptor|1\n|-damage|p1b: Staraptor|25/100\n|\n|upkeep\n|turn|12\n|\n|t:|1788279512\n|move|p1b: Staraptor|Roost|p1b: Staraptor\n|-heal|p1b: Staraptor|75/100\n|-singleturn|p1b: Staraptor|move: Roost\n|move|p2a: Shakabrah|Thunderbolt|p1b: Staraptor\n|-damage|p1b: Staraptor|61/100\n|\n|upkeep\n|turn|13\n|inactive|Fennel_Strawborzoi has 30 seconds left.\n|inactive|Fennel_Strawborzoi has 20 seconds left.\n|\n|t:|1788279552\n|move|p1b: Staraptor|Dual Wingbeat|p2a: Shakabrah\n|-resisted|p2a: Shakabrah|1\n|-damage|p2a: Shakabrah|37/100\n|-resisted|p2a: Shakabrah|1\n|-damage|p2a: Shakabrah|27/100\n|-hitcount|p2a: Shakabrah|2\n|move|p2a: Shakabrah|Thunderbolt|p1b: Staraptor\n|-supereffective|p1b: Staraptor|1\n|-damage|p1b: Staraptor|34/100\n|\n|upkeep\n|turn|14\n|\n|t:|1788279565\n|move|p1b: Staraptor|Roost|p1b: Staraptor\n|-heal|p1b: Staraptor|84/100\n|-singleturn|p1b: Staraptor|move: Roost\n|move|p2a: Shakabrah|Thunderbolt|p1b: Staraptor\n|-damage|p1b: Staraptor|69/100\n|\n|upkeep\n|turn|15\n|\n|t:|1788279575\n|move|p1b: Staraptor|Dual Wingbeat|p2a: Shakabrah\n|-resisted|p2a: Shakabrah|1\n|-damage|p2a: Shakabrah|18/100\n|-resisted|p2a: Shakabrah|1\n|-damage|p2a: Shakabrah|9/100\n|-hitcount|p2a: Shakabrah|2\n|move|p2a: Shakabrah|Thunderbolt|p1b: Staraptor\n|-supereffective|p1b: Staraptor|1\n|-damage|p1b: Staraptor|41/100\n|\n|upkeep\n|turn|16\n|\n|t:|1788279584\n|move|p1b: Staraptor|Dual Wingbeat|p2a: Shakabrah\n|-resisted|p2a: Shakabrah|1\n|-damage|p2a: Shakabrah|0 fnt\n|faint|p2a: Shakabrah\n|-hitcount|p2: Shakabrah|1\n|\n|win|Fennel_Strawborzoi\n|raw|Fennel_Strawborzoi's rating: 1421 &rarr; <strong>1443</strong><br />(+22 for winning)\n|raw|Pyrez57's rating: 1453 &rarr; <strong>1431</strong><br />(-22 for losing)\n|l|☆Pyrez57\n|player|p2|\n","uploadtime":1788279596,"views":"15","formatid":"gen9championsvgc2026regmb","rating":1431,"private":0,"password":null}