{"id":"gen9championsvgc2026regmbbo3-2674921123","format":"[Gen 9 Champions] VGC 2026 Reg M-B (Bo3)","players":["ZURUYO","goatdengo80"],"log":"|j|☆ZURUYO\n|j|☆goatdengo80\n|html|<table width=\"100%\"><tr><td align=\"left\">ZURUYO</td><td align=\"right\">goatdengo80</tr><tr><td align=\"left\"><i class=\"fa fa-circle\"></i> <i class=\"fa fa-circle-o\"></i> </td><td align=\"right\"><i class=\"fa fa-circle-o\"></i> <i class=\"fa fa-circle-o\"></i> </tr></table>\n|uhtml|bestof|<h2><strong>Game 2</strong> of <a href=\"/game-bestof3-gen9championsvgc2026regmbbo3-2674919836\">a best-of-3</a></h2>\n|t:|1788436241\n|gametype|doubles\n|player|p1|ZURUYO|roxie|1107\n|player|p2|goatdengo80|artist|1154\n|gen|9\n|tier|[Gen 9 Champions] VGC 2026 Reg M-B (Bo3)\n|rated|\n|rule|Species Clause: Limit one of each Pokémon\n|rule|Item Clause: Limit 1 of each item\n|clearpoke\n|poke|p1|Charizard, L50, F|\n|poke|p1|Whimsicott, L50, M|\n|poke|p1|Garchomp, L50, F|\n|poke|p1|Floette-Eternal, L50, F|\n|poke|p1|Basculegion, L50, M|\n|poke|p1|Kingambit, L50, F|\n|poke|p2|Scovillain, L50, M|\n|poke|p2|Basculegion, L50, M|\n|poke|p2|Garchomp, L50, M|\n|poke|p2|Sneasler, L50, M|\n|poke|p2|Dragonite, L50, F|\n|poke|p2|Kingambit, L50, F|\n|teampreview|4\n|showteam|p1|Charizard||CharizarditeY|Blaze|HeatWave,WeatherBall,AncientPower,Protect|Timid||F|||50|]Whimsicott||FocusSash|Prankster|Moonblast,Tailwind,Encore,Protect|Timid||M|||50|]Garchomp||SitrusBerry|RoughSkin|DragonClaw,Earthquake,RockSlide,Protect|Jolly||F|||50|]Floette-Eternal||Floettite|FlowerVeil|Moonblast,DazzlingGleam,LightofRuin,Protect|Modest||F|||50|]Basculegion||LifeOrb|Adaptability|WaveCrash,LastRespects,AquaJet,Protect|Adamant||M|||50|]Kingambit||OccaBerry|Defiant|KowtowCleave,SuckerPunch,IronHead,LowKick|Adamant||F|||50|\n|showteam|p2|Scovillain||Scovillainite|Chlorophyll|Overheat,GigaDrain,RagePowder,Protect|Modest||M|||50|]Basculegion||LifeOrb|Adaptability|WaveCrash,LastRespects,AquaJet,Protect|Adamant||M|||50|]Garchomp||ChoiceScarf|RoughSkin|Earthquake,DragonClaw,StompingTantrum,RockSlide|Adamant||M|||50|]Sneasler||WhiteHerb|Unburden|FakeOut,CloseCombat,DireClaw,Protect|Jolly||M|||50|]Dragonite||Dragoninite|InnerFocus|DragonPulse,Hurricane,ExtremeSpeed,HeatWave|Modest||F|||50|]Kingambit||FocusSash|Defiant|KowtowCleave,SuckerPunch,IronHead,Protect|Adamant||F|||50|\n|inactive|Battle timer is ON: inactive players will automatically lose when time's up. (requested by goatdengo80)\n|\n|t:|1788436323\n|teamsize|p1|4\n|teamsize|p2|4\n|start\n|switch|p1a: Floette|Floette-Eternal, L50, F|100/100\n|switch|p1b: Whimsicott|Whimsicott, L50, M|100/100\n|switch|p2a: Garchomp|Garchomp, L50, M|100/100\n|switch|p2b: Kingambit|Kingambit, L50, F|100/100\n|turn|1\n|\n|t:|1788436341\n|detailschange|p1a: Floette|Floette-Mega, L50, F\n|-mega|p1a: Floette|Floette|Floettite\n|-ability|p1a: Floette|Fairy Aura\n|move|p1a: Floette|Protect|p1a: Floette\n|-singleturn|p1a: Floette|Protect\n|move|p2a: Garchomp|Rock Slide|p1b: Whimsicott|[spread] \n|-activate|p1a: Floette|move: Protect\n|-miss|p2a: Garchomp|p1b: Whimsicott\n|move|p1b: Whimsicott|Moonblast|p2a: Garchomp\n|-supereffective|p2a: Garchomp|1\n|-damage|p2a: Garchomp|6/100\n|move|p2b: Kingambit|Iron Head|p1a: Floette\n|-activate|p1a: Floette|move: Protect\n|\n|upkeep\n|turn|2\n|\n|t:|1788436365\n|move|p1b: Whimsicott|Tailwind|p1b: Whimsicott\n|-sidestart|p1: ZURUYO|move: Tailwind\n|move|p1a: Floette|Light of Ruin|p2b: Kingambit\n|-enditem|p2b: Kingambit|Focus Sash\n|-damage|p2b: Kingambit|1/100\n|-damage|p1a: Floette|46/100|[from] Recoil\n|move|p2a: Garchomp|Rock Slide|p1b: Whimsicott|[spread] p1b\n|-miss|p2a: Garchomp|p1a: Floette\n|-damage|p1b: Whimsicott|65/100\n|move|p2b: Kingambit|Iron Head|p1a: Floette\n|-supereffective|p1a: Floette|1\n|-damage|p1a: Floette|0 fnt\n|faint|p1a: Floette\n|\n|upkeep\n|\n|t:|1788436381\n|switch|p1a: Garchomp|Garchomp, L50, F|100/100\n|turn|3\n|\n|t:|1788436390\n|move|p1b: Whimsicott|Protect|p1b: Whimsicott\n|-singleturn|p1b: Whimsicott|Protect\n|move|p2b: Kingambit|Sucker Punch|p1a: Garchomp\n|-damage|p1a: Garchomp|64/100\n|-damage|p2b: Kingambit|0 fnt|[from] ability: Rough Skin|[of] p1a: Garchomp\n|faint|p2b: Kingambit\n|move|p1a: Garchomp|Earthquake|p2a: Garchomp|[spread] p2a\n|-activate|p1b: Whimsicott|move: Protect\n|-damage|p2a: Garchomp|0 fnt\n|faint|p2a: Garchomp\n|\n|upkeep\n|\n|t:|1788436399\n|switch|p2a: Scovillain|Scovillain, L50, M|100/100\n|switch|p2b: Sneasler|Sneasler, L50, M|100/100\n|turn|4\n|\n|t:|1788436420\n|detailschange|p2a: Scovillain|Scovillain-Mega, L50, M\n|-mega|p2a: Scovillain|Scovillain|Scovillainite\n|move|p1a: Garchomp|Protect|p1a: Garchomp\n|-singleturn|p1a: Garchomp|Protect\n|move|p2b: Sneasler|Fake Out|p1a: Garchomp\n|-activate|p1a: Garchomp|move: Protect\n|move|p1b: Whimsicott|Moonblast|p2b: Sneasler\n|-crit|p2b: Sneasler\n|-damage|p2b: Sneasler|27/100\n|-unboost|p2b: Sneasler|spa|1\n|-enditem|p2b: Sneasler|White Herb\n|-clearnegativeboost|p2b: Sneasler|[silent]\n|move|p2a: Scovillain|Overheat|p1b: Whimsicott\n|-supereffective|p1b: Whimsicott|1\n|-damage|p1b: Whimsicott|0 fnt\n|-unboost|p2a: Scovillain|spa|2\n|faint|p1b: Whimsicott\n|\n|upkeep\n|\n|t:|1788436433\n|switch|p1b: Kingambit|Kingambit, L50, F|100/100\n|turn|5\n|\n|t:|1788436452\n|move|p2a: Scovillain|Rage Powder|p2a: Scovillain\n|-singleturn|p2a: Scovillain|move: Rage Powder\n|move|p2b: Sneasler|Close Combat|p1b: Kingambit\n|-supereffective|p1b: Kingambit|2\n|-damage|p1b: Kingambit|0 fnt\n|-unboost|p2b: Sneasler|def|1\n|-unboost|p2b: Sneasler|spd|1\n|faint|p1b: Kingambit\n|move|p1a: Garchomp|Earthquake|p2a: Scovillain|[spread] p2a,p2b\n|-crit|p2a: Scovillain\n|-supereffective|p2b: Sneasler|1\n|-damage|p2a: Scovillain|50/100g\n|-damage|p2b: Sneasler|0 fnt\n|-status|p1a: Garchomp|brn|[from] ability: Spicy Spray|[of] p2a: Scovillain\n|faint|p2b: Sneasler\n|\n|-damage|p1a: Garchomp|58/100 brn|[from] brn\n|-sideend|p1: ZURUYO|move: Tailwind\n|upkeep\n|turn|6\n|\n|t:|1788436472\n|move|p1a: Garchomp|Earthquake|p2a: Scovillain\n|-damage|p2a: Scovillain|31/100\n|move|p2a: Scovillain|Giga Drain|p1a: Garchomp\n|-damage|p1a: Garchomp|37/100 brn\n|-heal|p2a: Scovillain|44/100|[from] drain|[of] p1a: Garchomp\n|-enditem|p1a: Garchomp|Sitrus Berry|[eat]\n|-heal|p1a: Garchomp|62/100 brn|[from] item: Sitrus Berry\n|\n|-damage|p1a: Garchomp|56/100 brn|[from] brn\n|upkeep\n|turn|7\n|\n|t:|1788436481\n|move|p2a: Scovillain|Protect|p2a: Scovillain\n|-singleturn|p2a: Scovillain|Protect\n|move|p1a: Garchomp|Earthquake|p2a: Scovillain\n|-activate|p2a: Scovillain|move: Protect\n|\n|-damage|p1a: Garchomp|50/100g brn|[from] brn\n|upkeep\n|turn|8\n|\n|t:|1788436487\n|move|p1a: Garchomp|Earthquake|p2a: Scovillain\n|-damage|p2a: Scovillain|23/100\n|move|p2a: Scovillain|Giga Drain|p1a: Garchomp\n|-damage|p1a: Garchomp|31/100 brn\n|-heal|p2a: Scovillain|34/100|[from] drain|[of] p1a: Garchomp\n|\n|-damage|p1a: Garchomp|25/100 brn|[from] brn\n|upkeep\n|turn|9\n|\n|t:|1788436493\n|move|p2a: Scovillain|Protect|p2a: Scovillain\n|-singleturn|p2a: Scovillain|Protect\n|move|p1a: Garchomp|Rock Slide|p2a: Scovillain\n|-activate|p2a: Scovillain|move: Protect\n|\n|-damage|p1a: Garchomp|19/100 brn|[from] brn\n|upkeep\n|turn|10\n|\n|t:|1788436501\n|move|p1a: Garchomp|Rock Slide|p2a: Scovillain\n|-supereffective|p2a: Scovillain|1\n|-damage|p2a: Scovillain|13/100\n|move|p2a: Scovillain|Giga Drain|p1a: Garchomp\n|-damage|p1a: Garchomp|1/100 brn\n|-heal|p2a: Scovillain|25/100|[from] drain|[of] p1a: Garchomp\n|\n|-damage|p1a: Garchomp|0 fnt|[from] brn\n|faint|p1a: Garchomp\n|\n|win|goatdengo80\n||ZURUYO is ready for game 3.\n||goatdengo80 is ready for game 3.\n|uhtml|next|Next: <a href=\"/battle-gen9championsvgc2026regmbbo3-2674922686\"><strong>Game 3 of 3</strong></a>\n","uploadtime":1788436546,"views":"0","formatid":"gen9championsvgc2026regmbbo3","rating":null,"private":0,"password":null}