{"id":"gen9championsvgc2026regmbbo3-2673851533","format":"[Gen 9 Champions] VGC 2026 Reg M-B (Bo3)","players":["mxi50","humania1"],"log":"|j|☆mxi50\n|j|☆humania1\n|html|<table width=\"100%\"><tr><td align=\"left\">mxi50</td><td align=\"right\">humania1</tr><tr><td align=\"left\"><i class=\"fa fa-circle\"></i> <i class=\"fa fa-circle-o\"></i> </td><td align=\"right\"><i class=\"fa fa-circle-o\"></i> <i class=\"fa fa-circle-o\"></i> </tr></table>\n|uhtml|bestof|<h2><strong>Game 2</strong> of <a href=\"/game-bestof3-gen9championsvgc2026regmbbo3-2673850401\">a best-of-3</a></h2>\n|t:|1788268491\n|gametype|doubles\n|player|p1|mxi50|102|1172\n|player|p2|humania1|265|1043\n|gen|9\n|tier|[Gen 9 Champions] VGC 2026 Reg M-B (Bo3)\n|rated|\n|rule|Species Clause: Limit one of each Pokémon\n|rule|Item Clause: Limit 1 of each item\n|clearpoke\n|poke|p1|Dragonite, L50, F|\n|poke|p1|Swampert, L50, F|\n|poke|p1|Pelipper, L50, F|\n|poke|p1|Archaludon, L50, M|\n|poke|p1|Grimmsnarl, L50, M|\n|poke|p1|Scizor, L50, M|\n|poke|p2|Blastoise, L50, M|\n|poke|p2|Delphox, L50, F, shiny|\n|poke|p2|Incineroar, L50, F|\n|poke|p2|Sinistcha, L50|\n|poke|p2|Sneasler, L50, F|\n|poke|p2|Vivillon, L50, F|\n|teampreview|4\n|showteam|p1|Dragonite||Dragoninite|InnerFocus|Hurricane,HeatWave,DragonPulse,Protect|Modest||F|||50|]Swampert||Swampertite|Torrent|WaveCrash,EarthPower,IcePunch,Protect|Adamant||F|||50|]Pelipper||FocusSash|KeenEye|Tailwind,WeatherBall,Hurricane,WideGuard|Modest||F|||50|]Archaludon||Leftovers|Stamina|DragonPulse,FlashCannon,ElectroShot,Protect|Calm||M|||50|]Grimmsnarl||LightClay|Prankster|SpiritBreak,SuckerPunch,Reflect,LightScreen|Adamant||M|||50|]Scizor||LifeOrb|Technician|BulletPunch,BugBite,Trailblaze,Protect|Adamant||M|||50|\n|showteam|p2|Blastoise||Blastoisinite|Torrent|Protect,ShellSmash,WaterSpout,DarkPulse|Modest||M|||50|]Delphox||Delphoxite|Blaze|Protect,HeatWave,Psyshock,NastyPlot|Timid||F|||50|]Incineroar||PasshoBerry|Intimidate|FakeOut,PartingShot,FlareBlitz,ThroatChop|Impish||F|||50|]Sinistcha||SitrusBerry|Hospitality|Protect,MatchaGotcha,TrickRoom,RagePowder|Bold|||||50|]Sneasler||FocusSash|PoisonTouch|QuickGuard,FakeOut,CloseCombat,DireClaw|Jolly||F|||50|]Vivillon||ChoiceScarf|CompoundEyes|Hurricane,SleepPowder,RagePowder,Uturn|Timid||F|||50|\n|inactive|Battle timer is ON: inactive players will automatically lose when time's up. (requested by humania1)\n|\n|t:|1788268501\n|teamsize|p1|4\n|teamsize|p2|4\n|start\n|switch|p1a: Dragonite|Dragonite, L50, F|100/100\n|switch|p1b: Grimmsnarl|Grimmsnarl, L50, M|100/100\n|switch|p2a: Blastoise|Blastoise, L50, M|100/100\n|switch|p2b: Incineroar|Incineroar, L50, F|100/100\n|-ability|p2b: Incineroar|Intimidate|boost\n|-fail|p1a: Dragonite|unboost|Attack|[from] ability: Inner Focus|[of] p1a: Dragonite\n|-unboost|p1b: Grimmsnarl|atk|1\n|turn|1\n|\n|t:|1788268511\n|detailschange|p2a: Blastoise|Blastoise-Mega, L50, M\n|-mega|p2a: Blastoise|Blastoise|Blastoisinite\n|detailschange|p1a: Dragonite|Dragonite-Mega, L50, F\n|-mega|p1a: Dragonite|Dragonite|Dragoninite\n|move|p1b: Grimmsnarl|Light Screen|p1b: Grimmsnarl\n|-sidestart|p1: mxi50|move: Light Screen\n|move|p1a: Dragonite|Dragon Pulse|p2a: Blastoise\n|-damage|p2a: Blastoise|47/100\n|move|p2a: Blastoise|Water Spout|p1a: Dragonite|[spread] p1a,p1b\n|-resisted|p1a: Dragonite|1\n|-damage|p1a: Dragonite|95/100\n|-damage|p1b: Grimmsnarl|77/100\n|move|p2b: Incineroar|Flare Blitz|p1b: Grimmsnarl\n|-damage|p1b: Grimmsnarl|29/100\n|-damage|p2b: Incineroar|84/100|[from] Recoil\n|\n|upkeep\n|turn|2\n|\n|t:|1788268521\n|move|p1b: Grimmsnarl|Reflect|p1b: Grimmsnarl\n|-sidestart|p1: mxi50|Reflect\n|move|p2a: Blastoise|Water Spout|p1a: Dragonite|[spread] p1a,p1b\n|-resisted|p1a: Dragonite|1\n|-damage|p1a: Dragonite|88/100\n|-damage|p1b: Grimmsnarl|10/100\n|move|p1a: Dragonite|Dragon Pulse|p2b: Incineroar\n|-damage|p2b: Incineroar|35/100\n|move|p2b: Incineroar|Flare Blitz|p1b: Grimmsnarl\n|-damage|p1b: Grimmsnarl|0 fnt\n|faint|p1b: Grimmsnarl\n|-damage|p2b: Incineroar|31/100|[from] Recoil\n|\n|upkeep\n|\n|t:|1788268528\n|switch|p1b: Archaludon|Archaludon, L50, M|100/100\n|turn|3\n|\n|t:|1788268533\n|move|p2a: Blastoise|Protect|p2a: Blastoise\n|-singleturn|p2a: Blastoise|Protect\n|move|p1a: Dragonite|Dragon Pulse|p2a: Blastoise\n|-activate|p2a: Blastoise|move: Protect\n|move|p1b: Archaludon|Dragon Pulse|p2b: Incineroar\n|-damage|p2b: Incineroar|0 fnt\n|faint|p2b: Incineroar\n|\n|upkeep\n|\n|t:|1788268534\n|switch|p2b: Sneasler|Sneasler, L50, F|100/100\n|turn|4\n|\n|t:|1788268541\n|move|p1b: Archaludon|Protect|p1b: Archaludon\n|-singleturn|p1b: Archaludon|Protect\n|move|p2b: Sneasler|Close Combat|p1b: Archaludon\n|-activate|p1b: Archaludon|move: Protect\n|move|p1a: Dragonite|Heat Wave|p2b: Sneasler|[spread] p2a,p2b\n|-resisted|p2a: Blastoise|1\n|-damage|p2a: Blastoise|33/100\n|-damage|p2b: Sneasler|56/100\n|-status|p2b: Sneasler|brn\n|move|p2a: Blastoise|Shell Smash|p2a: Blastoise\n|-unboost|p2a: Blastoise|def|1\n|-unboost|p2a: Blastoise|spd|1\n|-boost|p2a: Blastoise|atk|2\n|-boost|p2a: Blastoise|spa|2\n|-boost|p2a: Blastoise|spe|2\n|\n|-damage|p2b: Sneasler|50/100g brn|[from] brn\n|upkeep\n|turn|5\n|\n|t:|1788268551\n|move|p2a: Blastoise|Protect|p2a: Blastoise\n|-singleturn|p2a: Blastoise|Protect\n|move|p2b: Sneasler|Close Combat|p1b: Archaludon\n|-supereffective|p1b: Archaludon|1\n|-damage|p1b: Archaludon|71/100\n|-unboost|p2b: Sneasler|def|1\n|-unboost|p2b: Sneasler|spd|1\n|-ability|p1b: Archaludon|Stamina|boost\n|-boost|p1b: Archaludon|def|1\n|move|p1a: Dragonite|Dragon Pulse|p2a: Blastoise\n|-activate|p2a: Blastoise|move: Protect\n|move|p1b: Archaludon|Dragon Pulse|p2b: Sneasler\n|-damage|p2b: Sneasler|0 fnt\n|faint|p2b: Sneasler\n|\n|-heal|p1b: Archaludon|77/100|[from] item: Leftovers\n|upkeep\n|\n|t:|1788268551\n|switch|p2b: Sinistcha|Sinistcha, L50|100/100\n|-heal|p2a: Blastoise|58/100|[from] ability: Hospitality|[of] p2b: Sinistcha\n|turn|6\n|\n|t:|1788268557\n|move|p2b: Sinistcha|Rage Powder|p2b: Sinistcha\n|-singleturn|p2b: Sinistcha|move: Rage Powder\n|move|p2a: Blastoise|Shell Smash|p2a: Blastoise\n|-unboost|p2a: Blastoise|def|1\n|-unboost|p2a: Blastoise|spd|1\n|-boost|p2a: Blastoise|atk|2\n|-boost|p2a: Blastoise|spa|2\n|-boost|p2a: Blastoise|spe|2\n|move|p1a: Dragonite|Heat Wave|p2a: Blastoise|[spread] p2a,p2b\n|-resisted|p2a: Blastoise|1\n|-supereffective|p2b: Sinistcha|1\n|-damage|p2a: Blastoise|32/100\n|-damage|p2b: Sinistcha|48/100\n|-status|p2a: Blastoise|brn\n|-enditem|p2b: Sinistcha|Sitrus Berry|[eat]\n|-heal|p2b: Sinistcha|73/100|[from] item: Sitrus Berry\n|move|p1b: Archaludon|Dragon Pulse|p2b: Sinistcha\n|-damage|p2b: Sinistcha|42/100\n|\n|-heal|p1b: Archaludon|83/100|[from] item: Leftovers\n|-damage|p2a: Blastoise|26/100 brn|[from] brn\n|upkeep\n|turn|7\n|\n|t:|1788268561\n|move|p2b: Sinistcha|Protect|p2b: Sinistcha\n|-singleturn|p2b: Sinistcha|Protect\n|move|p2a: Blastoise|Water Spout|p1a: Dragonite|[spread] p1a,p1b\n|-resisted|p1a: Dragonite|1\n|-resisted|p1b: Archaludon|1\n|-damage|p1a: Dragonite|75/100\n|-damage|p1b: Archaludon|67/100\n|-ability|p1b: Archaludon|Stamina|boost\n|-boost|p1b: Archaludon|def|1\n|move|p1a: Dragonite|Heat Wave|p2b: Sinistcha|[spread] \n|-activate|p2b: Sinistcha|move: Protect\n|-miss|p1a: Dragonite|p2a: Blastoise\n|move|p1b: Archaludon|Dragon Pulse|p2a: Blastoise\n|-damage|p2a: Blastoise|0 fnt\n|faint|p2a: Blastoise\n|\n|-heal|p1b: Archaludon|73/100|[from] item: Leftovers\n|upkeep\n|turn|8\n|\n|t:|1788268567\n|move|p1a: Dragonite|Heat Wave|p2b: Sinistcha\n|-supereffective|p2b: Sinistcha|1\n|-damage|p2b: Sinistcha|0 fnt\n|faint|p2b: Sinistcha\n|\n|win|mxi50\n|raw|mxi50's rating: 1172 &rarr; <strong>1188</strong><br />(+16 for winning)\n|raw|humania1's rating: 1043 &rarr; <strong>1032</strong><br />(-11 for losing)\n","uploadtime":1788268567,"views":"4","formatid":"gen9championsvgc2026regmbbo3","rating":1032,"private":0,"password":null}