{"id":"gen9championsvgc2026regmb-2674730206","format":"[Gen 9 Champions] VGC 2026 Reg M-B","players":["bigwooperenerg","EL_K1wi"],"log":"|j|☆bigwooperenerg\n|j|☆EL_K1wi\n|html|<table width=\"100%\"><tr><td align=\"left\">bigwooperenerg</td><td align=\"right\">EL_K1wi</tr><tr><td align=\"left\"><i class=\"fa fa-circle-o\"></i> <i class=\"fa fa-circle-o\"></i> </td><td align=\"right\"><i class=\"fa fa-circle-o\"></i> <i class=\"fa fa-circle-o\"></i> </tr></table>\n|uhtml|bestof|<h2><strong>Game 1</strong> of <a href=\"/game-bestof3-gen9championsvgc2026regmb-2674730205\">a best-of-3</a></h2>\n|t:|1788397219\n|gametype|doubles\n|player|p1|bigwooperenerg|266|\n|player|p2|EL_K1wi|pokemaniac|\n|gen|9\n|tier|[Gen 9 Champions] VGC 2026 Reg M-B\n|rule|Species Clause: Limit one of each Pokémon\n|rule|Item Clause: Limit 1 of each item\n|raw|<div class=\"infobox\"><details class=\"readmore\" open><summary><strong>1 custom rule:</strong></summary> Best of = 3</details></div>\n|clearpoke\n|poke|p1|Wyrdeer, L50, F|\n|poke|p1|Milotic, L50, M|\n|poke|p1|Gardevoir, L50, F|\n|poke|p1|Machamp, L50, M|\n|poke|p1|Meowstic, L50, M|\n|poke|p1|Staraptor, L50, F, shiny|\n|poke|p2|Raichu, L50, M|\n|poke|p2|Sneasler, L50, F, shiny|\n|poke|p2|Skarmory, L50, M, shiny|\n|poke|p2|Oranguru, L50, M, shiny|\n|poke|p2|Camerupt, L50, M, shiny|\n|poke|p2|Meowscarada, L50, F, shiny|\n|teampreview|4\nbigwooperenerg rejected open team sheets.\n|\n|t:|1788397275\n|teamsize|p1|4\n|teamsize|p2|4\n|start\n|switch|p1a: Wyrdeer|Wyrdeer, L50, F|100/100\n|switch|p1b: Machamp|Machamp, L50, M|100/100\n|switch|p2a: Stewart|Raichu, L50, M|100/100\n|switch|p2b: Chuy|Sneasler, L50, F, shiny|100/100\n|-ability|p1a: Wyrdeer|Intimidate|boost\n|-unboost|p2a: Stewart|atk|1\n|-unboost|p2b: Chuy|atk|1\n|turn|1\n|\n|t:|1788397302\n|move|p2b: Chuy|Fake Out|p1a: Wyrdeer\n|-damage|p1a: Wyrdeer|90/100\n|move|p1b: Machamp|Quick Guard|p1b: Machamp\n|-singleturn|p1b: Machamp|Quick Guard\n|move|p2a: Stewart|Zap Cannon|p1b: Machamp\n|-damage|p1b: Machamp|52/100\n|-status|p1b: Machamp|par\n|cant|p1a: Wyrdeer|flinch\n|\n|upkeep\n|turn|2\n|\n|t:|1788397365\n|detailschange|p2a: Stewart|Raichu-Mega-Y, L50, M\n|-mega|p2a: Stewart|Raichu|Raichunite Y\n|move|p2a: Stewart|Zap Cannon|p1b: Machamp\n|-damage|p1b: Machamp|0 fnt\n|faint|p1b: Machamp\n|move|p2b: Chuy|Brick Break|p1a: Wyrdeer\n|-damage|p1a: Wyrdeer|61/100\n|-status|p1a: Wyrdeer|psn|[from] ability: Poison Touch|[of] p2b: Chuy\n|move|p1a: Wyrdeer|Trick Room|p1a: Wyrdeer\n|-fieldstart|move: Trick Room|[of] p1a: Wyrdeer\n|\n|-damage|p1a: Wyrdeer|49/100 psn|[from] psn\n|upkeep\n|-enditem|p1a: Wyrdeer|Sitrus Berry|[eat]\n|-heal|p1a: Wyrdeer|74/100 psn|[from] item: Sitrus Berry\n|\n|t:|1788397379\n|switch|p1b: Gardevoir|Gardevoir, L50, F|100/100\n|turn|3\n|\n|t:|1788397415\n|switch|p2b: Kong|Oranguru, L50, M, shiny|100/100\n|switch|p2a: J|Skarmory, L50, M, shiny|100/100\n|detailschange|p1b: Gardevoir|Gardevoir-Mega, L50, F\n|-mega|p1b: Gardevoir|Gardevoir|Gardevoirite\n|move|p1a: Wyrdeer|Skill Swap|p2a: J\n|-activate|p1a: Wyrdeer|Skill Swap|Sturdy|Intimidate|[of] p2a: J\n|-ability|p2a: J|Intimidate|boost\n|-unboost|p1a: Wyrdeer|atk|1\n|-unboost|p1b: Gardevoir|atk|1\n|move|p1b: Gardevoir|Expanding Force|p2b: Kong\n|-resisted|p2b: Kong|1\n|-damage|p2b: Kong|78/100\n|\n|-damage|p1a: Wyrdeer|61/100 psn|[from] psn\n|upkeep\n|turn|4\n|\n|t:|1788397457\n|switch|p1a: Milotic|Milotic, L50, M|100/100\n|move|p2b: Kong|Yawn|p1b: Gardevoir\n|-start|p1b: Gardevoir|move: Yawn|[of] p2b: Kong\n|move|p2a: J|Body Press|p1a: Milotic\n|-damage|p1a: Milotic|79/100\n|move|p1b: Gardevoir|Mystical Fire|p2a: J\n|-supereffective|p2a: J|1\n|-damage|p2a: J|40/100\n|-unboost|p2a: J|spa|1\n|\n|-heal|p2a: J|46/100|[from] item: Leftovers\n|-heal|p1a: Milotic|85/100|[from] item: Leftovers\n|upkeep\n|turn|5\n|\n|t:|1788397477\n|switch|p1b: Wyrdeer|Wyrdeer, L50, F|61/100 psn\n|-ability|p1b: Wyrdeer|Intimidate|boost\n|-unboost|p2a: J|atk|1\n|-unboost|p2b: Kong|atk|1\n|move|p2b: Kong|Energy Ball|p1a: Milotic\n|-supereffective|p1a: Milotic|1\n|-damage|p1a: Milotic|49/100\n|move|p2a: J|Roost|p2a: J\n|-heal|p2a: J|96/100\n|-singleturn|p2a: J|move: Roost\n|move|p1a: Milotic|Muddy Water|p2a: J|[spread] p2a,p2b\n|-damage|p2a: J|71/100\n|-damage|p2b: Kong|55/100\n|-unboost|p2b: Kong|accuracy|1\n|\n|-heal|p2a: J|77/100|[from] item: Leftovers\n|-heal|p1a: Milotic|55/100|[from] item: Leftovers\n|-damage|p1b: Wyrdeer|49/100 psn|[from] psn\n|upkeep\n|turn|6\n|\n|t:|1788397512\n|move|p2b: Kong|Energy Ball|p1a: Milotic|[miss]\n|-miss|p2b: Kong|p1a: Milotic\n|move|p1b: Wyrdeer|Skill Swap|p2a: J\n|-activate|p1b: Wyrdeer|Skill Swap|Intimidate|Intimidate|[of] p2a: J\n|-ability|p2a: J|Intimidate|boost\n|-unboost|p1a: Milotic|atk|1\n|-ability|p1a: Milotic|Competitive|boost\n|-boost|p1a: Milotic|spa|2\n|-unboost|p1b: Wyrdeer|atk|1\n|-ability|p1b: Wyrdeer|Intimidate|boost\n|-unboost|p2a: J|atk|1\n|-unboost|p2b: Kong|atk|1\n|move|p2a: J|Body Press|p1b: Wyrdeer\n|-damage|p1b: Wyrdeer|22/100 psn\n|move|p1a: Milotic|Icy Wind|p2a: J|[spread] p2a,p2b\n|-damage|p2a: J|59/100\n|-damage|p2b: Kong|38/100\n|-unboost|p2a: J|spe|1\n|-unboost|p2b: Kong|spe|1\n|\n|-heal|p2a: J|65/100|[from] item: Leftovers\n|-heal|p1a: Milotic|61/100|[from] item: Leftovers\n|-damage|p1b: Wyrdeer|10/100 psn|[from] psn\n|-fieldend|move: Trick Room\n|upkeep\n|turn|7\n|\n|t:|1788397546\n|move|p1a: Milotic|Muddy Water|p2a: J|[spread] \n|-miss|p1a: Milotic|p2a: J\n|-miss|p1a: Milotic|p2b: Kong\n|move|p1b: Wyrdeer|Skill Swap|p2a: J\n|-activate|p1b: Wyrdeer|Skill Swap|Intimidate|Intimidate|[of] p2a: J\n|-ability|p2a: J|Intimidate|boost\n|-unboost|p1a: Milotic|atk|1\n|-ability|p1a: Milotic|Competitive|boost\n|-boost|p1a: Milotic|spa|2\n|-unboost|p1b: Wyrdeer|atk|1\n|-ability|p1b: Wyrdeer|Intimidate|boost\n|-unboost|p2a: J|atk|1\n|-unboost|p2b: Kong|atk|1\n|move|p2a: J|Roost|p2a: J\n|-heal|p2a: J|100/100\n|-singleturn|p2a: J|move: Roost\n|move|p2b: Kong|Hyper Voice|p1b: Wyrdeer|[spread] p1a,p1b\n|-damage|p1a: Milotic|41/100\n|-damage|p1b: Wyrdeer|0 fnt\n|faint|p1b: Wyrdeer\n|\n|-heal|p1a: Milotic|47/100|[from] item: Leftovers\n|upkeep\n|\n|t:|1788397566\n|switch|p1b: Gardevoir|Gardevoir-Mega, L50, F|100/100\n|turn|8\n|\n|t:|1788397579\n|move|p1b: Gardevoir|Mystical Fire|p2a: J\n|-supereffective|p2a: J|1\n|-damage|p2a: J|32/100\n|-unboost|p2a: J|spa|1\n|move|p1a: Milotic|Muddy Water|p2b: Kong|[spread] p2a,p2b\n|-damage|p2a: J|0 fnt\n|-damage|p2b: Kong|0 fnt\n|faint|p2a: J\n|faint|p2b: Kong\n|\n|-heal|p1a: Milotic|53/100|[from] item: Leftovers\n|upkeep\n|\n|t:|1788397590\n|switch|p2a: Chuy|Sneasler, L50, F, shiny|100/100\n|switch|p2b: Stewart|Raichu-Mega-Y, L50, M|100/100\n|turn|9\n|\n|t:|1788397602\n|move|p1b: Gardevoir|Protect|p1b: Gardevoir\n|-singleturn|p1b: Gardevoir|Protect\n|move|p1a: Milotic|Protect|p1a: Milotic\n|-singleturn|p1a: Milotic|Protect\n|move|p2a: Chuy|Fake Out|p1b: Gardevoir\n|-activate|p1b: Gardevoir|move: Protect\n|move|p2b: Stewart|Zap Cannon|p1a: Milotic\n|-activate|p1a: Milotic|move: Protect\n|\n|-heal|p1a: Milotic|59/100|[from] item: Leftovers\n|upkeep\n|turn|10\n|\n|t:|1788397621\n|move|p2b: Stewart|Zap Cannon|p1a: Milotic\n|-supereffective|p1a: Milotic|1\n|-damage|p1a: Milotic|0 fnt\n|faint|p1a: Milotic\n|move|p2a: Chuy|Poison Jab|p1b: Gardevoir\n|-supereffective|p1b: Gardevoir|1\n|-damage|p1b: Gardevoir|0 fnt\n|faint|p1b: Gardevoir\n|\n|win|EL_K1wi\n|inactive|bigwooperenerg has 30 seconds to confirm battle start!\n|inactive|EL_K1wi has 30 seconds to confirm battle start!\n|inactive|bigwooperenerg has 20 seconds to confirm battle start!\n|inactive|EL_K1wi has 20 seconds to confirm battle start!\n","uploadtime":1788397634,"views":"3","formatid":"gen9championsvgc2026regmb","rating":null,"private":0,"password":null}