{"id":"gen9championsvgc2026regmbbo3-2674852864","format":"[Gen 9 Champions] VGC 2026 Reg M-B (Bo3)","players":["humania1","Charload555"],"log":"|j|☆humania1\n|j|☆Charload555\n|html|<table width=\"100%\"><tr><td align=\"left\">humania1</td><td align=\"right\">Charload555</tr><tr><td align=\"left\"><i class=\"fa fa-circle-o\"></i> <i class=\"fa fa-circle-o\"></i> </td><td align=\"right\"><i class=\"fa fa-circle-o\"></i> <i class=\"fa fa-circle\"></i> </tr></table>\n|uhtml|bestof|<h2><strong>Game 2</strong> of <a href=\"/game-bestof3-gen9championsvgc2026regmbbo3-2674851967\">a best-of-3</a></h2>\n|t:|1788421543\n|gametype|doubles\n|player|p1|humania1|265|1010\n|player|p2|Charload555|hilda|1098\n|gen|9\n|tier|[Gen 9 Champions] VGC 2026 Reg M-B (Bo3)\n|rated|\n|rule|Species Clause: Limit one of each Pokémon\n|rule|Item Clause: Limit 1 of each item\n|clearpoke\n|poke|p1|Charizard, L50, F|\n|poke|p1|Whimsicott, L50, M|\n|poke|p1|Basculegion, L50, M|\n|poke|p1|Farigiraf, L50, F|\n|poke|p1|Kangaskhan, L50, F|\n|poke|p1|Sneasler, L50, M|\n|poke|p2|Sylveon, L50, F|\n|poke|p2|Garchomp, L50, F|\n|poke|p2|Aerodactyl, L50, F|\n|poke|p2|Charizard, L50, F|\n|poke|p2|Kingambit, L50, M, shiny|\n|poke|p2|Farigiraf, L50, M|\n|teampreview|4\n|showteam|p1|Charizard||CharizarditeY|SolarPower|WeatherBall,HeatWave,SolarBeam,Protect|Timid||F|||50|]Whimsicott||FocusSash|Prankster|Moonblast,Tailwind,SunnyDay,Encore|Timid||M|||50|]Basculegion||ChoiceScarf|Adaptability|WaveCrash,AquaJet,LastRespects,FlipTurn|Adamant||M|||50|]Farigiraf||SitrusBerry|ArmorTail|Psychic,HyperVoice,HelpingHand,TrickRoom|Modest||F|||50|]Kangaskhan||Kangaskhanite|Scrappy|FakeOut,DoubleEdge,DrainPunch,SuckerPunch|Adamant||F|||50|]Sneasler||WhiteHerb|Unburden|FakeOut,CloseCombat,DireClaw,RockTomb|Adamant||M|||50|\n|showteam|p2|Sylveon||FairyFeather|Pixilate|HyperVoice,Yawn,Protect,QuickAttack|Modest||F|||50|]Garchomp||LifeOrb|RoughSkin|RockSlide,Earthquake,Protect,DragonClaw|Adamant||F|||50|]Aerodactyl||Aerodactylite|Unnerve|Tailwind,DualWingbeat,IceFang,RockSlide|Jolly||F|||50|]Charizard||CharizarditeY|Blaze|SolarBeam,Protect,AncientPower,WeatherBall|Modest||F|||50|]Kingambit||FocusSash|Defiant|IronHead,LowKick,KowtowCleave,SuckerPunch|Adamant||M|||50|]Farigiraf||SitrusBerry|ArmorTail|TrickRoom,Psychic,Protect,Thunderbolt|Modest||M|||50|\n|inactive|Battle timer is ON: inactive players will automatically lose when time's up. (requested by humania1)\n|\n|t:|1788421552\n|teamsize|p1|4\n|teamsize|p2|4\n|start\n|switch|p1a: Basculegion|Basculegion, L50, M|100/100\n|switch|p1b: Kangaskhan|Kangaskhan, L50, F|100/100\n|switch|p2a: Kingambit|Kingambit, L50, M, shiny|100/100\n|switch|p2b: Farigiraf|Farigiraf, L50, M|100/100\n|turn|1\n|\n|t:|1788421569\n|switch|p1a: Farigiraf|Farigiraf, L50, F|100/100\n|detailschange|p1b: Kangaskhan|Kangaskhan-Mega, L50, F\n|-mega|p1b: Kangaskhan|Kangaskhan|Kangaskhanite\n|move|p1b: Kangaskhan|Drain Punch|p2a: Kingambit\n|-supereffective|p2a: Kingambit|2\n|-damage|p2a: Kingambit|1/100\n|-supereffective|p2a: Kingambit|2\n|-damage|p2a: Kingambit|0 fnt\n|faint|p2a: Kingambit\n|-hitcount|p2: Kingambit|2\n|move|p2b: Farigiraf|Psychic|p1b: Kangaskhan\n|-damage|p1b: Kangaskhan|58/100\n|\n|upkeep\n|\n|t:|1788421593\n|switch|p2a: Charizard|Charizard, L50, F|100/100\n|turn|2\n|\n|t:|1788421611\n|detailschange|p2a: Charizard|Charizard-Mega-Y, L50, F\n|-mega|p2a: Charizard|Charizard|Charizardite Y\n|-weather|SunnyDay|[from] ability: Drought|[of] p2a: Charizard\n|move|p1b: Kangaskhan|Double-Edge|p2a: Charizard\n|-damage|p2a: Charizard|22/100\n|-damage|p2a: Charizard|1/100\n|-hitcount|p2a: Charizard|2\n|-damage|p1b: Kangaskhan|30/100|[from] Recoil\n|move|p2a: Charizard|Weather Ball|p1b: Kangaskhan\n|-damage|p1b: Kangaskhan|0 fnt\n|faint|p1b: Kangaskhan\n|move|p1a: Farigiraf|Hyper Voice|p2a: Charizard|[spread] p2a,p2b\n|-damage|p2a: Charizard|0 fnt\n|-damage|p2b: Farigiraf|66/100\n|faint|p2a: Charizard\n|move|p2b: Farigiraf|Thunderbolt|p1a: Farigiraf\n|-damage|p1a: Farigiraf|72/100\n|\n|-weather|SunnyDay|[upkeep]\n|upkeep\n|\n|t:|1788421625\n|switch|p1b: Basculegion|Basculegion, L50, M|100/100\n|switch|p2a: Aerodactyl|Aerodactyl, L50, F|100/100\n|-ability|p2a: Aerodactyl|Unnerve\n|turn|3\n|\n|t:|1788421649\n|move|p2a: Aerodactyl|Rock Slide|p1b: Basculegion|[spread] p1a,p1b\n|-damage|p1a: Farigiraf|46/100\n|-damage|p1b: Basculegion|68/100\n|cant|p1b: Basculegion|flinch\n|move|p1a: Farigiraf|Hyper Voice|p2b: Farigiraf|[spread] p2a,p2b\n|-resisted|p2a: Aerodactyl|1\n|-damage|p2a: Aerodactyl|78/100\n|-damage|p2b: Farigiraf|36/100\n|-enditem|p2b: Farigiraf|Sitrus Berry|[eat]\n|-heal|p2b: Farigiraf|61/100|[from] item: Sitrus Berry\n|move|p2b: Farigiraf|Thunderbolt|p1b: Basculegion\n|-supereffective|p1b: Basculegion|1\n|-damage|p1b: Basculegion|0 fnt\n|faint|p1b: Basculegion\n|\n|-weather|SunnyDay|[upkeep]\n|upkeep\n|\n|t:|1788421649\n|switch|p1b: Whimsicott|Whimsicott, L50, M|100/100\n|turn|4\n|\n|t:|1788421672\n|move|p2a: Aerodactyl|Dual Wingbeat|p1b: Whimsicott\n|-supereffective|p1b: Whimsicott|1\n|-damage|p1b: Whimsicott|50/100g\n|-supereffective|p1b: Whimsicott|1\n|-damage|p1b: Whimsicott|0 fnt\n|faint|p1b: Whimsicott\n|-hitcount|p1: Whimsicott|2\n|move|p2b: Farigiraf|Psychic|p1a: Farigiraf\n|-resisted|p1a: Farigiraf|1\n|-damage|p1a: Farigiraf|26/100\n|move|p1a: Farigiraf|Trick Room|p1a: Farigiraf\n|-fieldstart|move: Trick Room|[of] p1a: Farigiraf\n|\n|-weather|SunnyDay|[upkeep]\n|upkeep\n|turn|5\n|\n|t:|1788421689\n|move|p1a: Farigiraf|Hyper Voice|p2a: Aerodactyl|[spread] p2a,p2b\n|-resisted|p2a: Aerodactyl|1\n|-damage|p2a: Aerodactyl|58/100\n|-damage|p2b: Farigiraf|31/100\n|move|p2a: Aerodactyl|Rock Slide|p1a: Farigiraf\n|-damage|p1a: Farigiraf|0 fnt\n|faint|p1a: Farigiraf\n|\n|win|Charload555\n|raw|humania1's rating: 1010 &rarr; <strong>1001</strong><br />(-9 for losing)\n|raw|Charload555's rating: 1098 &rarr; <strong>1117</strong><br />(+19 for winning)\n","uploadtime":1788421689,"views":"1","formatid":"gen9championsvgc2026regmbbo3","rating":1001,"private":0,"password":null}