{"id":"gen9championsvgc2026regmb-2674060295","format":"[Gen 9 Champions] VGC 2026 Reg M-B","players":["psychowarz","vlasak"],"log":"|j|☆psychowarz\n|j|☆vlasak\n|t:|1788293852\n|gametype|doubles\n|player|p1|psychowarz|guitarist-gen4|1393\n|player|p2|vlasak|lucian|1326\n|gen|9\n|tier|[Gen 9 Champions] VGC 2026 Reg M-B\n|rated|\n|rule|Species Clause: Limit one of each Pokémon\n|rule|Item Clause: Limit 1 of each item\n|clearpoke\n|poke|p1|Garchomp, L50, F|\n|poke|p1|Staraptor, L50, M|\n|poke|p1|Blastoise, L50, M|\n|poke|p1|Volcarona, L50, F|\n|poke|p1|Sinistcha-Masterpiece, L50|\n|poke|p1|Grimmsnarl, L50, M|\n|poke|p2|Vanilluxe, L50, M|\n|poke|p2|Armarouge, L50, F|\n|poke|p2|Blastoise, L50, M|\n|poke|p2|Aggron, L50, F|\n|poke|p2|Sinistcha, L50|\n|poke|p2|Tyranitar, L50, M|\n|teampreview|4\n|inactive|Battle timer is ON: inactive players will automatically lose when time's up. (requested by vlasak)\n|\n|t:|1788293881\n|teamsize|p1|4\n|teamsize|p2|4\n|start\n|switch|p1a: Staraptor|Staraptor, L50, M|100/100\n|switch|p1b: Grimmsnarl|Grimmsnarl, L50, M|100/100\n|switch|p2a: Armarouge|Armarouge, L50, F|100/100\n|switch|p2b: Blastoise|Blastoise, L50, M|100/100\n|-ability|p1a: Staraptor|Intimidate|boost\n|-unboost|p2a: Armarouge|atk|1\n|-unboost|p2b: Blastoise|atk|1\n|turn|1\n|\n|t:|1788293898\n|detailschange|p1a: Staraptor|Staraptor-Mega, L50, M\n|-mega|p1a: Staraptor|Staraptor|Staraptite\n|detailschange|p2b: Blastoise|Blastoise-Mega, L50, M\n|-mega|p2b: Blastoise|Blastoise|Blastoisinite\n|move|p2b: Blastoise|Protect|p2b: Blastoise\n|-singleturn|p2b: Blastoise|Protect\n|move|p1b: Grimmsnarl|Fake Out|p2a: Armarouge\n|-damage|p2a: Armarouge|89/100\n|move|p1a: Staraptor|Close Combat|p2b: Blastoise\n|-activate|p2b: Blastoise|move: Protect\n|cant|p2a: Armarouge|flinch\n|\n|upkeep\n|turn|2\n|\n|t:|1788293917\n|switch|p2b: Sinistcha|Sinistcha, L50|100/100\n|-heal|p2a: Armarouge|100/100|[from] ability: Hospitality|[of] p2b: Sinistcha\n|move|p1b: Grimmsnarl|Parting Shot|p2a: Armarouge\n|-unboost|p2a: Armarouge|atk|1\n|-unboost|p2a: Armarouge|spa|1\n|\n|t:|1788293921\n|switch|p1b: Garchomp|Garchomp, L50, F|100/100|[from] Parting Shot\n|move|p1a: Staraptor|Close Combat|p2b: Sinistcha\n|-immune|p2b: Sinistcha\n|move|p2a: Armarouge|Trick Room|p2a: Armarouge\n|-fieldstart|move: Trick Room|[of] p2a: Armarouge\n|\n|upkeep\n|turn|3\n|\n|t:|1788293943\n|switch|p1a: Grimmsnarl|Grimmsnarl, L50, M|100/100\n|move|p2b: Sinistcha|Matcha Gotcha|p1a: Grimmsnarl|[spread] p1a,p1b\n|-damage|p1a: Grimmsnarl|81/100\n|-damage|p1b: Garchomp|74/100\n|move|p2a: Armarouge|Psychic|p1a: Grimmsnarl\n|-immune|p1a: Grimmsnarl\n|move|p1b: Garchomp|Rock Slide|p2a: Armarouge|[spread] p2a,p2b\n|-supereffective|p2a: Armarouge|1\n|-damage|p2a: Armarouge|65/100\n|-damage|p2b: Sinistcha|84/100\n|\n|-heal|p2b: Sinistcha|90/100|[from] item: Leftovers\n|upkeep\n|turn|4\n|\n|t:|1788293965\n|switch|p2a: Tyranitar|Tyranitar, L50, M|100/100\n|-weather|Sandstorm|[from] ability: Sand Stream|[of] p2a: Tyranitar\n|move|p1a: Grimmsnarl|Scary Face|p1b: Garchomp\n|-unboost|p1b: Garchomp|spe|2\n|move|p2b: Sinistcha|Matcha Gotcha|p1a: Grimmsnarl|[spread] p1a,p1b\n|-damage|p1a: Grimmsnarl|62/100\n|-heal|p2b: Sinistcha|100/100|[from] drain|[of] p1a: Grimmsnarl\n|-damage|p1b: Garchomp|49/100\n|move|p1b: Garchomp|Rock Slide|p2b: Sinistcha|[spread] p2a,p2b\n|-damage|p2a: Tyranitar|81/100\n|-damage|p2b: Sinistcha|84/100\n|\n|-weather|Sandstorm|[upkeep]\n|-damage|p1a: Grimmsnarl|56/100|[from] Sandstorm\n|-damage|p2b: Sinistcha|78/100|[from] Sandstorm\n|-heal|p2b: Sinistcha|84/100|[from] item: Leftovers\n|upkeep\n|turn|5\n|inactive|vlasak has 30 seconds left.\n|\n|t:|1788293993\n|move|p1a: Grimmsnarl|Parting Shot|p2b: Sinistcha\n|-unboost|p2b: Sinistcha|atk|1\n|-unboost|p2b: Sinistcha|spa|1\n|\n|t:|1788293995\n|switch|p1a: Staraptor|Staraptor-Mega, L50, M|100/100|[from] Parting Shot\n|move|p2b: Sinistcha|Life Dew|p2b: Sinistcha|[spread] p2a,p2b\n|-heal|p2a: Tyranitar|100/100\n|-heal|p2b: Sinistcha|100/100\n|move|p1b: Garchomp|Earthquake|p2a: Tyranitar|[spread] p2a,p2b\n|-immune|p1a: Staraptor\n|-supereffective|p2a: Tyranitar|1\n|-resisted|p2b: Sinistcha|1\n|-damage|p2a: Tyranitar|22/100\n|-damage|p2b: Sinistcha|82/100\n|move|p2a: Tyranitar|Dragon Claw|p1b: Garchomp\n|-supereffective|p1b: Garchomp|1\n|-damage|p1b: Garchomp|0 fnt\n|-damage|p2a: Tyranitar|9/100|[from] ability: Rough Skin|[of] p1b: Garchomp\n|faint|p1b: Garchomp\n|\n|-weather|Sandstorm|[upkeep]\n|-damage|p2b: Sinistcha|76/100|[from] Sandstorm\n|-damage|p1a: Staraptor|93/100|[from] Sandstorm\n|-heal|p2b: Sinistcha|82/100|[from] item: Leftovers\n|upkeep\n|\n|t:|1788294008\n|switch|p1b: Grimmsnarl|Grimmsnarl, L50, M|56/100\n|turn|6\n|-activate|p2a: Tyranitar|item: Quick Claw\n|\n|t:|1788294024\n|move|p1b: Grimmsnarl|Fake Out|p2a: Tyranitar\n|-resisted|p2a: Tyranitar|1\n|-damage|p2a: Tyranitar|3/100\n|move|p2b: Sinistcha|Rage Powder|p2b: Sinistcha\n|-singleturn|p2b: Sinistcha|move: Rage Powder\n|cant|p2a: Tyranitar|flinch\n|move|p1a: Staraptor|Dual Wingbeat|p2b: Sinistcha\n|-supereffective|p2b: Sinistcha|1\n|-damage|p2b: Sinistcha|45/100\n|-supereffective|p2b: Sinistcha|1\n|-damage|p2b: Sinistcha|11/100\n|-hitcount|p2b: Sinistcha|2\n|\n|-weather|Sandstorm|[upkeep]\n|-damage|p1b: Grimmsnarl|50/100g|[from] Sandstorm\n|-damage|p2b: Sinistcha|5/100|[from] Sandstorm\n|-damage|p1a: Staraptor|87/100|[from] Sandstorm\n|-heal|p2b: Sinistcha|11/100|[from] item: Leftovers\n|-fieldend|move: Trick Room\n|upkeep\n|turn|7\n|\n|t:|1788294045\n|move|p2b: Sinistcha|Rage Powder|p2b: Sinistcha\n|-singleturn|p2b: Sinistcha|move: Rage Powder\n|move|p1a: Staraptor|U-turn|p2b: Sinistcha\n|-damage|p2b: Sinistcha|0 fnt\n|faint|p2b: Sinistcha\n|\n|t:|1788294049\n|switch|p1a: Blastoise|Blastoise, L50, M|100/100|[from] U-turn\n|move|p2a: Tyranitar|Rock Slide|p1a: Blastoise|[spread] p1a,p1b\n|-damage|p1a: Blastoise|65/100\n|-damage|p1b: Grimmsnarl|7/100\n|cant|p1b: Grimmsnarl|flinch\n|\n|-weather|Sandstorm|[upkeep]\n|-damage|p1a: Blastoise|59/100|[from] Sandstorm\n|-damage|p1b: Grimmsnarl|1/100|[from] Sandstorm\n|upkeep\n|\n|t:|1788294073\n|switch|p2b: Armarouge|Armarouge, L50, F|65/100\n|turn|8\n|\n|t:|1788294090\n|move|p1b: Grimmsnarl|Parting Shot|p2b: Armarouge\n|-unboost|p2b: Armarouge|atk|1\n|-unboost|p2b: Armarouge|spa|1\n|\n|t:|1788294092\n|switch|p1b: Staraptor|Staraptor-Mega, L50, M|87/100|[from] Parting Shot\n|move|p1a: Blastoise|Water Spout|p2a: Tyranitar|[spread] p2a,p2b\n|-supereffective|p2a: Tyranitar|1\n|-supereffective|p2b: Armarouge|1\n|-damage|p2a: Tyranitar|0 fnt\n|-damage|p2b: Armarouge|7/100\n|faint|p2a: Tyranitar\n|move|p2b: Armarouge|Trick Room|p2b: Armarouge\n|-fieldstart|move: Trick Room|[of] p2b: Armarouge\n|\n|-weather|none\n|upkeep\n|inactive|vlasak has 30 seconds left.\n|inactive|vlasak has 20 seconds left.\n|inactive|vlasak has 15 seconds left.\n|inactive|vlasak has 10 seconds left.\n|inactive|vlasak has 5 seconds left.\n|\n|t:|1788294147\n|switch|p2a: Blastoise|Blastoise-Mega, L50, M|100/100\n|turn|9\n|\n|t:|1788294156\n|move|p1b: Staraptor|Protect|p1b: Staraptor\n|-singleturn|p1b: Staraptor|Protect\n|move|p2b: Armarouge|Destiny Bond|p2b: Armarouge\n|-singlemove|p2b: Armarouge|Destiny Bond\n|move|p2a: Blastoise|Water Spout|p1b: Staraptor|[spread] p1a\n|-activate|p1b: Staraptor|move: Protect\n|-resisted|p1a: Blastoise|1\n|-damage|p1a: Blastoise|23/100\n|move|p1a: Blastoise|Dark Pulse|p2b: Armarouge\n|-supereffective|p2b: Armarouge|1\n|-damage|p2b: Armarouge|0 fnt\n|faint|p2b: Armarouge\n|-activate|p2b: Armarouge|move: Destiny Bond\n|faint|p1a: Blastoise\n|\n|upkeep\n|\n|t:|1788294164\n|switch|p1a: Grimmsnarl|Grimmsnarl, L50, M|1/100\n|turn|10\n|\n|t:|1788294175\n|move|p2a: Blastoise|Protect|p2a: Blastoise\n|-singleturn|p2a: Blastoise|Protect\n|move|p1a: Grimmsnarl|Fake Out|p2a: Blastoise\n|-activate|p2a: Blastoise|move: Protect\n|move|p1b: Staraptor|Close Combat|p2a: Blastoise\n|-activate|p2a: Blastoise|move: Protect\n|\n|upkeep\n|turn|11\n|\n|t:|1788294189\n|move|p1a: Grimmsnarl|Spirit Break|p2a: Blastoise\n|-damage|p2a: Blastoise|68/100\n|-unboost|p2a: Blastoise|spa|1\n|move|p2a: Blastoise|Water Spout|p1b: Staraptor|[spread] p1a,p1b\n|-damage|p1a: Grimmsnarl|0 fnt\n|-damage|p1b: Staraptor|52/100\n|faint|p1a: Grimmsnarl\n|move|p1b: Staraptor|Close Combat|p2a: Blastoise\n|-damage|p2a: Blastoise|10/100\n|-boost|p1b: Staraptor|def|1\n|-boost|p1b: Staraptor|spd|1\n|\n|upkeep\n|turn|12\n|\n|t:|1788294207\n|move|p2a: Blastoise|Dark Pulse|p1b: Staraptor\n|-resisted|p1b: Staraptor|1\n|-damage|p1b: Staraptor|39/100\n|move|p1b: Staraptor|Close Combat|p2a: Blastoise\n|-damage|p2a: Blastoise|0 fnt\n|-boost|p1b: Staraptor|def|1\n|-boost|p1b: Staraptor|spd|1\n|faint|p2a: Blastoise\n|\n|win|psychowarz\n|raw|psychowarz's rating: 1393 &rarr; <strong>1409</strong><br />(+16 for winning)\n|raw|vlasak's rating: 1326 &rarr; <strong>1310</strong><br />(-16 for losing)\n","uploadtime":1788294211,"views":"0","formatid":"gen9championsvgc2026regmb","rating":1310,"private":0,"password":null}