{"id":"gen9championsvgc2026regmbbo3-2675020654","format":"[Gen 9 Champions] VGC 2026 Reg M-B (Bo3)","players":["DINOLONK","tomo05"],"log":"|j|☆DINOLONK\n|j|☆tomo05\n|html|<table width=\"100%\"><tr><td align=\"left\">DINOLONK</td><td align=\"right\">tomo05</tr><tr><td align=\"left\"><i class=\"fa fa-circle-o\"></i> <i class=\"fa fa-circle-o\"></i> </td><td align=\"right\"><i class=\"fa fa-circle-o\"></i> <i class=\"fa fa-circle\"></i> </tr></table>\n|uhtml|bestof|<h2><strong>Game 2</strong> of <a href=\"/game-bestof3-gen9championsvgc2026regmbbo3-2675019372\">a best-of-3</a></h2>\n|t:|1788449555\n|gametype|doubles\n|player|p1|DINOLONK|parasollady-gen4|1471\n|player|p2|tomo05|102|1272\n|gen|9\n|tier|[Gen 9 Champions] VGC 2026 Reg M-B (Bo3)\n|rated|\n|rule|Species Clause: Limit one of each Pokémon\n|rule|Item Clause: Limit 1 of each item\n|clearpoke\n|poke|p1|Dragonite, L50, M|\n|poke|p1|Sneasler, L50, M|\n|poke|p1|Kingambit, L50, F|\n|poke|p1|Basculegion, L50, M|\n|poke|p1|Whimsicott, L50, M|\n|poke|p1|Floette-Eternal, L50, F|\n|poke|p2|Raichu, L50, M|\n|poke|p2|Charizard, L50, F|\n|poke|p2|Incineroar, L50, M|\n|poke|p2|Garchomp, L50, M|\n|poke|p2|Whimsicott, L50, F|\n|poke|p2|Kingambit, L50, F|\n|teampreview|4\n|showteam|p1|Dragonite||Dragoninite|InnerFocus|DragonPulse,HeatWave,Thunderbolt,Protect|Modest||M|||50|]Sneasler||WhiteHerb|Unburden|DireClaw,CloseCombat,RockSlide,FakeOut|Jolly||M|||50|]Kingambit||ChopleBerry|Defiant|KowtowCleave,SuckerPunch,LowKick,IronHead|Adamant||F|||50|]Basculegion||LifeOrb|Adaptability|WaveCrash,LastRespects,AquaJet,Protect|Adamant||M|||50|]Whimsicott||FocusSash|Prankster|Moonblast,Tailwind,Encore,Protect|Timid||M|||50|]Floette-Eternal||Floettite|FlowerVeil|Moonblast,DazzlingGleam,LightofRuin,Protect|Timid||F|||50|\n|showteam|p2|Raichu||RaichuniteY|Static|Protect,FakeOut,ZapCannon,FocusBlast|Timid||M|||50|]Charizard||CharizarditeY|Blaze|Protect,HeatWave,WeatherBall,SolarBeam|Modest||F|||50|]Incineroar||SitrusBerry|Intimidate|FakeOut,PartingShot,Taunt,FlareBlitz|Careful||M|||50|]Garchomp||ChoiceScarf|RoughSkin|Earthquake,StompingTantrum,RockSlide,DragonClaw|Adamant||M|||50|]Whimsicott||FocusSash|Prankster|Protect,Encore,Tailwind,Moonblast|Timid||F|||50|]Kingambit||ChopleBerry|Defiant|KowtowCleave,SuckerPunch,IronHead,LowKick|Adamant||F|||50|\n|inactive|Battle timer is ON: inactive players will automatically lose when time's up. (requested by DINOLONK)\n|\n|t:|1788449562\n|teamsize|p1|4\n|teamsize|p2|4\n|start\n|switch|p1a: Dragonite|Dragonite, L50, M|100/100\n|switch|p1b: Sneasler|Sneasler, L50, M|100/100\n|switch|p2a: Whimsicott|Whimsicott, L50, F|100/100\n|switch|p2b: Charizard|Charizard, L50, F|100/100\n|turn|1\n|\n|t:|1788449567\n|switch|p1b: Whimsicott|Whimsicott, L50, M|100/100\n|detailschange|p1a: Dragonite|Dragonite-Mega, L50, M\n|-mega|p1a: Dragonite|Dragonite|Dragoninite\n|move|p2a: Whimsicott|Protect|p2a: Whimsicott\n|-singleturn|p2a: Whimsicott|Protect\n|move|p2b: Charizard|Protect|p2b: Charizard\n|-singleturn|p2b: Charizard|Protect\n|move|p1a: Dragonite|Thunderbolt|p2b: Charizard\n|-activate|p2b: Charizard|move: Protect\n|\n|upkeep\n|turn|2\n|\n|t:|1788449579\n|switch|p2b: Garchomp|Garchomp, L50, M|100/100\n|move|p1b: Whimsicott|Encore||[still]\n|-fail|p1b: Whimsicott\n|move|p2a: Whimsicott|Encore|p1a: Dragonite\n|-start|p1a: Dragonite|Encore\n|move|p1a: Dragonite|Thunderbolt|p2b: Garchomp\n|-immune|p2b: Garchomp\n|\n|upkeep\n|turn|3\n|\n|t:|1788449596\n|switch|p1a: Kingambit|Kingambit, L50, F|100/100\n|move|p2a: Whimsicott|Encore||[still]\n|-fail|p2a: Whimsicott\n|move|p2b: Garchomp|Rock Slide|p1a: Kingambit|[spread] p1a,p1b\n|-resisted|p1a: Kingambit|1\n|-damage|p1a: Kingambit|92/100\n|-damage|p1b: Whimsicott|66/100\n|cant|p1b: Whimsicott|flinch\n|\n|upkeep\n|turn|4\n|\n|t:|1788449611\n|switch|p1a: Sneasler|Sneasler, L50, M|100/100\n|move|p1b: Whimsicott|Tailwind|p1b: Whimsicott\n|-sidestart|p1: DINOLONK|move: Tailwind\n|move|p2b: Garchomp|Rock Slide|p1a: Sneasler|[spread] p1a\n|-miss|p2b: Garchomp|p1b: Whimsicott\n|-resisted|p1a: Sneasler|1\n|-damage|p1a: Sneasler|83/100\n|move|p2a: Whimsicott|Moonblast|p1b: Whimsicott\n|-crit|p1b: Whimsicott\n|-damage|p1b: Whimsicott|0 fnt\n|faint|p1b: Whimsicott\n|\n|upkeep\n|\n|t:|1788449617\n|switch|p1b: Dragonite|Dragonite-Mega, L50, M|100/100\n|turn|5\n|\n|t:|1788449620\n|move|p2a: Whimsicott|Protect|p2a: Whimsicott\n|-singleturn|p2a: Whimsicott|Protect\n|move|p1a: Sneasler|Dire Claw|p2a: Whimsicott\n|-activate|p2a: Whimsicott|move: Protect\n|move|p1b: Dragonite|Dragon Pulse|p2b: Garchomp\n|-supereffective|p2b: Garchomp|1\n|-damage|p2b: Garchomp|0 fnt\n|faint|p2b: Garchomp\n|\n|upkeep\n|\n|t:|1788449629\n|switch|p2b: Charizard|Charizard, L50, F|100/100\n|turn|6\n|\n|t:|1788449646\n|switch|p1a: Kingambit|Kingambit, L50, F|92/100\n|detailschange|p2b: Charizard|Charizard-Mega-Y, L50, F\n|-mega|p2b: Charizard|Charizard|Charizardite Y\n|-weather|SunnyDay|[from] ability: Drought|[of] p2b: Charizard\n|move|p2a: Whimsicott|Tailwind|p2a: Whimsicott\n|-sidestart|p2: tomo05|move: Tailwind\n|move|p2b: Charizard|Weather Ball|p1a: Kingambit\n|-supereffective|p1a: Kingambit|1\n|-damage|p1a: Kingambit|0 fnt\n|faint|p1a: Kingambit\n|move|p1b: Dragonite|Thunderbolt|p2b: Charizard\n|-supereffective|p2b: Charizard|1\n|-damage|p2b: Charizard|21/100\n|\n|-weather|SunnyDay|[upkeep]\n|upkeep\n|\n|t:|1788449658\n|switch|p1a: Sneasler|Sneasler, L50, M|83/100\n|turn|7\n|\n|t:|1788449662\n|move|p2a: Whimsicott|Protect|p2a: Whimsicott\n|-singleturn|p2a: Whimsicott|Protect\n|move|p2b: Charizard|Protect|p2b: Charizard\n|-singleturn|p2b: Charizard|Protect\n|move|p1a: Sneasler|Fake Out|p2b: Charizard\n|-activate|p2b: Charizard|move: Protect\n|move|p1b: Dragonite|Heat Wave|p2b: Charizard|[spread] \n|-activate|p2a: Whimsicott|move: Protect\n|-activate|p2b: Charizard|move: Protect\n|\n|-weather|SunnyDay|[upkeep]\n|-sideend|p1: DINOLONK|move: Tailwind\n|upkeep\n|turn|8\n|\n|t:|1788449667\n|move|p2a: Whimsicott|Moonblast|p1b: Dragonite\n|-supereffective|p1b: Dragonite|1\n|-damage|p1b: Dragonite|67/100\n|move|p2b: Charizard|Weather Ball|p1a: Sneasler\n|-damage|p1a: Sneasler|0 fnt\n|faint|p1a: Sneasler\n|move|p1b: Dragonite|Heat Wave|p2a: Whimsicott|[spread] p2a\n|-miss|p1b: Dragonite|p2b: Charizard\n|-supereffective|p2a: Whimsicott|1\n|-enditem|p2a: Whimsicott|Focus Sash\n|-damage|p2a: Whimsicott|1/100\n|\n|-weather|SunnyDay|[upkeep]\n|upkeep\n|turn|9\n|\n|t:|1788449674\n|move|p2a: Whimsicott|Moonblast|p1b: Dragonite\n|-supereffective|p1b: Dragonite|1\n|-damage|p1b: Dragonite|5/100\n|move|p2b: Charizard|Weather Ball|p1b: Dragonite\n|-resisted|p1b: Dragonite|1\n|-damage|p1b: Dragonite|0 fnt\n|faint|p1b: Dragonite\n|\n|win|tomo05\n|raw|DINOLONK's rating: 1471 &rarr; <strong>1441</strong><br />(-30 for losing)\n|raw|tomo05's rating: 1272 &rarr; <strong>1310</strong><br />(+38 for winning)\n","uploadtime":1788449674,"views":"1","formatid":"gen9championsvgc2026regmbbo3","rating":1310,"private":0,"password":null}