{"id":"gen9championsvgc2026regmb-2674732256","format":"[Gen 9 Champions] VGC 2026 Reg M-B","players":["gemifi996644","UNLEASHED.EXE"],"log":"|j|☆gemifi996644\n|j|☆UNLEASHED.EXE\n|t:|1788397534\n|gametype|doubles\n|player|p1|gemifi996644|2|1162\n|player|p2|UNLEASHED.EXE|shadowtriad|1047\n|gen|9\n|tier|[Gen 9 Champions] VGC 2026 Reg M-B\n|rated|\n|rule|Species Clause: Limit one of each Pokémon\n|rule|Item Clause: Limit 1 of each item\n|clearpoke\n|poke|p1|Simipour, L50, F|\n|poke|p1|Simisage, L50, F|\n|poke|p1|Simisear, L50, M|\n|poke|p1|Watchog, L50, F|\n|poke|p1|Emolga, L50, M|\n|poke|p1|Pidgeot, L50, M|\n|poke|p2|Garchomp, L50, M|\n|poke|p2|Raichu, L50, F|\n|poke|p2|Basculegion, L50, M|\n|poke|p2|Pelipper, L50, F|\n|poke|p2|Talonflame, L50, M|\n|poke|p2|Swampert, L50, F|\n|teampreview|4\n|c|☆gemifi996644|i lost a bet\n|c|☆UNLEASHED.EXE|no i approve the team\nUNLEASHED.EXE has agreed to open team sheets.\ngemifi996644 has agreed to open team sheets.\n|showteam|p1|Simipour||MysticWater|Torrent|HydroPump,Protect,IceBeam,FakeOut|Timid||F|||50|]Simisage||SitrusBerry|Gluttony|LeechSeed,SeedBomb,Protect,FakeOut|Jolly||F|||50|]Simisear||Charcoal|Blaze|FakeOut,RockSlide,BlazeKick,Protect|Jolly||M|||50|]Watchog||Leftovers|Illuminate|SwordsDance,Trailblaze,StompingTantrum,Protect|Careful||F|||50|]Emolga||BrightPowder|Static|Nuzzle,DualWingbeat,Protect,QuickAttack|Jolly||M|||50|]Pidgeot||Pidgeotite|KeenEye|Tailwind,Protect,AirSlash,Roost|Timid||M|||50|\n|showteam|p2|Garchomp||ChoiceScarf|RoughSkin|Earthquake,RockSlide,DragonClaw,IronHead|Jolly||M|||50|]Raichu||RaichuniteY|LightningRod|Thunder,ThunderWave,FakeOut,Discharge|Hasty||F|||50|]Basculegion||MysticWater|SwiftSwim|LastRespects,WaveCrash,AquaJet,Protect|Adamant||M|||50|]Pelipper||SitrusBerry|Drizzle|WideGuard,WeatherBall,Hurricane,Protect|Bold||F|||50|]Talonflame||SharpBeak|GaleWings|Hurricane,HeatWave,WillOWisp,Protect|Timid||M|||50|]Swampert||Swampertite|Torrent|BulkUp,HighHorsepower,Waterfall,Protect|Adamant||F|||50|\n|\n|t:|1788397598\n|teamsize|p1|4\n|teamsize|p2|4\n|start\n|switch|p1a: Simipour|Simipour, L50, F|100/100\n|switch|p1b: Pidgeot|Pidgeot, L50, M|100/100\n|switch|p2a: Raichu|Raichu, L50, F|100/100\n|switch|p2b: Basculegion|Basculegion, L50, M|100/100\n|turn|1\n|\n|t:|1788397618\n|switch|p2b: Swampert|Swampert, L50, F|100/100\n|detailschange|p1b: Pidgeot|Pidgeot-Mega, L50, M\n|-mega|p1b: Pidgeot|Pidgeot|Pidgeotite\n|move|p2a: Raichu|Fake Out|p1b: Pidgeot\n|-damage|p1b: Pidgeot|89/100\n|move|p1a: Simipour|Fake Out|p2a: Raichu\n|-damage|p2a: Raichu|79/100\n|cant|p1b: Pidgeot|flinch\n|\n|upkeep\n|turn|2\n|\n|t:|1788397639\n|switch|p1a: Simisage|Simisage, L50, F|100/100\n|move|p1b: Pidgeot|Tailwind|p1b: Pidgeot\n|-sidestart|p1: gemifi996644|move: Tailwind\n|move|p2a: Raichu|Discharge|p1a: Simisage|[spread] p1a,p1b\n|-immune|p2b: Swampert\n|-resisted|p1a: Simisage|1\n|-supereffective|p1b: Pidgeot|1\n|-damage|p1a: Simisage|81/100\n|-damage|p1b: Pidgeot|35/100\n|move|p2b: Swampert|Bulk Up|p2b: Swampert\n|-boost|p2b: Swampert|atk|1\n|-boost|p2b: Swampert|def|1\n|\n|upkeep\n|turn|3\n|\n|t:|1788397655\n|move|p2b: Swampert|Protect|p2b: Swampert\n|-singleturn|p2b: Swampert|Protect\n|move|p1b: Pidgeot|Roost|p1b: Pidgeot\n|-heal|p1b: Pidgeot|85/100\n|-singleturn|p1b: Pidgeot|move: Roost\n|move|p1a: Simisage|Seed Bomb|p2b: Swampert\n|-activate|p2b: Swampert|move: Protect\n|move|p2a: Raichu|Thunder|p1b: Pidgeot\n|-damage|p1b: Pidgeot|39/100\n|\n|upkeep\n|turn|4\n|\n|t:|1788397677\n|switch|p2b: Pelipper|Pelipper, L50, F|100/100\n|-weather|RainDance|[from] ability: Drizzle|[of] p2b: Pelipper\n|move|p1b: Pidgeot|Roost|p1b: Pidgeot\n|-heal|p1b: Pidgeot|89/100\n|-singleturn|p1b: Pidgeot|move: Roost\n|move|p1a: Simisage|Seed Bomb|p2b: Pelipper\n|-damage|p2b: Pelipper|78/100\n|move|p2a: Raichu|Thunder|p1b: Pidgeot\n|-damage|p1b: Pidgeot|34/100\n|-status|p1b: Pidgeot|par\n|\n|-weather|RainDance|[upkeep]\n|upkeep\n|turn|5\n|\n|t:|1788397695\n|switch|p1b: Emolga|Emolga, L50, M|100/100\n|move|p1a: Simisage|Leech Seed|p2a: Raichu\n|-start|p2a: Raichu|move: Leech Seed\n|move|p2a: Raichu|Thunder Wave|p1a: Simisage\n|-status|p1a: Simisage|par\n|move|p2b: Pelipper|Hurricane|p1a: Simisage\n|-supereffective|p1a: Simisage|1\n|-damage|p1a: Simisage|0 fnt\n|faint|p1a: Simisage\n|\n|-weather|RainDance|[upkeep]\n|-sideend|p1: gemifi996644|move: Tailwind\n|upkeep\n|\n|t:|1788397708\n|switch|p1a: Simipour|Simipour, L50, F|100/100\n|turn|6\n|\n|t:|1788397715\n|move|p1a: Simipour|Fake Out|p2a: Raichu\n|-damage|p2a: Raichu|60/100\n|move|p2b: Pelipper|Wide Guard|p2b: Pelipper\n|-singleturn|p2b: Pelipper|Wide Guard\n|cant|p2a: Raichu|flinch\n|move|p1b: Emolga|Nuzzle|p2a: Raichu\n|-activate|p2a: Raichu|ability: Lightning Rod\n|-ability|p2a: Raichu|Lightning Rod|boost\n|-boost|p2a: Raichu|spa|1\n|\n|-weather|RainDance|[upkeep]\n|-damage|p2a: Raichu|48/100|[from] Leech Seed|[of] p1a: Simipour\n|upkeep\n|turn|7\n|c|☆gemifi996644|damn i forgot about lightning rod\n|c|☆UNLEASHED.EXE|yup\n|\n|t:|1788397742\n|move|p1b: Emolga|Protect|p1b: Emolga\n|-singleturn|p1b: Emolga|Protect\n|move|p2b: Pelipper|Wide Guard|p2b: Pelipper\n|-singleturn|p2b: Pelipper|Wide Guard\n|move|p2a: Raichu|Discharge|p1b: Emolga|[spread] p1a\n|-activate|p2b: Pelipper|move: Wide Guard\n|-activate|p1b: Emolga|move: Protect\n|-supereffective|p1a: Simipour|1\n|-damage|p1a: Simipour|0 fnt\n|faint|p1a: Simipour\n|\n|-weather|RainDance|[upkeep]\n|upkeep\n|c|☆UNLEASHED.EXE|loe that\n|\n|t:|1788397753\n|switch|p1a: Pidgeot|Pidgeot-Mega, L50, M|34/100 par\n|turn|8\n|\n|t:|1788397764\n|cant|p1a: Pidgeot|par\n|move|p2b: Pelipper|Wide Guard|p2b: Pelipper\n|-singleturn|p2b: Pelipper|Wide Guard\n|move|p2a: Raichu|Discharge|p1b: Emolga|[spread] p1a,p1b\n|-activate|p2b: Pelipper|move: Wide Guard\n|-supereffective|p1a: Pidgeot|1\n|-damage|p1a: Pidgeot|0 fnt\n|-damage|p1b: Emolga|28/100\n|faint|p1a: Pidgeot\n|move|p1b: Emolga|Dual Wingbeat|p2a: Raichu\n|-resisted|p2a: Raichu|1\n|-damage|p2a: Raichu|30/100\n|-resisted|p2a: Raichu|1\n|-damage|p2a: Raichu|13/100\n|-hitcount|p2a: Raichu|2\n|\n|-weather|none\n|upkeep\n|turn|9\n|\n|t:|1788397785\n|detailschange|p2a: Raichu|Raichu-Mega-Y, L50, F\n|-mega|p2a: Raichu|Raichu|Raichunite Y\n|move|p1b: Emolga|Quick Attack|p2a: Raichu\n|-damage|p2a: Raichu|0 fnt\n|faint|p2a: Raichu\n|move|p2b: Pelipper|Weather Ball|p1b: Emolga\n|-damage|p1b: Emolga|4/100\n|\n|upkeep\n|\n|t:|1788397793\n|switch|p2a: Basculegion|Basculegion, L50, M|100/100\n|turn|10\n|c|☆UNLEASHED.EXE|gg\n|c|☆gemifi996644|emolga's still got some fight left\n|\n|t:|1788397810\n|move|p2a: Basculegion|Aqua Jet|p1b: Emolga\n|-damage|p1b: Emolga|0 fnt\n|faint|p1b: Emolga\n|\n|win|UNLEASHED.EXE\n|raw|gemifi996644's rating: 1162 &rarr; <strong>1129</strong><br />(-33 for losing)\n|raw|UNLEASHED.EXE's rating: 1047 &rarr; <strong>1090</strong><br />(+43 for winning)\n|c|☆gemifi996644|gg\n","uploadtime":1788397826,"views":"2","formatid":"gen9championsvgc2026regmb","rating":1090,"private":0,"password":null}