{"id":"gen9championsvgc2026regmb-2674259072","format":"[Gen 9 Champions] VGC 2026 Reg M-B","players":["HospitalityCheck","Noobiedoobie537"],"log":"|j|☆HospitalityCheck\n|j|☆Noobiedoobie537\n|t:|1788325316\n|gametype|doubles\n|player|p1|HospitalityCheck|2|1183\n|player|p2|Noobiedoobie537|lucas-gen4pt|1280\n|gen|9\n|tier|[Gen 9 Champions] VGC 2026 Reg M-B\n|rated|\n|rule|Species Clause: Limit one of each Pokémon\n|rule|Item Clause: Limit 1 of each item\n|clearpoke\n|poke|p1|Metagross, L50|\n|poke|p1|Incineroar, L50, F|\n|poke|p1|Sinistcha, L50|\n|poke|p1|Whimsicott, L50, M|\n|poke|p1|Garchomp, L50, F|\n|poke|p1|Kingambit, L50, F|\n|poke|p2|Reuniclus, L50, M, shiny|\n|poke|p2|Farigiraf, L50, M|\n|poke|p2|Sneasler, L50, F|\n|poke|p2|Pelipper, L50, M|\n|poke|p2|Swampert, L50, M|\n|poke|p2|Mawile, L50, M|\n|teampreview|4\n|inactive|Battle timer is ON: inactive players will automatically lose when time's up. (requested by HospitalityCheck)\nHospitalityCheck has agreed to open team sheets.\n|inactive|Noobiedoobie537 has 60 seconds left.\n|\n|t:|1788325350\n|teamsize|p1|4\n|teamsize|p2|4\n|start\n|switch|p1a: Metagross|Metagross, L50|100/100\n|switch|p1b: Incineroar|Incineroar, L50, F|100/100\n|switch|p2a: devil|Sneasler, L50, F|100/100\n|switch|p2b: Pelipper|Pelipper, L50, M|100/100\n|-weather|RainDance|[from] ability: Drizzle|[of] p2b: Pelipper\n|-ability|p1b: Incineroar|Intimidate|boost\n|-unboost|p2a: devil|atk|1\n|-unboost|p2b: Pelipper|atk|1\n|-enditem|p2a: devil|White Herb\n|-clearnegativeboost|p2a: devil|[silent]\n|turn|1\n|\n|t:|1788325361\n|detailschange|p1a: Metagross|Metagross-Mega, L50\n|-mega|p1a: Metagross|Metagross|Metagrossite\n|move|p2a: devil|Fake Out|p1b: Incineroar\n|-damage|p1b: Incineroar|86/100\n|cant|p1b: Incineroar|flinch\n|move|p1a: Metagross|Psychic Fangs|p2a: devil\n|-supereffective|p2a: devil|2\n|-damage|p2a: devil|0 fnt\n|faint|p2a: devil\n|move|p2b: Pelipper|Weather Ball|p1a: Metagross\n|-damage|p1a: Metagross|4/100\n|\n|-weather|RainDance|[upkeep]\n|upkeep\n|\n|t:|1788325371\n|switch|p2a: Swampert|Swampert, L50, M|100/100\n|turn|2\n|\n|t:|1788325386\n|detailschange|p2a: Swampert|Swampert-Mega, L50, M\n|-mega|p2a: Swampert|Swampert|Swampertite\n|move|p1a: Metagross|Protect|p1a: Metagross\n|-singleturn|p1a: Metagross|Protect\n|move|p2a: Swampert|Wave Crash|p1b: Incineroar\n|-supereffective|p1b: Incineroar|1\n|-damage|p1b: Incineroar|0 fnt\n|faint|p1b: Incineroar\n|-damage|p2a: Swampert|69/100|[from] Recoil\n|move|p2b: Pelipper|Tailwind|p2b: Pelipper\n|-sidestart|p2: Noobiedoobie537|move: Tailwind\n|\n|-weather|RainDance|[upkeep]\n|upkeep\n|\n|t:|1788325387\n|switch|p1b: Sinistcha|Sinistcha, L50|100/100\n|-heal|p1a: Metagross|29/100|[from] ability: Hospitality|[of] p1b: Sinistcha\n|turn|3\n|\n|t:|1788325399\n|switch|p1a: Whimsicott|Whimsicott, L50, M|100/100\n|move|p2a: Swampert|Earthquake|p1b: Sinistcha|[spread] p1a,p1b\n|-immune|p2b: Pelipper\n|-resisted|p1a: Whimsicott|1\n|-resisted|p1b: Sinistcha|1\n|-damage|p1a: Whimsicott|63/100\n|-damage|p1b: Sinistcha|80/100\n|move|p2b: Pelipper|Hurricane|p1b: Sinistcha\n|-supereffective|p1b: Sinistcha|1\n|-damage|p1b: Sinistcha|0 fnt\n|faint|p1b: Sinistcha\n|\n|-weather|RainDance|[upkeep]\n|upkeep\n|\n|t:|1788325400\n|switch|p1b: Metagross|Metagross-Mega, L50|29/100\n|turn|4\n|\n|t:|1788325414\n|move|p1a: Whimsicott|Protect|p1a: Whimsicott\n|-singleturn|p1a: Whimsicott|Protect\n|move|p1b: Metagross|Protect|p1b: Metagross\n|-singleturn|p1b: Metagross|Protect\n|move|p2a: Swampert|Earthquake|p1b: Metagross|[spread] \n|-activate|p1a: Whimsicott|move: Protect\n|-activate|p1b: Metagross|move: Protect\n|-immune|p2b: Pelipper\n|move|p2b: Pelipper|Hurricane|p1a: Whimsicott\n|-activate|p1a: Whimsicott|move: Protect\n|\n|-weather|RainDance|[upkeep]\n|upkeep\n|turn|5\n|\n|t:|1788325422\n|move|p2a: Swampert|Earthquake|p1b: Metagross|[spread] p1a,p1b\n|-immune|p2b: Pelipper\n|-resisted|p1a: Whimsicott|1\n|-supereffective|p1b: Metagross|1\n|-damage|p1a: Whimsicott|28/100\n|-damage|p1b: Metagross|0 fnt\n|faint|p1b: Metagross\n|move|p1a: Whimsicott|Moonblast|p2b: Pelipper\n|-damage|p2b: Pelipper|49/100\n|move|p2b: Pelipper|Hurricane|p1a: Whimsicott\n|-supereffective|p1a: Whimsicott|1\n|-damage|p1a: Whimsicott|0 fnt\n|faint|p1a: Whimsicott\n|\n|win|Noobiedoobie537\n|raw|HospitalityCheck's rating: 1183 &rarr; <strong>1165</strong><br />(-18 for losing)\n|raw|Noobiedoobie537's rating: 1280 &rarr; <strong>1298</strong><br />(+18 for winning)\n|l|☆HospitalityCheck\n|player|p1|\n|c|☆Noobiedoobie537|gg\n","uploadtime":1788325436,"views":"0","formatid":"gen9championsvgc2026regmb","rating":1165,"private":0,"password":null}