{"id":"gen9championsvgc2026regmbbo3-2673599320","format":"[Gen 9 Champions] VGC 2026 Reg M-B (Bo3)","players":["guinman24","firelight261"],"log":"|j|☆guinman24\n|j|☆firelight261\n|html|<table width=\"100%\"><tr><td align=\"left\">guinman24</td><td align=\"right\">firelight261</tr><tr><td align=\"left\"><i class=\"fa fa-circle\"></i> <i class=\"fa fa-circle-o\"></i> </td><td align=\"right\"><i class=\"fa fa-circle-o\"></i> <i class=\"fa fa-circle-o\"></i> </tr></table>\n|uhtml|bestof|<h2><strong>Game 2</strong> of <a href=\"/game-bestof3-gen9championsvgc2026regmbbo3-2673597679\">a best-of-3</a></h2>\n|t:|1788219194\n|gametype|doubles\n|player|p1|guinman24|infielder|1126\n|player|p2|firelight261|cynthia-gen4|1129\n|gen|9\n|tier|[Gen 9 Champions] VGC 2026 Reg M-B (Bo3)\n|rated|\n|rule|Species Clause: Limit one of each Pokémon\n|rule|Item Clause: Limit 1 of each item\n|clearpoke\n|poke|p1|Glimmora, L50, F, shiny|\n|poke|p1|Kingambit, L50, M|\n|poke|p1|Basculegion, L50, M|\n|poke|p1|Tyranitar, L50, F|\n|poke|p1|Staraptor, L50, F|\n|poke|p1|Whimsicott, L50, M|\n|poke|p2|Staraptor, L50, M, shiny|\n|poke|p2|Delphox, L50, M|\n|poke|p2|Garchomp, L50, F|\n|poke|p2|Whimsicott, L50, F, shiny|\n|poke|p2|Kingambit, L50, M|\n|poke|p2|Tyranitar, L50, M, shiny|\n|teampreview|4\n|showteam|p1|Glimmora||LifeOrb|ToxicDebris|SludgeBomb,PowerGem,EarthPower,SpikyShield|Timid||F|||50|]Kingambit||ChopleBerry|Defiant|IronHead,SuckerPunch,KowtowCleave,LowKick|Brave||M|||50|]Basculegion||ChoiceScarf|Adaptability|WaveCrash,AquaJet,LastRespects,FlipTurn|Adamant||M|||50|]Tyranitar||SitrusBerry|SandStream|RockSlide,KnockOff,Earthquake,Protect|Adamant||F|||50|]Staraptor||Staraptite|Intimidate|CloseCombat,BraveBird,Roost,Protect|Jolly||F|||50|]Whimsicott||FocusSash|Prankster|Charm,Protect,Tailwind,Moonblast|Timid||M|||50|\n|showteam|p2|Staraptor||Staraptite|Intimidate|Protect,Roost,CloseCombat,BraveBird|Jolly||M|||50|]Delphox||Delphoxite|Blaze|Protect,Psychic,HeatWave,Substitute|Timid||M|||50|]Garchomp||LifeOrb|RoughSkin|Protect,RockSlide,Earthquake,DragonClaw|Jolly||F|||50|]Whimsicott||FocusSash|Prankster|Moonblast,Tailwind,Charm,LightScreen|Timid||F|||50|]Kingambit||ChopleBerry|Defiant|KowtowCleave,IronHead,SuckerPunch,LowKick|Adamant||M|||50|]Tyranitar||ZoomLens|SandStream|HighHorsepower,RockSlide,Protect,KnockOff|Jolly||M|||50|\n|\n|t:|1788219249\n|teamsize|p1|4\n|teamsize|p2|4\n|start\n|switch|p1a: Whimsicott|Whimsicott, L50, M|100/100\n|switch|p1b: Glimmora|Glimmora, L50, F, shiny|100/100\n|switch|p2a: Whimsicott|Whimsicott, L50, F, shiny|100/100\n|switch|p2b: Garchomp|Garchomp, L50, F|100/100\n|turn|1\n|inactive|Battle timer is ON: inactive players will automatically lose when time's up. (requested by firelight261)\n|\n|t:|1788219281\n|switch|p1b: Staraptor|Staraptor, L50, F|100/100\n|-ability|p1b: Staraptor|Intimidate|boost\n|-unboost|p2a: Whimsicott|atk|1\n|-unboost|p2b: Garchomp|atk|1\n|move|p2b: Garchomp|Protect|p2b: Garchomp\n|-singleturn|p2b: Garchomp|Protect\n|move|p2a: Whimsicott|Light Screen|p2a: Whimsicott\n|-sidestart|p2: firelight261|move: Light Screen\n|move|p1a: Whimsicott|Charm|p2b: Garchomp\n|-activate|p2b: Garchomp|move: Protect\n|\n|upkeep\n|turn|2\n|inactive|firelight261 has 30 seconds left.\n|\n|t:|1788219313\n|switch|p2b: Kingambit|Kingambit, L50, M|100/100\n|detailschange|p1b: Staraptor|Staraptor-Mega, L50, F\n|-mega|p1b: Staraptor|Staraptor|Staraptite\n|move|p1a: Whimsicott|Tailwind|p1a: Whimsicott\n|-sidestart|p1: guinman24|move: Tailwind\n|move|p1b: Staraptor|Close Combat|p2a: Whimsicott\n|-resisted|p2a: Whimsicott|1\n|-damage|p2a: Whimsicott|69/100\n|-boost|p1b: Staraptor|def|1\n|-boost|p1b: Staraptor|spd|1\n|move|p2a: Whimsicott|Moonblast|p1b: Staraptor\n|-supereffective|p1b: Staraptor|1\n|-damage|p1b: Staraptor|58/100\n|\n|upkeep\n|turn|3\n|inactive|firelight261 has 30 seconds left.\n|inactive|firelight261 has 20 seconds left.\n|inactive|firelight261 has 15 seconds left.\n|\n|t:|1788219354\n|move|p1a: Whimsicott|Charm|p1b: Staraptor\n|-boost|p1b: Staraptor|atk|2\n|move|p2a: Whimsicott|Tailwind|p2a: Whimsicott\n|-sidestart|p2: firelight261|move: Tailwind\n|move|p1b: Staraptor|Close Combat|p2b: Kingambit\n|-supereffective|p2b: Kingambit|2\n|-enditem|p2b: Kingambit|Chople Berry|[eat]\n|-enditem|p2b: Kingambit|Chople Berry|[weaken]\n|-damage|p2b: Kingambit|0 fnt\n|-boost|p1b: Staraptor|def|1\n|-boost|p1b: Staraptor|spd|1\n|faint|p2b: Kingambit\n|\n|upkeep\n|\n|t:|1788219362\n|switch|p2b: Staraptor|Staraptor, L50, M, shiny|100/100\n|-ability|p2b: Staraptor|Intimidate|boost\n|-unboost|p1a: Whimsicott|atk|1\n|-boost|p1b: Staraptor|atk|1\n|turn|4\n|inactive|firelight261 has 30 seconds left.\n|inactive|firelight261 has 20 seconds left.\n|\n|t:|1788219401\n|detailschange|p2b: Staraptor|Staraptor-Mega, L50, M, shiny\n|-mega|p2b: Staraptor|Staraptor|Staraptite\n|move|p2a: Whimsicott|Charm|p2b: Staraptor\n|-boost|p2b: Staraptor|atk|2\n|move|p1a: Whimsicott|Moonblast|p2b: Staraptor\n|-supereffective|p2b: Staraptor|1\n|-damage|p2b: Staraptor|45/100\n|move|p2b: Staraptor|Brave Bird|p1b: Staraptor\n|-supereffective|p1b: Staraptor|1\n|-damage|p1b: Staraptor|0 fnt\n|faint|p1b: Staraptor\n|-damage|p2b: Staraptor|22/100|[from] Recoil\n|\n|upkeep\n|\n|t:|1788219415\n|switch|p1b: Basculegion|Basculegion, L50, M|100/100\n|turn|5\n|\n|t:|1788219437\n|move|p2a: Whimsicott|Charm|p1b: Basculegion\n|-unboost|p1b: Basculegion|atk|2\n|move|p1b: Basculegion|Flip Turn|p2a: Whimsicott\n|-resisted|p2a: Whimsicott|1\n|-damage|p2a: Whimsicott|56/100\n|\n|t:|1788219443\n|switch|p1b: Glimmora|Glimmora, L50, F, shiny|100/100|[from] Flip Turn\n|move|p1a: Whimsicott|Moonblast|p2b: Staraptor\n|-supereffective|p2b: Staraptor|1\n|-damage|p2b: Staraptor|0 fnt\n|faint|p2b: Staraptor\n|\n|-sideend|p2: firelight261|move: Light Screen\n|-sideend|p1: guinman24|move: Tailwind\n|upkeep\n|\n|t:|1788219448\n|switch|p2b: Garchomp|Garchomp, L50, F|100/100\n|turn|6\n|\n|t:|1788219468\n|move|p1b: Glimmora|Spiky Shield|p1b: Glimmora\n|-singleturn|p1b: Glimmora|move: Protect\n|move|p2a: Whimsicott|Light Screen|p2a: Whimsicott\n|-sidestart|p2: firelight261|move: Light Screen\n|move|p1a: Whimsicott|Charm|p2b: Garchomp\n|-unboost|p2b: Garchomp|atk|2\n|move|p2b: Garchomp|Earthquake|p1b: Glimmora|[spread] p2a,p1a\n|-activate|p1b: Glimmora|move: Protect\n|-resisted|p2a: Whimsicott|1\n|-resisted|p1a: Whimsicott|1\n|-crit|p1a: Whimsicott\n|-damage|p2a: Whimsicott|41/100\n|-damage|p1a: Whimsicott|38/100\n|-damage|p2b: Garchomp|90/100|[from] item: Life Orb\n|\n|-sideend|p2: firelight261|move: Tailwind\n|upkeep\n|turn|7\n|inactive|guinman24 has 30 seconds left.\n|\n|t:|1788219498\n|switch|p1b: Basculegion|Basculegion, L50, M|100/100\n|move|p1a: Whimsicott|Charm|p2b: Garchomp\n|-unboost|p2b: Garchomp|atk|2\n|move|p2a: Whimsicott|Tailwind|p2a: Whimsicott\n|-sidestart|p2: firelight261|move: Tailwind\n|move|p2b: Garchomp|Rock Slide|p1a: Whimsicott|[spread] p1b\n|-miss|p2b: Garchomp|p1a: Whimsicott\n|-crit|p1b: Basculegion\n|-damage|p1b: Basculegion|50/100g\n|-damage|p2b: Garchomp|80/100|[from] item: Life Orb\n|\n|upkeep\n|turn|8\n|\n|t:|1788219520\n|move|p1a: Whimsicott|Tailwind|p1a: Whimsicott\n|-sidestart|p1: guinman24|move: Tailwind\n|move|p1b: Basculegion|Flip Turn|p2a: Whimsicott\n|-resisted|p2a: Whimsicott|1\n|-damage|p2a: Whimsicott|16/100\n|\n|t:|1788219525\n|switch|p1b: Glimmora|Glimmora, L50, F, shiny|100/100|[from] Flip Turn\n|move|p2a: Whimsicott|Moonblast|p1a: Whimsicott\n|-damage|p1a: Whimsicott|0 fnt\n|faint|p1a: Whimsicott\n|move|p2b: Garchomp|Rock Slide|p1b: Glimmora\n|-damage|p1b: Glimmora|85/100\n|-activate|p1b: Glimmora|ability: Toxic Debris\n|-sidestart|p2: firelight261|move: Toxic Spikes\n|-damage|p2b: Garchomp|70/100|[from] item: Life Orb\n|\n|upkeep\n|\n|t:|1788219536\n|switch|p1a: Basculegion|Basculegion, L50, M|50/100g\n|turn|9\n|\n|t:|1788219553\n|move|p1b: Glimmora|Spiky Shield|p1b: Glimmora\n|-singleturn|p1b: Glimmora|move: Protect\n|move|p1a: Basculegion|Last Respects|p2b: Garchomp\n|-damage|p2b: Garchomp|0 fnt\n|faint|p2b: Garchomp\n|move|p2a: Whimsicott|Moonblast|p1a: Basculegion\n|-damage|p1a: Basculegion|19/100\n|\n|upkeep\n|turn|10\n|-message|firelight261 forfeited.\n|\n|win|guinman24\n|raw|guinman24's rating: 1126 &rarr; <strong>1151</strong><br />(+25 for winning)\n|raw|firelight261's rating: 1129 &rarr; <strong>1104</strong><br />(-25 for losing)\n|l|☆firelight261\n|player|p2|\n","uploadtime":1788219579,"views":"4","formatid":"gen9championsvgc2026regmbbo3","rating":1104,"private":0,"password":null}