{"id":"gen9championsvgc2026regmbbo3-2674076412","format":"[Gen 9 Champions] VGC 2026 Reg M-B (Bo3)","players":["hilloyou","trikkroomm"],"log":"|j|☆hilloyou\n|j|☆trikkroomm\n|html|<table width=\"100%\"><tr><td align=\"left\">hilloyou</td><td align=\"right\">trikkroomm</tr><tr><td align=\"left\"><i class=\"fa fa-circle\"></i> <i class=\"fa fa-circle-o\"></i> </td><td align=\"right\"><i class=\"fa fa-circle-o\"></i> <i class=\"fa fa-circle\"></i> </tr></table>\n|uhtml|bestof|<h2><strong>Game 3</strong> of <a href=\"/game-bestof3-gen9championsvgc2026regmbbo3-2674073727\">a best-of-3</a></h2>\n|t:|1788295881\n|gametype|doubles\n|player|p1|hilloyou|1|1237\n|player|p2|trikkroomm|266|1170\n|gen|9\n|tier|[Gen 9 Champions] VGC 2026 Reg M-B (Bo3)\n|rated|\n|rule|Species Clause: Limit one of each Pokémon\n|rule|Item Clause: Limit 1 of each item\n|clearpoke\n|poke|p1|Dragonite, L50, F|\n|poke|p1|Sylveon, L50, M|\n|poke|p1|Sneasler, L50, M|\n|poke|p1|Metagross, L50|\n|poke|p1|Kingambit, L50, F|\n|poke|p1|Hydreigon, L50, M|\n|poke|p2|Vivillon, L50, F|\n|poke|p2|Charizard, L50, M|\n|poke|p2|Maushold-Four, L50|\n|poke|p2|Garchomp, L50, M|\n|poke|p2|Whimsicott, L50, F|\n|poke|p2|Blastoise, L50, M|\n|teampreview|4\n|showteam|p1|Dragonite||Dragoninite|Multiscale|Protect,HeatWave,DragonPulse,ExtremeSpeed|Modest||F|||50|]Sylveon||FairyFeather|Pixilate|Protect,HyperBeam,HyperVoice,QuickAttack|Modest||M|||50|]Sneasler||FocusSash|PoisonTouch|FakeOut,Feint,PoisonJab,CloseCombat|Jolly||M|||50|]Metagross||Metagrossite|ClearBody|Protect,PsychicFangs,IronHead,StompingTantrum|Jolly|||||50|]Kingambit||ChopleBerry|Defiant|Protect,KowtowCleave,LowKick,SuckerPunch|Adamant||F|||50|]Hydreigon||ChoiceScarf|Levitate|Snarl,DarkPulse,DracoMeteor,EarthPower|Modest||M|||50|\n|showteam|p2|Vivillon||ChoiceScarf|CompoundEyes|SleepPowder,Hurricane,Tailwind,RagePowder|Timid||F|||50|]Charizard||CharizarditeY|Blaze|HeatWave,SolarBeam,AncientPower,Protect|Modest||M|||50|]Maushold-Four||WideLens|Technician|PopulationBomb,FollowMe,Feint,Protect|Jolly|||||50|]Garchomp||LifeOrb|RoughSkin|Earthquake,DragonClaw,StompingTantrum,Protect|Jolly||M|||50|]Whimsicott||FocusSash|Prankster|Moonblast,EnergyBall,Encore,Tailwind|Timid||F|||50|]Blastoise||Blastoisinite|RainDish|WaterSpout,DarkPulse,FakeOut,ShellSmash|Modest||M|||50|\n|\n|t:|1788295927\n|teamsize|p1|4\n|teamsize|p2|4\n|start\n|switch|p1a: Sneasler|Sneasler, L50, M|100/100\n|switch|p1b: Dragonite|Dragonite, L50, F|100/100\n|switch|p2a: Vivillon|Vivillon, L50, F|100/100\n|switch|p2b: Blastoise|Blastoise, L50, M|100/100\n|turn|1\n|\n|t:|1788295967\n|detailschange|p1b: Dragonite|Dragonite-Mega, L50, F\n|-mega|p1b: Dragonite|Dragonite|Dragoninite\n|detailschange|p2b: Blastoise|Blastoise-Mega, L50, M\n|-mega|p2b: Blastoise|Blastoise|Blastoisinite\n|move|p1a: Sneasler|Fake Out|p2a: Vivillon\n|-damage|p2a: Vivillon|80/100\n|move|p2b: Blastoise|Fake Out|p1b: Dragonite\n|-damage|p1b: Dragonite|95/100\n|cant|p2a: Vivillon|flinch\n|cant|p1b: Dragonite|flinch\n|\n|upkeep\n|turn|2\n|\n|t:|1788295995\n|move|p2a: Vivillon|Sleep Powder|p1a: Sneasler\n|-status|p1a: Sneasler|slp|[from] move: Sleep Powder\n|cant|p1a: Sneasler|slp\n|move|p1b: Dragonite|Dragon Pulse|p2b: Blastoise\n|-damage|p2b: Blastoise|44/100\n|move|p2b: Blastoise|Shell Smash|p2b: Blastoise\n|-unboost|p2b: Blastoise|def|1\n|-unboost|p2b: Blastoise|spd|1\n|-boost|p2b: Blastoise|atk|2\n|-boost|p2b: Blastoise|spa|2\n|-boost|p2b: Blastoise|spe|2\n|\n|upkeep\n|turn|3\n|\n|t:|1788296012\n|move|p2b: Blastoise|Water Spout|p1a: Sneasler|[spread] p1a,p1b\n|-resisted|p1b: Dragonite|1\n|-damage|p1a: Sneasler|19/100 slp\n|-damage|p1b: Dragonite|69/100\n|move|p2a: Vivillon|Sleep Powder|p1b: Dragonite\n|-status|p1b: Dragonite|slp|[from] move: Sleep Powder\n|cant|p1a: Sneasler|slp\n|cant|p1b: Dragonite|slp\n|\n|upkeep\n|turn|4\n|\n|t:|1788296031\n|switch|p2a: Maushold|Maushold-Four, L50|100/100\n|switch|p1a: Hydreigon|Hydreigon, L50, M|100/100\n|move|p2b: Blastoise|Water Spout|p1b: Dragonite|[spread] p1a,p1b\n|-resisted|p1a: Hydreigon|1\n|-resisted|p1b: Dragonite|1\n|-damage|p1a: Hydreigon|67/100\n|-damage|p1b: Dragonite|42/100 slp\n|-curestatus|p1b: Dragonite|slp|[msg]\n|move|p1b: Dragonite|Dragon Pulse|p2a: Maushold\n|-damage|p2a: Maushold|22/100\n|\n|upkeep\n|turn|5\n|\n|t:|1788296064\n|move|p2a: Maushold|Follow Me|p2a: Maushold\n|-singleturn|p2a: Maushold|move: Follow Me\n|move|p1b: Dragonite|Extreme Speed|p2a: Maushold\n|-damage|p2a: Maushold|0 fnt\n|faint|p2a: Maushold\n|move|p2b: Blastoise|Dark Pulse|p1b: Dragonite\n|-damage|p1b: Dragonite|0 fnt\n|faint|p1b: Dragonite\n|move|p1a: Hydreigon|Snarl|p2b: Blastoise\n|-crit|p2b: Blastoise\n|-damage|p2b: Blastoise|0 fnt\n|faint|p2b: Blastoise\n|\n|upkeep\n|\n|t:|1788296084\n|switch|p2a: Vivillon|Vivillon, L50, F|80/100\n|switch|p1b: Sneasler|Sneasler, L50, M|19/100 slp\n|switch|p2b: Garchomp|Garchomp, L50, M|100/100\n|turn|6\n|\n|t:|1788296108\n|switch|p1a: Kingambit|Kingambit, L50, F|100/100\n|move|p2a: Vivillon|Hurricane|p1b: Sneasler\n|-supereffective|p1b: Sneasler|1\n|-damage|p1b: Sneasler|0 fnt\n|faint|p1b: Sneasler\n|move|p2b: Garchomp|Dragon Claw|p1a: Kingambit\n|-resisted|p1a: Kingambit|1\n|-damage|p1a: Kingambit|80/100\n|-damage|p2b: Garchomp|90/100|[from] item: Life Orb\n|\n|upkeep\n|\n|t:|1788296118\n|switch|p1b: Hydreigon|Hydreigon, L50, M|67/100\n|turn|7\n|\n|t:|1788296130\n|move|p2b: Garchomp|Protect|p2b: Garchomp\n|-singleturn|p2b: Garchomp|Protect\n|move|p2a: Vivillon|Hurricane|p1b: Hydreigon\n|-damage|p1b: Hydreigon|28/100\n|move|p1b: Hydreigon|Draco Meteor|p2b: Garchomp\n|-activate|p2b: Garchomp|move: Protect\n|move|p1a: Kingambit|Kowtow Cleave|p2a: Vivillon\n|-damage|p2a: Vivillon|12/100\n|\n|upkeep\n|turn|8\n|\n|t:|1788296141\n|move|p1a: Kingambit|Sucker Punch|p2a: Vivillon\n|-damage|p2a: Vivillon|0 fnt\n|faint|p2a: Vivillon\n|move|p1b: Hydreigon|Draco Meteor|p2b: Garchomp\n|-supereffective|p2b: Garchomp|1\n|-damage|p2b: Garchomp|0 fnt\n|-unboost|p1b: Hydreigon|spa|2\n|faint|p2b: Garchomp\n|\n|win|hilloyou\n|raw|hilloyou's rating: 1237 &rarr; <strong>1257</strong><br />(+20 for winning)\n|raw|trikkroomm's rating: 1170 &rarr; <strong>1150</strong><br />(-20 for losing)\n","uploadtime":1788296144,"views":"4","formatid":"gen9championsvgc2026regmbbo3","rating":1150,"private":0,"password":null}