{"id":"gen9championsvgc2026regmb-2674349480","format":"[Gen 9 Champions] VGC 2026 Reg M-B","players":["alexismydog","idktypeweakness"],"log":"|j|☆alexismydog\n|j|☆idktypeweakness\n|t:|1788346593\n|gametype|doubles\n|player|p1|alexismydog|265|1646\n|player|p2|idktypeweakness|iris-gen5bw2|1745\n|gen|9\n|tier|[Gen 9 Champions] VGC 2026 Reg M-B\n|rated|\n|rule|Species Clause: Limit one of each Pokémon\n|rule|Item Clause: Limit 1 of each item\n|clearpoke\n|poke|p1|Tyranitar, L50, M|\n|poke|p1|Excadrill, L50, F|\n|poke|p1|Sinistcha, L50|\n|poke|p1|Gholdengo, L50|\n|poke|p1|Staraptor, L50, F|\n|poke|p1|Milotic, L50, M|\n|poke|p2|Staraptor, L50, M, shiny|\n|poke|p2|Arcanine-Hisui, L50, F, shiny|\n|poke|p2|Kingambit, L50, M, shiny|\n|poke|p2|Sylveon, L50, F, shiny|\n|poke|p2|Raichu, L50, F, shiny|\n|poke|p2|Farigiraf, L50, F, shiny|\n|teampreview|4\n|inactive|Battle timer is ON: inactive players will automatically lose when time's up. (requested by idktypeweakness)\n|\n|t:|1788346622\n|teamsize|p1|4\n|teamsize|p2|4\n|start\n|switch|p1a: Staraptor|Staraptor, L50, F|100/100\n|switch|p1b: Gholdengo|Gholdengo, L50|100/100\n|switch|p2a: Staraptor|Staraptor, L50, M, shiny|100/100\n|switch|p2b: Arcanine|Arcanine-Hisui, L50, F, shiny|100/100\n|-ability|p2a: Staraptor|Intimidate|boost\n|-unboost|p1a: Staraptor|atk|1\n|-unboost|p1b: Gholdengo|atk|1\n|-ability|p1a: Staraptor|Intimidate|boost\n|-unboost|p2a: Staraptor|atk|1\n|-unboost|p2b: Arcanine|atk|1\n|turn|1\n|\n|t:|1788346634\n|detailschange|p2a: Staraptor|Staraptor-Mega, L50, M, shiny\n|-mega|p2a: Staraptor|Staraptor|Staraptite\n|detailschange|p1a: Staraptor|Staraptor-Mega, L50, F\n|-mega|p1a: Staraptor|Staraptor|Staraptite\n|move|p2a: Staraptor|Tailwind|p2a: Staraptor\n|-sidestart|p2: idktypeweakness|move: Tailwind\n|move|p2b: Arcanine|Flare Blitz|p1b: Gholdengo\n|-supereffective|p1b: Gholdengo|1\n|-damage|p1b: Gholdengo|15/100\n|move|p1a: Staraptor|Tailwind|p1a: Staraptor\n|-sidestart|p1: alexismydog|move: Tailwind\n|move|p1b: Gholdengo|Nasty Plot|p1b: Gholdengo\n|-boost|p1b: Gholdengo|spa|2\n|\n|upkeep\n|turn|2\n|\n|t:|1788346647\n|move|p1b: Gholdengo|Protect|p1b: Gholdengo\n|-singleturn|p1b: Gholdengo|Protect\n|move|p2a: Staraptor|Close Combat|p1a: Staraptor\n|-resisted|p1a: Staraptor|1\n|-damage|p1a: Staraptor|79/100\n|-boost|p2a: Staraptor|def|1\n|-boost|p2a: Staraptor|spd|1\n|move|p1a: Staraptor|Close Combat|p2b: Arcanine\n|-supereffective|p2b: Arcanine|1\n|-enditem|p2b: Arcanine|Focus Sash\n|-damage|p2b: Arcanine|1/100\n|-boost|p1a: Staraptor|def|1\n|-boost|p1a: Staraptor|spd|1\n|move|p2b: Arcanine|Flare Blitz|p1b: Gholdengo\n|-activate|p1b: Gholdengo|move: Protect\n|\n|upkeep\n|turn|3\n|\n|t:|1788346664\n|move|p2a: Staraptor|Close Combat|p1a: Staraptor\n|-resisted|p1a: Staraptor|1\n|-damage|p1a: Staraptor|66/100\n|-boost|p2a: Staraptor|def|1\n|-boost|p2a: Staraptor|spd|1\n|move|p1a: Staraptor|Close Combat|p2b: Arcanine\n|-supereffective|p2b: Arcanine|1\n|-damage|p2b: Arcanine|0 fnt\n|-boost|p1a: Staraptor|def|1\n|-boost|p1a: Staraptor|spd|1\n|faint|p2b: Arcanine\n|move|p1b: Gholdengo|Nasty Plot|p1b: Gholdengo\n|-boost|p1b: Gholdengo|spa|2\n|\n|upkeep\n|\n|t:|1788346673\n|switch|p2b: Kingambit|Kingambit, L50, M, shiny|100/100\n|turn|4\n|\n|t:|1788346683\n|move|p1b: Gholdengo|Protect|p1b: Gholdengo\n|-singleturn|p1b: Gholdengo|Protect\n|move|p2b: Kingambit|Protect|p2b: Kingambit\n|-singleturn|p2b: Kingambit|Protect\n|move|p2a: Staraptor|Close Combat|p1a: Staraptor\n|-resisted|p1a: Staraptor|1\n|-crit|p1a: Staraptor\n|-damage|p1a: Staraptor|27/100\n|-boost|p2a: Staraptor|def|1\n|-boost|p2a: Staraptor|spd|1\n|move|p1a: Staraptor|Close Combat|p2b: Kingambit\n|-activate|p2b: Kingambit|move: Protect\n|\n|-sideend|p2: idktypeweakness|move: Tailwind\n|-sideend|p1: alexismydog|move: Tailwind\n|upkeep\n|turn|5\n|\n|t:|1788346697\n|move|p2b: Kingambit|Sucker Punch||[still]\n|-fail|p2b: Kingambit\n|move|p2a: Staraptor|Close Combat|p1a: Staraptor\n|-resisted|p1a: Staraptor|1\n|-damage|p1a: Staraptor|16/100\n|-boost|p2a: Staraptor|def|1\n|-boost|p2a: Staraptor|spd|1\n|move|p1a: Staraptor|Close Combat|p2b: Kingambit\n|-supereffective|p2b: Kingambit|2\n|-damage|p2b: Kingambit|0 fnt\n|-boost|p1a: Staraptor|def|1\n|-boost|p1a: Staraptor|spd|1\n|faint|p2b: Kingambit\n|move|p1b: Gholdengo|Nasty Plot|p1b: Gholdengo\n|-boost|p1b: Gholdengo|spa|2\n|\n|upkeep\n|\n|t:|1788346700\n|switch|p2b: Sylveon|Sylveon, L50, F, shiny|100/100\n|turn|6\n|\n|t:|1788346715\n|move|p1a: Staraptor|Protect|p1a: Staraptor\n|-singleturn|p1a: Staraptor|Protect\n|move|p2b: Sylveon|Quick Attack|p1b: Gholdengo\n|-resisted|p1b: Gholdengo|1\n|-damage|p1b: Gholdengo|8/100\n|move|p2a: Staraptor|Dual Wingbeat|p1b: Gholdengo\n|-resisted|p1b: Gholdengo|1\n|-damage|p1b: Gholdengo|1/100\n|-resisted|p1b: Gholdengo|1\n|-damage|p1b: Gholdengo|0 fnt\n|faint|p1b: Gholdengo\n|-hitcount|p1: Gholdengo|2\n|\n|upkeep\n|\n|t:|1788346727\n|switch|p1b: Tyranitar|Tyranitar, L50, M|100/100\n|-weather|Sandstorm|[from] ability: Sand Stream|[of] p1b: Tyranitar\n|turn|7\n|\n|t:|1788346739\n|move|p2b: Sylveon|Quick Attack|p1a: Staraptor\n|-supereffective|p1a: Staraptor|1\n|-damage|p1a: Staraptor|7/100\n|move|p2a: Staraptor|Close Combat|p1a: Staraptor\n|-resisted|p1a: Staraptor|1\n|-damage|p1a: Staraptor|0 fnt\n|-boost|p2a: Staraptor|def|1\n|-boost|p2a: Staraptor|spd|1\n|faint|p1a: Staraptor\n|move|p1b: Tyranitar|Dragon Dance|p1b: Tyranitar\n|-boost|p1b: Tyranitar|atk|1\n|-boost|p1b: Tyranitar|spe|1\n|\n|-weather|Sandstorm|[upkeep]\n|-damage|p2a: Staraptor|93/100|[from] Sandstorm\n|-damage|p2b: Sylveon|94/100|[from] Sandstorm\n|upkeep\n|\n|t:|1788346751\n|switch|p1a: Excadrill|Excadrill, L50, F|100/100\n|turn|8\n|\n|t:|1788346759\n|move|p2b: Sylveon|Quick Attack|p1a: Excadrill\n|-resisted|p1a: Excadrill|1\n|-damage|p1a: Excadrill|91/100\n|move|p1a: Excadrill|Rock Slide|p2a: Staraptor|[spread] p2a,p2b\n|-damage|p2a: Staraptor|86/100\n|-damage|p2b: Sylveon|58/100\n|-damage|p1a: Excadrill|81/100|[from] item: Life Orb\n|move|p1b: Tyranitar|Rock Slide|p2b: Sylveon|[spread] p2a,p2b\n|-damage|p2a: Staraptor|74/100\n|-damage|p2b: Sylveon|10/100\n|cant|p2a: Staraptor|flinch\n|\n|-weather|Sandstorm|[upkeep]\n|-damage|p2a: Staraptor|68/100|[from] Sandstorm\n|-damage|p2b: Sylveon|5/100|[from] Sandstorm\n|upkeep\n|turn|9\n|\n|t:|1788346777\n|move|p2b: Sylveon|Quick Attack|p1b: Tyranitar\n|-supereffective|p1b: Tyranitar|1\n|-damage|p1b: Tyranitar|75/100\n|move|p1a: Excadrill|Iron Head|p2a: Staraptor\n|-damage|p2a: Staraptor|51/100\n|-damage|p1a: Excadrill|72/100|[from] item: Life Orb\n|move|p1b: Tyranitar|Rock Slide|p2b: Sylveon|[spread] p2a,p2b\n|-damage|p2a: Staraptor|39/100\n|-damage|p2b: Sylveon|0 fnt\n|faint|p2b: Sylveon\n|move|p2a: Staraptor|Close Combat|p1a: Excadrill\n|-supereffective|p1a: Excadrill|1\n|-damage|p1a: Excadrill|0 fnt\n|-boost|p2a: Staraptor|def|1\n|-boost|p2a: Staraptor|spd|1\n|faint|p1a: Excadrill\n|\n|-weather|Sandstorm|[upkeep]\n|-damage|p2a: Staraptor|32/100|[from] Sandstorm\n|upkeep\n|turn|10\n|l|☆idktypeweakness\n|inactive|idktypeweakness disconnected and has a minute to reconnect!\n|player|p2|\n|\n|t:|1788346797\n|move|p1b: Tyranitar|Rock Slide|p2a: Staraptor\n|-damage|p2a: Staraptor|18/100\n|cant|p2a: Staraptor|flinch\n|\n|-weather|Sandstorm|[upkeep]\n|-damage|p2a: Staraptor|12/100|[from] Sandstorm\n|upkeep\n|turn|11\n|j|☆idktypeweakness\n|inactive|idktypeweakness reconnected and has 35 seconds left.\n|player|p2|idktypeweakness|iris-gen5bw2|\n|inactive|idktypeweakness has 30 seconds left.\n|\n|t:|1788346827\n|move|p1b: Tyranitar|Rock Slide|p2a: Staraptor\n|-damage|p2a: Staraptor|0 fnt\n|faint|p2a: Staraptor\n|\n|win|alexismydog\n|raw|alexismydog's rating: 1646 &rarr; <strong>1672</strong><br />(+26 for winning)\n|raw|idktypeweakness's rating: 1745 &rarr; <strong>1719</strong><br />(-26 for losing)\n","uploadtime":1788346834,"views":"15","formatid":"gen9championsvgc2026regmb","rating":1672,"private":0,"password":null}