{"id":"gen9championsvgc2026regmb-2674484877","format":"[Gen 9 Champions] VGC 2026 Reg M-B","players":["P28","McCoop"],"log":"|j|☆P28\n|j|☆McCoop\n|t:|1788365312\n|gametype|doubles\n|player|p1|P28|170|1263\n|player|p2|McCoop|170|1256\n|gen|9\n|tier|[Gen 9 Champions] VGC 2026 Reg M-B\n|rated|\n|rule|Species Clause: Limit one of each Pokémon\n|rule|Item Clause: Limit 1 of each item\n|clearpoke\n|poke|p1|Froslass, L50, F|\n|poke|p1|Glaceon, L50, M|\n|poke|p1|Talonflame, L50, F|\n|poke|p1|Glimmora, L50, M, shiny|\n|poke|p1|Sneasler, L50, M|\n|poke|p1|Kingambit, L50, F|\n|poke|p2|Dragapult, L50, F|\n|poke|p2|Hatterene, L50, F|\n|poke|p2|Tyranitar, L50, M|\n|poke|p2|Tinkaton, L50, F|\n|poke|p2|Orthworm, L50, M|\n|poke|p2|Oranguru, L50, F|\n|teampreview|4\nP28 rejected open team sheets.\n|inactive|Battle timer is ON: inactive players will automatically lose when time's up. (requested by McCoop)\n|inactive|P28 has 60 seconds left.\n|\n|t:|1788365403\n|teamsize|p1|4\n|teamsize|p2|4\n|start\n|switch|p1a: Froslass|Froslass, L50, F|100/100\n|switch|p1b: Sneasler|Sneasler, L50, M|100/100\n|switch|p2a: Tyranitar|Tyranitar, L50, M|100/100\n|switch|p2b: Tinkaton|Tinkaton, L50, F|100/100\n|-weather|Sandstorm|[from] ability: Sand Stream|[of] p2a: Tyranitar\n|turn|1\n|inactive|P28 has 30 seconds left.\n|inactive|P28 has 20 seconds left.\n|inactive|P28 has 15 seconds left.\n|inactive|P28 has 10 seconds left.\n|\n|t:|1788365451\n|switch|p1b: Kingambit|Kingambit, L50, F|100/100\n|switch|p2a: Dragapult|Dragapult, L50, F|100/100\n|move|p1a: Froslass|Protect|p1a: Froslass\n|-singleturn|p1a: Froslass|Protect\n|move|p2b: Tinkaton|Gigaton Hammer|p1a: Froslass\n|-activate|p1a: Froslass|move: Protect\n|\n|-weather|Sandstorm|[upkeep]\n|-damage|p2a: Dragapult|93/100|[from] Sandstorm\n|-damage|p1a: Froslass|94/100|[from] Sandstorm\n|upkeep\n|turn|2\n|inactive|P28 has 30 seconds left.\n|inactive|McCoop has 30 seconds left.\n|inactive|P28 has 20 seconds left.\n|inactive|P28 has 15 seconds left.\n|inactive|P28 has 10 seconds left.\n|inactive|P28 has 5 seconds left.\n|\n|t:|1788365504\n|switch|p2b: Oranguru|Oranguru, L50, F|100/100\n|detailschange|p1a: Froslass|Froslass-Mega, L50, F\n|-mega|p1a: Froslass|Froslass|Froslassite\n|-weather|Snowscape|[from] ability: Snow Warning|[of] p1a: Froslass\n|move|p2a: Dragapult|Protect|p2a: Dragapult\n|-singleturn|p2a: Dragapult|Protect\n|move|p1a: Froslass|Blizzard|p2a: Dragapult|[spread] p2b\n|-activate|p2a: Dragapult|move: Protect\n|-damage|p2b: Oranguru|61/100\n|move|p1b: Kingambit|Low Kick|p2b: Oranguru\n|-damage|p2b: Oranguru|29/100\n|\n|-weather|Snowscape|[upkeep]\n|upkeep\n|turn|3\n|inactive|P28 has 30 seconds left.\n|inactive|McCoop has 30 seconds left.\n|inactive|P28 has 20 seconds left.\n|inactive|McCoop has 20 seconds left.\n|inactive|P28 has 15 seconds left.\n|inactive|P28 has 10 seconds left.\n|inactive|P28 has 5 seconds left.\n|\n|t:|1788365556\n|switch|p2a: Tyranitar|Tyranitar, L50, M|100/100\n|-weather|Sandstorm|[from] ability: Sand Stream|[of] p2a: Tyranitar\n|move|p1a: Froslass|Protect|p1a: Froslass\n|-singleturn|p1a: Froslass|Protect\n|move|p1b: Kingambit|Kowtow Cleave|p2b: Oranguru\n|-supereffective|p2b: Oranguru|1\n|-enditem|p2b: Oranguru|Colbur Berry|[eat]\n|-enditem|p2b: Oranguru|Colbur Berry|[weaken]\n|-damage|p2b: Oranguru|0 fnt\n|faint|p2b: Oranguru\n|\n|-weather|Sandstorm|[upkeep]\n|-damage|p1a: Froslass|88/100|[from] Sandstorm\n|upkeep\n|\n|t:|1788365572\n|switch|p2b: Dragapult|Dragapult, L50, F|93/100\n|turn|4\n|inactive|P28 has 30 seconds left.\n|\n|t:|1788365601\n|switch|p1a: Glaceon|Glaceon, L50, M|100/100\n|detailschange|p2a: Tyranitar|Tyranitar-Mega, L50, M\n|-mega|p2a: Tyranitar|Tyranitar|Tyranitarite\n|move|p2b: Dragapult|Phantom Force||[still]\n|-prepare|p2b: Dragapult|Phantom Force\n|move|p2a: Tyranitar|Dragon Dance|p2a: Tyranitar\n|-boost|p2a: Tyranitar|atk|1\n|-boost|p2a: Tyranitar|spe|1\n|move|p1b: Kingambit|Low Kick|p2a: Tyranitar\n|-supereffective|p2a: Tyranitar|2\n|-damage|p2a: Tyranitar|0 fnt\n|faint|p2a: Tyranitar\n|\n|-weather|Sandstorm|[upkeep]\n|-damage|p2b: Dragapult|87/100|[from] Sandstorm\n|-damage|p1a: Glaceon|93/100|[from] Sandstorm\n|upkeep\n|\n|t:|1788365617\n|switch|p2a: Tinkaton|Tinkaton, L50, F|100/100\n|turn|5\n|inactive|P28 has 30 seconds left.\n|\n|t:|1788365644\n|move|p2a: Tinkaton|Fake Out|p1b: Kingambit\n|-resisted|p1b: Kingambit|1\n|-damage|p1b: Kingambit|95/100\n|move|p2b: Dragapult|Phantom Force|p1a: Glaceon|[from] lockedmove\n|-damage|p1a: Glaceon|35/100\n|-damage|p2b: Dragapult|78/100|[from] item: Life Orb\n|move|p1a: Glaceon|Freeze-Dry|p2b: Dragapult\n|-supereffective|p2b: Dragapult|1\n|-damage|p2b: Dragapult|0 fnt\n|faint|p2b: Dragapult\n|cant|p1b: Kingambit|flinch\n|\n|-weather|Sandstorm|[upkeep]\n|-damage|p1a: Glaceon|29/100|[from] Sandstorm\n|upkeep\n|turn|6\n|inactive|P28 has 30 seconds left.\n|\n|t:|1788365670\n|move|p2a: Tinkaton|Gigaton Hammer|p1a: Glaceon\n|-supereffective|p1a: Glaceon|1\n|-damage|p1a: Glaceon|0 fnt\n|faint|p1a: Glaceon\n|move|p1b: Kingambit|Low Kick|p2a: Tinkaton\n|-damage|p2a: Tinkaton|47/100\n|\n|-weather|Sandstorm|[upkeep]\n|upkeep\n|\n|t:|1788365679\n|switch|p1a: Froslass|Froslass-Mega, L50, F|88/100\n|-weather|Snowscape|[from] ability: Snow Warning|[of] p1a: Froslass\n|turn|7\n|\n|t:|1788365686\n|move|p2a: Tinkaton|Protect|p2a: Tinkaton\n|-singleturn|p2a: Tinkaton|Protect\n|move|p1a: Froslass|Shadow Ball|p2a: Tinkaton\n|-activate|p2a: Tinkaton|move: Protect\n|move|p1b: Kingambit|Low Kick|p2a: Tinkaton\n|-activate|p2a: Tinkaton|move: Protect\n|\n|-weather|Snowscape|[upkeep]\n|upkeep\n|turn|8\n|\n|t:|1788365698\n|move|p1a: Froslass|Shadow Ball|p2a: Tinkaton\n|-damage|p2a: Tinkaton|0 fnt\n|faint|p2a: Tinkaton\n|\n|win|P28\n|raw|P28's rating: 1263 &rarr; <strong>1287</strong><br />(+24 for winning)\n|raw|McCoop's rating: 1256 &rarr; <strong>1232</strong><br />(-24 for losing)\n|l|☆McCoop\n|player|p2|\n|c|☆P28|ggs\n","uploadtime":1788365706,"views":"5","formatid":"gen9championsvgc2026regmb","rating":1232,"private":0,"password":null}