{"id":"gen9championsvgc2026regmbbo3-2673709683","format":"[Gen 9 Champions] VGC 2026 Reg M-B (Bo3)","players":["Biboom","aboc2399"],"log":"|j|☆Biboom\n|j|☆aboc2399\n|html|<table width=\"100%\"><tr><td align=\"left\">Biboom</td><td align=\"right\">aboc2399</tr><tr><td align=\"left\"><i class=\"fa fa-circle\"></i> <i class=\"fa fa-circle-o\"></i> </td><td align=\"right\"><i class=\"fa fa-circle-o\"></i> <i class=\"fa fa-circle\"></i> </tr></table>\n|uhtml|bestof|<h2><strong>Game 3</strong> of <a href=\"/game-bestof3-gen9championsvgc2026regmbbo3-2673701657\">a best-of-3</a></h2>\n|t:|1788237805\n|gametype|doubles\n|player|p1|Biboom|swimmer-gen4dp|\n|player|p2|aboc2399|winona|\n|gen|9\n|tier|[Gen 9 Champions] VGC 2026 Reg M-B (Bo3)\n|rule|Species Clause: Limit one of each Pokémon\n|rule|Item Clause: Limit 1 of each item\n|clearpoke\n|poke|p1|Charizard, L50, M, shiny|\n|poke|p1|Kingambit, L50, M, shiny|\n|poke|p1|Garchomp, L50, F|\n|poke|p1|Slowbro, L50, F, shiny|\n|poke|p1|Sableye, L50, M|\n|poke|p1|Sneasler, L50, F|\n|poke|p2|Maushold, L50, shiny|\n|poke|p2|Delphox, L50, F|\n|poke|p2|Mamoswine, L50, F|\n|poke|p2|Goodra-Hisui, L50, F|\n|poke|p2|Vaporeon, L50, F, shiny|\n|poke|p2|Annihilape, L50, F, shiny|\n|teampreview|4\n|showteam|p1|Charizard||CharizarditeY|Blaze|AirSlash,HeatWave,SolarBeam,Protect|Timid||M|||50|]Kingambit||FocusSash|Defiant|KowtowCleave,SuckerPunch,IronHead,Protect|Adamant||M|||50|]Garchomp||LifeOrb|RoughSkin|Earthquake,Protect,RockSlide,Liquidation|Jolly||F|||50|]Slowbro||Slowbronite|Oblivious|IceBeam,Scald,Psychic,CalmMind|Quiet||F|||50|]Sableye||Sablenite|Prankster|LightScreen,Reflect,Poltergeist,Encore|Careful||M|||50|]Sneasler||MentalHerb|Unburden|CloseCombat,DireClaw,FakeOut,Protect|Jolly||F|||50|\n|showteam|p2|Maushold||WideLens|Technician|PopulationBomb,FollowMe,Feint,Protect|Jolly|||||50|]Delphox||Delphoxite|Magician|HeatWave,Psyshock,Encore,Protect|Timid||F|||50|]Mamoswine||LifeOrb|ThickFat|IceShard,HighHorsepower,RockSlide,Protect|Jolly||F|||50|]Goodra-Hisui||ExpertBelt|ShellArmor|IceBeam,Thunderbolt,Flamethrower,Protect|Modest||F|||50|]Vaporeon||Leftovers|WaterAbsorb|Yawn,IceBeam,ShadowBall,Protect|Modest||F|||50|]Annihilape||FocusSash|Defiant|RockTomb,CloseCombat,PhantomForce,Protect|Jolly||F|||50|\n|j| EGG_dude\n|j| PorygonTheBot\n|c| PorygonTheBot|y'all suck\n|\n|t:|1788237961\n|teamsize|p1|4\n|teamsize|p2|4\n|start\n|switch|p1a: GATA MICHU MICHU|Sneasler, L50, F|100/100\n|switch|p1b: TE METO EL BICHO|Kingambit, L50, M, shiny|100/100\n|switch|p2a: Maushold|Maushold, L50, shiny|100/100\n|switch|p2b: Delphox|Delphox, L50, F|100/100\n|turn|1\n|\n|t:|1788238004\n|detailschange|p2b: Delphox|Delphox-Mega, L50, F\n|-mega|p2b: Delphox|Delphox|Delphoxite\n|move|p2b: Delphox|Protect|p2b: Delphox\n|-singleturn|p2b: Delphox|Protect\n|move|p2a: Maushold|Protect|p2a: Maushold\n|-singleturn|p2a: Maushold|Protect\n|move|p1a: GATA MICHU MICHU|Fake Out|p2b: Delphox\n|-activate|p2b: Delphox|move: Protect\n|move|p1b: TE METO EL BICHO|Kowtow Cleave|p2a: Maushold\n|-activate|p2a: Maushold|move: Protect\n|\n|upkeep\n|turn|2\n|\n|t:|1788238035\n|move|p2a: Maushold|Follow Me|p2a: Maushold\n|-singleturn|p2a: Maushold|move: Follow Me\n|move|p1b: TE METO EL BICHO|Sucker Punch||[still]\n|-fail|p1b: TE METO EL BICHO\n|move|p2b: Delphox|Encore|p1a: GATA MICHU MICHU\n|-start|p1a: GATA MICHU MICHU|Encore\n|-enditem|p1a: GATA MICHU MICHU|Mental Herb\n|-end|p1a: GATA MICHU MICHU|Encore\n|move|p1a: GATA MICHU MICHU|Close Combat|p2a: Maushold\n|-supereffective|p2a: Maushold|1\n|-damage|p2a: Maushold|0 fnt\n|-unboost|p1a: GATA MICHU MICHU|def|1\n|-unboost|p1a: GATA MICHU MICHU|spd|1\n|faint|p2a: Maushold\n|\n|upkeep\n|\n|t:|1788238073\n|switch|p2a: Vaporeon|Vaporeon, L50, F, shiny|100/100\n|turn|3\n|\n|t:|1788238266\n|switch|p1a: DONDE PONGO EL OJO|Sableye, L50, M|100/100\n|move|p1b: TE METO EL BICHO|Sucker Punch||[still]\n|-fail|p1b: TE METO EL BICHO\n|move|p2b: Delphox|Encore|p1b: TE METO EL BICHO\n|-start|p1b: TE METO EL BICHO|Encore\n|move|p2a: Vaporeon|Yawn|p1a: DONDE PONGO EL OJO\n|-start|p1a: DONDE PONGO EL OJO|move: Yawn|[of] p2a: Vaporeon\n|\n|upkeep\n|turn|4\n|\n|t:|1788238402\n|switch|p2b: Mamoswine|Mamoswine, L50, F|100/100\n|move|p1a: DONDE PONGO EL OJO|Light Screen|p1a: DONDE PONGO EL OJO\n|-sidestart|p1: Biboom|move: Light Screen\n|move|p1b: TE METO EL BICHO|Sucker Punch||[still]\n|-fail|p1b: TE METO EL BICHO\n|move|p2a: Vaporeon|Yawn|p1b: TE METO EL BICHO\n|-start|p1b: TE METO EL BICHO|move: Yawn|[of] p2a: Vaporeon\n|\n|-end|p1a: DONDE PONGO EL OJO|move: Yawn|[silent]\n|-status|p1a: DONDE PONGO EL OJO|slp\n|upkeep\n|turn|5\n|\n|t:|1788238446\n|move|p1b: TE METO EL BICHO|Sucker Punch|p2b: Mamoswine\n|-damage|p2b: Mamoswine|59/100\n|cant|p1a: DONDE PONGO EL OJO|slp\n|move|p2b: Mamoswine|High Horsepower|p1b: TE METO EL BICHO\n|-supereffective|p1b: TE METO EL BICHO|1\n|-damage|p1b: TE METO EL BICHO|12/100\n|-damage|p2b: Mamoswine|49/100|[from] item: Life Orb\n|move|p2a: Vaporeon|Ice Beam|p1a: DONDE PONGO EL OJO\n|-damage|p1a: DONDE PONGO EL OJO|78/100 slp\n|\n|-end|p1b: TE METO EL BICHO|move: Yawn|[silent]\n|-status|p1b: TE METO EL BICHO|slp\n|upkeep\n|turn|6\n|\n|t:|1788238484\n|switch|p1b: LAGARTIJA COGELONA|Charizard, L50, M, shiny|100/100\n|cant|p1a: DONDE PONGO EL OJO|slp\n|move|p2b: Mamoswine|High Horsepower|p1b: LAGARTIJA COGELONA\n|-immune|p1b: LAGARTIJA COGELONA\n|move|p2a: Vaporeon|Shadow Ball|p1a: DONDE PONGO EL OJO\n|-damage|p1a: DONDE PONGO EL OJO|61/100 slp\n|-unboost|p1a: DONDE PONGO EL OJO|spd|1\n|\n|upkeep\n|turn|7\n|\n|t:|1788238559\n|detailschange|p1b: LAGARTIJA COGELONA|Charizard-Mega-Y, L50, M, shiny\n|-mega|p1b: LAGARTIJA COGELONA|Charizard|Charizardite Y\n|-weather|SunnyDay|[from] ability: Drought|[of] p1b: LAGARTIJA COGELONA\n|move|p2b: Mamoswine|Protect|p2b: Mamoswine\n|-singleturn|p2b: Mamoswine|Protect\n|-curestatus|p1a: DONDE PONGO EL OJO|slp|[msg]\n|move|p1a: DONDE PONGO EL OJO|Reflect|p1a: DONDE PONGO EL OJO\n|-sidestart|p1: Biboom|Reflect\n|move|p1b: LAGARTIJA COGELONA|Solar Beam||[still]\n|-prepare|p1b: LAGARTIJA COGELONA|Solar Beam\n|-anim|p1b: LAGARTIJA COGELONA|Solar Beam|p2b: Mamoswine\n|-activate|p2b: Mamoswine|move: Protect\n|move|p2a: Vaporeon|Yawn|p1b: LAGARTIJA COGELONA\n|-start|p1b: LAGARTIJA COGELONA|move: Yawn|[of] p2a: Vaporeon\n|\n|-weather|SunnyDay|[upkeep]\n|upkeep\n|turn|8\n|\n|t:|1788238653\n|move|p2b: Mamoswine|Ice Shard|p1b: LAGARTIJA COGELONA\n|-damage|p1b: LAGARTIJA COGELONA|72/100\n|-damage|p2b: Mamoswine|40/100|[from] item: Life Orb\n|move|p1b: LAGARTIJA COGELONA|Solar Beam||[still]\n|-prepare|p1b: LAGARTIJA COGELONA|Solar Beam\n|-anim|p1b: LAGARTIJA COGELONA|Solar Beam|p2a: Vaporeon\n|-supereffective|p2a: Vaporeon|1\n|-damage|p2a: Vaporeon|26/100\n|move|p2a: Vaporeon|Yawn|p1a: DONDE PONGO EL OJO\n|-start|p1a: DONDE PONGO EL OJO|move: Yawn|[of] p2a: Vaporeon\n|move|p1a: DONDE PONGO EL OJO|Poltergeist|p2b: Mamoswine\n|-activate|p2b: Mamoswine|move: Poltergeist|Life Orb\n|-damage|p2b: Mamoswine|9/100\n|\n|-weather|SunnyDay|[upkeep]\n|-heal|p2a: Vaporeon|32/100|[from] item: Leftovers\n|-end|p1b: LAGARTIJA COGELONA|move: Yawn|[silent]\n|-status|p1b: LAGARTIJA COGELONA|slp\n|-sideend|p1: Biboom|move: Light Screen\n|upkeep\n|turn|9\n|\n|t:|1788238689\n|switch|p1b: GATA MICHU MICHU|Sneasler, L50, F|100/100\n|move|p2b: Mamoswine|Rock Slide|p1b: GATA MICHU MICHU|[spread] p1a,p1b\n|-resisted|p1b: GATA MICHU MICHU|1\n|-damage|p1a: DONDE PONGO EL OJO|38/100\n|-damage|p1b: GATA MICHU MICHU|85/100\n|-damage|p2b: Mamoswine|0 fnt|[from] item: Life Orb\n|faint|p2b: Mamoswine\n|move|p2a: Vaporeon|Shadow Ball|p1a: DONDE PONGO EL OJO\n|-damage|p1a: DONDE PONGO EL OJO|0 fnt\n|faint|p1a: DONDE PONGO EL OJO\n|\n|-weather|SunnyDay|[upkeep]\n|-heal|p2a: Vaporeon|38/100|[from] item: Leftovers\n|upkeep\n|\n|t:|1788238704\n|switch|p2b: Delphox|Delphox-Mega, L50, F|100/100\n|switch|p1a: TE METO EL BICHO|Kingambit, L50, M, shiny|12/100 slp\n|turn|10\n|\n|t:|1788238734\n|move|p2a: Vaporeon|Protect|p2a: Vaporeon\n|-singleturn|p2a: Vaporeon|Protect\n|move|p1b: GATA MICHU MICHU|Fake Out|p2b: Delphox\n|-damage|p2b: Delphox|80/100\n|cant|p2b: Delphox|flinch\n|cant|p1a: TE METO EL BICHO|slp\n|\n|-weather|SunnyDay|[upkeep]\n|-heal|p2a: Vaporeon|44/100|[from] item: Leftovers\n|upkeep\n|turn|11\n|\n|t:|1788238774\n|move|p1b: GATA MICHU MICHU|Protect|p1b: GATA MICHU MICHU\n|-singleturn|p1b: GATA MICHU MICHU|Protect\n|cant|p1a: TE METO EL BICHO|slp\n|move|p2b: Delphox|Psyshock|p1b: GATA MICHU MICHU\n|-activate|p1b: GATA MICHU MICHU|move: Protect\n|move|p2a: Vaporeon|Ice Beam|p1a: TE METO EL BICHO\n|-resisted|p1a: TE METO EL BICHO|1\n|-damage|p1a: TE METO EL BICHO|0 fnt\n|faint|p1a: TE METO EL BICHO\n|\n|-weather|none\n|-heal|p2a: Vaporeon|50/100g|[from] item: Leftovers\n|-sideend|p1: Biboom|Reflect\n|upkeep\n|\n|t:|1788238786\n|switch|p1a: LAGARTIJA COGELONA|Charizard-Mega-Y, L50, M, shiny|72/100 slp\n|-weather|SunnyDay|[from] ability: Drought|[of] p1a: LAGARTIJA COGELONA\n|turn|12\n|\n|t:|1788238815\n|move|p1b: GATA MICHU MICHU|Protect||[still]\n|-fail|p1b: GATA MICHU MICHU\n|cant|p1a: LAGARTIJA COGELONA|slp\n|move|p2b: Delphox|Psyshock|p1b: GATA MICHU MICHU\n|-supereffective|p1b: GATA MICHU MICHU|2\n|-damage|p1b: GATA MICHU MICHU|0 fnt\n|faint|p1b: GATA MICHU MICHU\n|move|p2a: Vaporeon|Ice Beam|p1a: LAGARTIJA COGELONA\n|-damage|p1a: LAGARTIJA COGELONA|44/100 slp\n|\n|-weather|SunnyDay|[upkeep]\n|-heal|p2a: Vaporeon|56/100|[from] item: Leftovers\n|upkeep\n|turn|13\n|\n|t:|1788238853\n|move|p2b: Delphox|Psyshock|p1a: LAGARTIJA COGELONA\n|-damage|p1a: LAGARTIJA COGELONA|0 fnt\n|faint|p1a: LAGARTIJA COGELONA\n|\n|win|aboc2399\n","uploadtime":1788238853,"views":"0","formatid":"gen9championsvgc2026regmbbo3","rating":null,"private":0,"password":null}