{"id":"gen9championsvgc2026regmb-2674783975","format":"[Gen 9 Champions] VGC 2026 Reg M-B","players":["carrotbeafsteak","BtC37"],"log":"|j|☆carrotbeafsteak\n|j|☆BtC37\n|t:|1788406107\n|gametype|doubles\n|player|p1|carrotbeafsteak|170|1215\n|player|p2|BtC37|ghetsis|1286\n|gen|9\n|tier|[Gen 9 Champions] VGC 2026 Reg M-B\n|rated|\n|rule|Species Clause: Limit one of each Pokémon\n|rule|Item Clause: Limit 1 of each item\n|clearpoke\n|poke|p1|Simipour, L50, F|\n|poke|p1|Simisage, L50, M|\n|poke|p1|Simisear, L50, M|\n|poke|p1|Pelipper, L50, F|\n|poke|p1|Torkoal, L50, M|\n|poke|p1|Gyarados, L50, F|\n|poke|p2|Charizard, L50, F|\n|poke|p2|Pelipper, L50, F|\n|poke|p2|Archaludon, L50, M|\n|poke|p2|Venusaur, L50, M|\n|poke|p2|Swampert, L50, M|\n|poke|p2|Grimmsnarl, L50, M|\n|teampreview|4\n|inactive|Battle timer is ON: inactive players will automatically lose when time's up. (requested by BtC37)\n|inactive|carrotbeafsteak has 60 seconds left.\n|inactive|BtC37 has 60 seconds left.\n|\n|t:|1788406154\n|teamsize|p1|4\n|teamsize|p2|4\n|start\n|switch|p1a: Simisear|Simisear, L50, M|100/100\n|switch|p1b: Simisage|Simisage, L50, M|100/100\n|switch|p2a: Grimmsnarl|Grimmsnarl, L50, M|100/100\n|switch|p2b: Swampert|Swampert, L50, M|100/100\n|turn|1\n|inactive|carrotbeafsteak has 30 seconds left.\n|inactive|carrotbeafsteak has 20 seconds left.\n|inactive|carrotbeafsteak has 15 seconds left.\n|inactive|carrotbeafsteak has 10 seconds left.\n|\n|t:|1788406202\n|switch|p1b: Gyarados|Gyarados, L50, F|100/100\n|-ability|p1b: Gyarados|Intimidate|boost\n|-unboost|p2a: Grimmsnarl|atk|1\n|-unboost|p2b: Swampert|atk|1\n|switch|p2b: Archaludon|Archaludon, L50, M|100/100\n|move|p2a: Grimmsnarl|Light Screen|p2a: Grimmsnarl\n|-sidestart|p2: BtC37|move: Light Screen\n|move|p1a: Simisear|Heat Wave|p2b: Archaludon|[spread] p2a,p2b\n|-damage|p2a: Grimmsnarl|81/100\n|-damage|p2b: Archaludon|79/100\n|-ability|p2b: Archaludon|Stamina|boost\n|-boost|p2b: Archaludon|def|1\n|\n|-heal|p2b: Archaludon|85/100|[from] item: Leftovers\n|upkeep\n|turn|2\n|inactive|carrotbeafsteak has 30 seconds left.\n|inactive|BtC37 has 30 seconds left.\n|\n|t:|1788406233\n|move|p1b: Gyarados|Protect|p1b: Gyarados\n|-singleturn|p1b: Gyarados|Protect\n|move|p2b: Archaludon|Protect|p2b: Archaludon\n|-singleturn|p2b: Archaludon|Protect\n|move|p2a: Grimmsnarl|Reflect|p2a: Grimmsnarl\n|-sidestart|p2: BtC37|Reflect\n|move|p1a: Simisear|Nasty Plot|p1a: Simisear\n|-boost|p1a: Simisear|spa|2\n|\n|-heal|p2b: Archaludon|91/100|[from] item: Leftovers\n|upkeep\n|turn|3\n|inactive|carrotbeafsteak has 30 seconds left.\n|\n|t:|1788406259\n|switch|p1b: Simisage|Simisage, L50, M|100/100\n|switch|p2a: Pelipper|Pelipper, L50, F|100/100\n|-weather|RainDance|[from] ability: Drizzle|[of] p2a: Pelipper\n|move|p1a: Simisear|Fire Blast|p2b: Archaludon\n|-damage|p2b: Archaludon|57/100\n|-status|p2b: Archaludon|brn\n|-ability|p2b: Archaludon|Stamina|boost\n|-boost|p2b: Archaludon|def|1\n|move|p2b: Archaludon|Electro Shot||[still]\n|-prepare|p2b: Archaludon|Electro Shot\n|-boost|p2b: Archaludon|spa|1\n|-anim|p2b: Archaludon|Electro Shot|p1b: Simisage\n|-resisted|p1b: Simisage|1\n|-damage|p1b: Simisage|55/100\n|\n|-weather|RainDance|[upkeep]\n|-heal|p2b: Archaludon|63/100 brn|[from] item: Leftovers\n|-damage|p2b: Archaludon|57/100 brn|[from] brn\n|upkeep\n|turn|4\n|inactive|BtC37 has 30 seconds left.\n|\n|t:|1788406291\n|switch|p1b: Torkoal|Torkoal, L50, M|100/100\n|-weather|SunnyDay|[from] ability: Drought|[of] p1b: Torkoal\n|move|p1a: Simisear|Fire Blast|p2b: Archaludon\n|-damage|p2b: Archaludon|0 fnt\n|faint|p2b: Archaludon\n|move|p2a: Pelipper|Weather Ball|p1a: Simisear\n|-resisted|p1a: Simisear|1\n|-damage|p1a: Simisear|71/100\n|\n|-weather|SunnyDay|[upkeep]\n|upkeep\n|\n|t:|1788406308\n|switch|p2b: Grimmsnarl|Grimmsnarl, L50, M|81/100\n|turn|5\n|\n|t:|1788406323\n|switch|p2a: Swampert|Swampert, L50, M|100/100\n|move|p1b: Torkoal|Helping Hand|p1a: Simisear\n|-singleturn|p1a: Simisear|Helping Hand|[of] p1b: Torkoal\n|move|p2b: Grimmsnarl|Parting Shot|p1a: Simisear\n|-unboost|p1a: Simisear|atk|1\n|-unboost|p1a: Simisear|spa|1\n|\n|t:|1788406331\n|switch|p2b: Pelipper|Pelipper, L50, F|100/100|[from] Parting Shot\n|-weather|RainDance|[from] ability: Drizzle|[of] p2b: Pelipper\n|move|p1a: Simisear|Heat Wave|p2b: Pelipper|[spread] p2a,p2b\n|-resisted|p2a: Swampert|1\n|-resisted|p2b: Pelipper|1\n|-damage|p2a: Swampert|88/100\n|-damage|p2b: Pelipper|86/100\n|-status|p2a: Swampert|brn\n|\n|-weather|RainDance|[upkeep]\n|-damage|p2a: Swampert|83/100 brn|[from] brn\n|upkeep\n|turn|6\n|\n|t:|1788406351\n|switch|p1b: Gyarados|Gyarados, L50, F|100/100\n|-ability|p1b: Gyarados|Intimidate|boost\n|-unboost|p2a: Swampert|atk|1\n|-unboost|p2b: Pelipper|atk|1\n|detailschange|p2a: Swampert|Swampert-Mega, L50, M\n|-mega|p2a: Swampert|Swampert|Swampertite\n|move|p2a: Swampert|Ice Punch|p1b: Gyarados\n|-damage|p1b: Gyarados|89/100\n|move|p1a: Simisear|Heat Wave|p2b: Pelipper|[spread] p2a,p2b\n|-resisted|p2a: Swampert|1\n|-resisted|p2b: Pelipper|1\n|-damage|p2a: Swampert|76/100 brn\n|-damage|p2b: Pelipper|75/100\n|move|p2b: Pelipper|Tailwind|p2b: Pelipper\n|-sidestart|p2: BtC37|move: Tailwind\n|\n|-weather|RainDance|[upkeep]\n|-damage|p2a: Swampert|71/100 brn|[from] brn\n|upkeep\n|turn|7\n|inactive|carrotbeafsteak has 30 seconds left.\n|inactive|BtC37 has 30 seconds left.\n|\n|t:|1788406380\n|move|p2a: Swampert|Earthquake|p1b: Gyarados|[spread] p1a\n|-immune|p2b: Pelipper\n|-immune|p1b: Gyarados\n|-supereffective|p1a: Simisear|1\n|-damage|p1a: Simisear|17/100\n|move|p2b: Pelipper|Hurricane|p1b: Gyarados\n|-damage|p1b: Gyarados|57/100\n|-start|p1b: Gyarados|confusion\n|move|p1a: Simisear|Heat Wave|p2b: Pelipper|[spread] p2a,p2b\n|-resisted|p2a: Swampert|1\n|-resisted|p2b: Pelipper|1\n|-damage|p2a: Swampert|61/100 brn\n|-damage|p2b: Pelipper|62/100\n|-activate|p1b: Gyarados|confusion\n|-damage|p1b: Gyarados|41/100|[from] confusion\n|\n|-weather|RainDance|[upkeep]\n|-damage|p2a: Swampert|56/100 brn|[from] brn\n|upkeep\n|turn|8\n|inactive|carrotbeafsteak has 30 seconds left.\n|inactive|BtC37 has 30 seconds left.\n|inactive|BtC37 has 20 seconds left.\n|\n|t:|1788406418\n|detailschange|p1b: Gyarados|Gyarados-Mega, L50, F\n|-mega|p1b: Gyarados|Gyarados|Gyaradosite\n|-ability|p1b: Gyarados|Mold Breaker\n|move|p2a: Swampert|Earthquake|p1b: Gyarados|[spread] p1a,p1b\n|-immune|p2b: Pelipper\n|-supereffective|p1a: Simisear|1\n|-damage|p1a: Simisear|0 fnt\n|-damage|p1b: Gyarados|29/100\n|faint|p1a: Simisear\n|move|p2b: Pelipper|Weather Ball|p1b: Gyarados\n|-resisted|p1b: Gyarados|1\n|-crit|p1b: Gyarados\n|-damage|p1b: Gyarados|1/100\n|-activate|p1b: Gyarados|confusion\n|move|p1b: Gyarados|Waterfall|p2a: Swampert\n|-damage|p2a: Swampert|21/100 brn\n|\n|-weather|RainDance|[upkeep]\n|-damage|p2a: Swampert|15/100 brn|[from] brn\n|-sideend|p2: BtC37|move: Light Screen\n|upkeep\n|\n|t:|1788406432\n|switch|p1a: Simisage|Simisage, L50, M|55/100\n|turn|9\n|inactive|BtC37 has 30 seconds left.\n|\n|t:|1788406461\n|switch|p1b: Torkoal|Torkoal, L50, M|100/100\n|-weather|SunnyDay|[from] ability: Drought|[of] p1b: Torkoal\n|move|p2a: Swampert|Ice Punch|p1a: Simisage\n|-supereffective|p1a: Simisage|1\n|-damage|p1a: Simisage|19/100\n|move|p2b: Pelipper|Weather Ball|p1b: Torkoal\n|-resisted|p1b: Torkoal|1\n|-damage|p1b: Torkoal|83/100\n|move|p1a: Simisage|Solar Blade||[still]\n|-prepare|p1a: Simisage|Solar Blade\n|-anim|p1a: Simisage|Solar Blade|p2b: Pelipper\n|-damage|p2b: Pelipper|0 fnt\n|faint|p2b: Pelipper\n|-damage|p1a: Simisage|9/100|[from] item: Life Orb\n|\n|-weather|SunnyDay|[upkeep]\n|-heal|p1b: Torkoal|89/100|[from] item: Leftovers\n|-damage|p2a: Swampert|10/100 brn|[from] brn\n|-sideend|p2: BtC37|Reflect\n|-sideend|p2: BtC37|move: Tailwind\n|upkeep\n|\n|t:|1788406482\n|switch|p2b: Grimmsnarl|Grimmsnarl, L50, M|81/100\n|turn|10\n|\n|t:|1788406499\n|move|p1a: Simisage|Solar Blade||[still]\n|-prepare|p1a: Simisage|Solar Blade\n|-anim|p1a: Simisage|Solar Blade|p2b: Grimmsnarl\n|-damage|p2b: Grimmsnarl|0 fnt\n|faint|p2b: Grimmsnarl\n|-damage|p1a: Simisage|0 fnt|[from] item: Life Orb\n|faint|p1a: Simisage\n|move|p2a: Swampert|Wave Crash|p1b: Torkoal\n|-supereffective|p1b: Torkoal|1\n|-damage|p1b: Torkoal|75/100\n|-damage|p2a: Swampert|6/100 brn|[from] Recoil\n|move|p1b: Torkoal|Eruption|p2a: Swampert\n|-resisted|p2a: Swampert|1\n|-damage|p2a: Swampert|0 fnt\n|faint|p2a: Swampert\n|\n|win|carrotbeafsteak\n|raw|carrotbeafsteak's rating: 1215 &rarr; <strong>1245</strong><br />(+30 for winning)\n|raw|BtC37's rating: 1286 &rarr; <strong>1256</strong><br />(-30 for losing)\n","uploadtime":1788406504,"views":"1","formatid":"gen9championsvgc2026regmb","rating":1245,"private":0,"password":null}