{"id":"gen9championsvgc2026regmbbo3-2674149620","format":"[Gen 9 Champions] VGC 2026 Reg M-B (Bo3)","players":["MrGardnHose","Mayonaisnd"],"log":"|j|☆MrGardnHose\n|j|☆Mayonaisnd\n|html|<table width=\"100%\"><tr><td align=\"left\">MrGardnHose</td><td align=\"right\">Mayonaisnd</tr><tr><td align=\"left\"><i class=\"fa fa-circle-o\"></i> <i class=\"fa fa-circle-o\"></i> </td><td align=\"right\"><i class=\"fa fa-circle-o\"></i> <i class=\"fa fa-circle-o\"></i> </tr></table>\n|uhtml|bestof|<h2><strong>Game 1</strong> of <a href=\"/game-bestof3-gen9championsvgc2026regmbbo3-2674149619\">a best-of-3</a></h2>\n|t:|1788306521\n|gametype|doubles\n|player|p1|MrGardnHose|jasmine-contest|1222\n|player|p2|Mayonaisnd|101|1295\n|gen|9\n|tier|[Gen 9 Champions] VGC 2026 Reg M-B (Bo3)\n|rated|\n|rule|Species Clause: Limit one of each Pokémon\n|rule|Item Clause: Limit 1 of each item\n|clearpoke\n|poke|p1|Charizard, L50, M|\n|poke|p1|Venusaur, L50, F|\n|poke|p1|Incineroar, L50, F|\n|poke|p1|Garchomp, L50, M|\n|poke|p1|Sylveon, L50, M|\n|poke|p1|Aerodactyl, L50, M|\n|poke|p2|Venusaur, L50, F|\n|poke|p2|Grimmsnarl, L50, M|\n|poke|p2|Pelipper, L50, F|\n|poke|p2|Archaludon, L50, M|\n|poke|p2|Charizard, L50, F|\n|poke|p2|Swampert, L50, F|\n|teampreview|4\n|showteam|p1|Charizard||CharizarditeY|Blaze|HeatWave,WeatherBall,SolarBeam,Protect|Modest||M|||50|]Venusaur||LifeOrb|Chlorophyll|LeafStorm,SludgeBomb,EarthPower,Protect|Modest||F|||50|]Incineroar||SitrusBerry|Intimidate|FakeOut,ThroatChop,PartingShot,FlareBlitz|Adamant||F|||50|]Garchomp||WhiteHerb|RoughSkin|Earthquake,RockSlide,DragonClaw,Protect|Adamant||M|||50|]Sylveon||FairyFeather|Pixilate|HyperBeam,HyperVoice,QuickAttack,Protect|Modest||M|||50|]Aerodactyl||Aerodactylite|Pressure|RockSlide,DualWingbeat,Tailwind,WideGuard|Jolly||M|||50|\n|showteam|p2|Venusaur||FocusSash|Chlorophyll|SludgeBomb,LeafStorm,SleepPowder,Protect|Timid||F|||50|]Grimmsnarl||LightClay|Prankster|SpiritBreak,Reflect,LightScreen,PartingShot|Careful||M|||50|]Pelipper||SitrusBerry|Drizzle|Hurricane,WeatherBall,Tailwind,WideGuard|Modest||F|||50|]Archaludon||Leftovers|Stamina|DragonPulse,FlashCannon,ElectroShot,Protect|Modest||M|||50|]Charizard||CharizarditeY|Blaze|HeatWave,SolarBeam,WeatherBall,Protect|Modest||F|||50|]Swampert||Swampertite|Torrent|WaveCrash,Earthquake,IcePunch,Protect|Adamant||F|||50|\n|\n|t:|1788306567\n|teamsize|p1|4\n|teamsize|p2|4\n|start\n|switch|p1a: Venusaur|Venusaur, L50, F|100/100\n|switch|p1b: Incineroar|Incineroar, L50, F|100/100\n|switch|p2a: Grimmsnarl|Grimmsnarl, L50, M|100/100\n|switch|p2b: Archaludon|Archaludon, L50, M|100/100\n|-ability|p1b: Incineroar|Intimidate|boost\n|-unboost|p2a: Grimmsnarl|atk|1\n|-unboost|p2b: Archaludon|atk|1\n|turn|1\n|\n|t:|1788306583\n|move|p1b: Incineroar|Fake Out|p2a: Grimmsnarl\n|-damage|p2a: Grimmsnarl|87/100\n|cant|p2a: Grimmsnarl|flinch\n|move|p2b: Archaludon|Electro Shot||[still]\n|-prepare|p2b: Archaludon|Electro Shot\n|-boost|p2b: Archaludon|spa|1\n|move|p1a: Venusaur|Sludge Bomb|p2a: Grimmsnarl\n|-supereffective|p2a: Grimmsnarl|1\n|-damage|p2a: Grimmsnarl|0 fnt\n|faint|p2a: Grimmsnarl\n|-damage|p1a: Venusaur|90/100|[from] item: Life Orb\n|\n|upkeep\n|\n|t:|1788306593\n|switch|p2a: Pelipper|Pelipper, L50, F|100/100\n|-weather|RainDance|[from] ability: Drizzle|[of] p2a: Pelipper\n|turn|2\n|\n|t:|1788306605\n|move|p1a: Venusaur|Protect|p1a: Venusaur\n|-singleturn|p1a: Venusaur|Protect\n|move|p2b: Archaludon|Electro Shot|p1b: Incineroar|[from] lockedmove\n|-damage|p1b: Incineroar|50/100g\n|move|p2a: Pelipper|Weather Ball|p1b: Incineroar\n|-supereffective|p1b: Incineroar|1\n|-crit|p1b: Incineroar\n|-damage|p1b: Incineroar|0 fnt\n|faint|p1b: Incineroar\n|\n|-weather|RainDance|[upkeep]\n|upkeep\n|\n|t:|1788306613\n|switch|p1b: Charizard|Charizard, L50, M|100/100\n|turn|3\n|\n|t:|1788306623\n|switch|p2a: Swampert|Swampert, L50, F|100/100\n|detailschange|p1b: Charizard|Charizard-Mega-Y, L50, M\n|-mega|p1b: Charizard|Charizard|Charizardite Y\n|-weather|SunnyDay|[from] ability: Drought|[of] p1b: Charizard\n|move|p1a: Venusaur|Earth Power|p2b: Archaludon\n|-supereffective|p2b: Archaludon|1\n|-damage|p2b: Archaludon|28/100\n|-ability|p2b: Archaludon|Stamina|boost\n|-boost|p2b: Archaludon|def|1\n|-damage|p1a: Venusaur|81/100|[from] item: Life Orb\n|move|p1b: Charizard|Solar Beam||[still]\n|-prepare|p1b: Charizard|Solar Beam\n|-anim|p1b: Charizard|Solar Beam|p2a: Swampert\n|-supereffective|p2a: Swampert|2\n|-damage|p2a: Swampert|0 fnt\n|faint|p2a: Swampert\n|move|p2b: Archaludon|Dragon Pulse|p1a: Venusaur\n|-damage|p1a: Venusaur|20/100y\n|\n|-weather|SunnyDay|[upkeep]\n|-heal|p2b: Archaludon|35/100|[from] item: Leftovers\n|upkeep\n|\n|t:|1788306636\n|switch|p2a: Pelipper|Pelipper, L50, F|100/100\n|-weather|RainDance|[from] ability: Drizzle|[of] p2a: Pelipper\n|turn|4\n|\n|t:|1788306648\n|switch|p1b: Garchomp|Garchomp, L50, M|100/100\n|move|p2b: Archaludon|Protect|p2b: Archaludon\n|-singleturn|p2b: Archaludon|Protect\n|move|p1a: Venusaur|Earth Power|p2b: Archaludon\n|-activate|p2b: Archaludon|move: Protect\n|move|p2a: Pelipper|Tailwind|p2a: Pelipper\n|-sidestart|p2: Mayonaisnd|move: Tailwind\n|\n|-weather|RainDance|[upkeep]\n|-heal|p2b: Archaludon|41/100|[from] item: Leftovers\n|upkeep\n|turn|5\n|\n|t:|1788306657\n|switch|p1a: Charizard|Charizard-Mega-Y, L50, M|100/100\n|-weather|SunnyDay|[from] ability: Drought|[of] p1a: Charizard\n|move|p2b: Archaludon|Dragon Pulse|p1b: Garchomp\n|-supereffective|p1b: Garchomp|1\n|-damage|p1b: Garchomp|0 fnt\n|faint|p1b: Garchomp\n|move|p2a: Pelipper|Hurricane|p1a: Charizard\n|-damage|p1a: Charizard|63/100\n|\n|-weather|SunnyDay|[upkeep]\n|-heal|p2b: Archaludon|47/100|[from] item: Leftovers\n|upkeep\n|\n|t:|1788306664\n|switch|p1b: Venusaur|Venusaur, L50, F|20/100y\n|turn|6\n|\n|t:|1788306672\n|move|p2b: Archaludon|Protect|p2b: Archaludon\n|-singleturn|p2b: Archaludon|Protect\n|move|p1b: Venusaur|Earth Power|p2b: Archaludon\n|-activate|p2b: Archaludon|move: Protect\n|move|p2a: Pelipper|Weather Ball|p1b: Venusaur\n|-supereffective|p1b: Venusaur|1\n|-damage|p1b: Venusaur|0 fnt\n|faint|p1b: Venusaur\n|move|p1a: Charizard|Weather Ball|p2a: Pelipper\n|-resisted|p2a: Pelipper|1\n|-damage|p2a: Pelipper|45/100\n|-enditem|p2a: Pelipper|Sitrus Berry|[eat]\n|-heal|p2a: Pelipper|69/100|[from] item: Sitrus Berry\n|\n|-weather|SunnyDay|[upkeep]\n|-heal|p2b: Archaludon|53/100|[from] item: Leftovers\n|upkeep\n|turn|7\n|\n|t:|1788306683\n|move|p2b: Archaludon|Dragon Pulse|p1a: Charizard\n|-damage|p1a: Charizard|4/100\n|move|p2a: Pelipper|Weather Ball|p1a: Charizard\n|-resisted|p1a: Charizard|1\n|-damage|p1a: Charizard|0 fnt\n|faint|p1a: Charizard\n|\n|win|Mayonaisnd\n","uploadtime":1788306684,"views":"3","formatid":"gen9championsvgc2026regmbbo3","rating":null,"private":0,"password":null}