{"id":"gen9championsvgc2026regmbbo3-2674484025","format":"[Gen 9 Champions] VGC 2026 Reg M-B (Bo3)","players":["Realfrytki","Nonehereonlyme"],"log":"|j|☆Realfrytki\n|j|☆Nonehereonlyme\n|html|<table width=\"100%\"><tr><td align=\"left\">Realfrytki</td><td align=\"right\">Nonehereonlyme</tr><tr><td align=\"left\"><i class=\"fa fa-circle-o\"></i> <i class=\"fa fa-circle-o\"></i> </td><td align=\"right\"><i class=\"fa fa-circle-o\"></i> <i class=\"fa fa-circle-o\"></i> </tr></table>\n|uhtml|bestof|<h2><strong>Game 1</strong> of <a href=\"/game-bestof3-gen9championsvgc2026regmbbo3-2674484024\">a best-of-3</a></h2>\n|t:|1788365211\n|gametype|doubles\n|player|p1|Realfrytki|veteranf|1309\n|player|p2|Nonehereonlyme|hiker-gen4|1137\n|gen|9\n|tier|[Gen 9 Champions] VGC 2026 Reg M-B (Bo3)\n|rated|\n|rule|Species Clause: Limit one of each Pokémon\n|rule|Item Clause: Limit 1 of each item\n|clearpoke\n|poke|p1|Dragonite, L50, M|\n|poke|p1|Sneasler, L50, M|\n|poke|p1|Kingambit, L50, F|\n|poke|p1|Basculegion, L50, M|\n|poke|p1|Whimsicott, L50, M|\n|poke|p1|Floette-Eternal, L50, F|\n|poke|p2|Dragonite, L50, M, shiny|\n|poke|p2|Whimsicott, L50, F, shiny|\n|poke|p2|Sinistcha, L50|\n|poke|p2|Pelipper, L50, F|\n|poke|p2|Basculegion, L50, M|\n|poke|p2|Swampert, L50, M|\n|teampreview|4\n|showteam|p1|Dragonite||Dragoninite|InnerFocus|DragonPulse,HeatWave,Thunderbolt,Protect|Modest||M|||50|]Sneasler||WhiteHerb|Unburden|DireClaw,CloseCombat,RockSlide,FakeOut|Jolly||M|||50|]Kingambit||BlackGlasses|Defiant|KowtowCleave,SuckerPunch,Protect,IronHead|Adamant||F|||50|]Basculegion||LifeOrb|Adaptability|WaveCrash,LastRespects,AquaJet,Protect|Adamant||M|||50|]Whimsicott||FocusSash|Prankster|Moonblast,Tailwind,Encore,Protect|Timid||M|||50|]Floette-Eternal||Floettite|FlowerVeil|Moonblast,DazzlingGleam,LightofRuin,Protect|Timid||F|||50|\n|showteam|p2|Dragonite||Dragoninite|Multiscale|Thunder,Hurricane,DracoMeteor,Protect|Modest||M|||50|]Whimsicott||FocusSash|Prankster|Moonblast,Encore,Tailwind,Tickle|Timid||F|||50|]Sinistcha||SitrusBerry|Hospitality|MatchaGotcha,Hex,TrickRoom,RagePowder|Calm|||||50|]Pelipper||Leftovers|Drizzle|Hurricane,MuddyWater,IcyWind,Protect|Bold||F|||50|]Basculegion||ChoiceScarf|Adaptability|WaveCrash,FlipTurn,AquaJet,LastRespects|Adamant||M|||50|]Swampert||Swampertite|Torrent|WaveCrash,Earthquake,IcePunch,Protect|Adamant||M|||50|\n|inactive|Battle timer is ON: inactive players will automatically lose when time's up. (requested by Nonehereonlyme)\n|\n|t:|1788365233\n|teamsize|p1|4\n|teamsize|p2|4\n|start\n|switch|p1a: Whimsicott|Whimsicott, L50, M|100/100\n|switch|p1b: Floette|Floette-Eternal, L50, F|100/100\n|switch|p2a: Wicab|Sinistcha, L50|100/100\n|switch|p2b: LittleLaw|Whimsicott, L50, F, shiny|100/100\n|turn|1\n|inactive|Nonehereonlyme has 30 seconds left.\n|\n|t:|1788365261\n|detailschange|p1b: Floette|Floette-Mega, L50, F\n|-mega|p1b: Floette|Floette|Floettite\n|-ability|p1b: Floette|Fairy Aura\n|move|p1a: Whimsicott|Tailwind|p1a: Whimsicott\n|-sidestart|p1: Realfrytki|move: Tailwind\n|move|p1b: Floette|Dazzling Gleam|p2b: LittleLaw|[spread] p2a,p2b\n|-damage|p2a: Wicab|61/100\n|-damage|p2b: LittleLaw|21/100\n|move|p2b: LittleLaw|Moonblast|p1b: Floette\n|-damage|p1b: Floette|60/100\n|move|p2a: Wicab|Matcha Gotcha|p1a: Whimsicott|[spread] p1a,p1b\n|-resisted|p1a: Whimsicott|1\n|-damage|p1a: Whimsicott|81/100\n|-heal|p2a: Wicab|69/100|[from] drain|[of] p1a: Whimsicott\n|-damage|p1b: Floette|40/100\n|-heal|p2a: Wicab|77/100|[from] drain|[of] p1b: Floette\n|\n|upkeep\n|turn|2\n|\n|t:|1788365282\n|move|p2b: LittleLaw|Encore|p1a: Whimsicott\n|-start|p1a: Whimsicott|Encore\n|move|p1a: Whimsicott|Tailwind||[still]\n|-fail|p1a: Whimsicott\n|move|p1b: Floette|Dazzling Gleam|p2b: LittleLaw|[spread] p2a,p2b\n|-damage|p2a: Wicab|40/100\n|-damage|p2b: LittleLaw|0 fnt\n|-enditem|p2a: Wicab|Sitrus Berry|[eat]\n|-heal|p2a: Wicab|65/100|[from] item: Sitrus Berry\n|faint|p2b: LittleLaw\n|move|p2a: Wicab|Trick Room|p2a: Wicab\n|-fieldstart|move: Trick Room|[of] p2a: Wicab\n|\n|upkeep\n|\n|t:|1788365293\n|switch|p2b: Swampert|Swampert, L50, M|100/100\n|turn|3\n|\n|t:|1788365300\n|switch|p2a: Pelipper|Pelipper, L50, F|100/100\n|-weather|RainDance|[from] ability: Drizzle|[of] p2a: Pelipper\n|switch|p1a: Kingambit|Kingambit, L50, F|100/100\n|move|p1b: Floette|Protect|p1b: Floette\n|-singleturn|p1b: Floette|Protect\n|move|p2b: Swampert|Earthquake|p1b: Floette|[spread] p1a\n|-activate|p1b: Floette|move: Protect\n|-immune|p2a: Pelipper\n|-supereffective|p1a: Kingambit|1\n|-damage|p1a: Kingambit|38/100\n|\n|-weather|RainDance|[upkeep]\n|upkeep\n|turn|4\n|\n|t:|1788365319\n|switch|p1b: Whimsicott|Whimsicott, L50, M|81/100\n|move|p1a: Kingambit|Protect|p1a: Kingambit\n|-singleturn|p1a: Kingambit|Protect\n|move|p2b: Swampert|Earthquake|p1b: Whimsicott|[spread] p1b\n|-activate|p1a: Kingambit|move: Protect\n|-immune|p2a: Pelipper\n|-resisted|p1b: Whimsicott|1\n|-crit|p1b: Whimsicott\n|-damage|p1b: Whimsicott|42/100\n|move|p2a: Pelipper|Muddy Water|p1b: Whimsicott|[spread] p1b\n|-activate|p1a: Kingambit|move: Protect\n|-resisted|p1b: Whimsicott|1\n|-crit|p1b: Whimsicott\n|-damage|p1b: Whimsicott|0 fnt\n|faint|p1b: Whimsicott\n|\n|-weather|RainDance|[upkeep]\n|-sideend|p1: Realfrytki|move: Tailwind\n|upkeep\n|\n|t:|1788365334\n|switch|p1b: Basculegion|Basculegion, L50, M|100/100\n|turn|5\n|inactive|Nonehereonlyme has 30 seconds left.\n|\n|t:|1788365366\n|move|p2b: Swampert|Earthquake|p1b: Basculegion|[spread] p1a,p1b\n|-immune|p2a: Pelipper\n|-supereffective|p1a: Kingambit|1\n|-damage|p1a: Kingambit|0 fnt\n|-damage|p1b: Basculegion|53/100\n|faint|p1a: Kingambit\n|move|p2a: Pelipper|Muddy Water|p1b: Basculegion\n|-resisted|p1b: Basculegion|1\n|-damage|p1b: Basculegion|29/100\n|-unboost|p1b: Basculegion|accuracy|1\n|move|p1b: Basculegion|Wave Crash|p2b: Swampert\n|-crit|p2b: Swampert\n|-damage|p2b: Swampert|0 fnt\n|faint|p2b: Swampert\n|-damage|p1b: Basculegion|0 fnt|[from] Recoil\n|faint|p1b: Basculegion\n|\n|-weather|RainDance|[upkeep]\n|upkeep\n|\n|t:|1788365381\n|switch|p2b: Wicab|Sinistcha, L50|65/100\n|switch|p1b: Floette|Floette-Mega, L50, F|40/100\n|-ability|p1b: Floette|Fairy Aura\n|turn|6\n|\n|t:|1788365391\n|move|p1b: Floette|Protect|p1b: Floette\n|-singleturn|p1b: Floette|Protect\n|move|p2a: Pelipper|Hurricane|p1b: Floette\n|-activate|p1b: Floette|move: Protect\n|move|p2b: Wicab|Matcha Gotcha|p1b: Floette\n|-activate|p1b: Floette|move: Protect\n|\n|-weather|RainDance|[upkeep]\n|-fieldend|move: Trick Room\n|upkeep\n|turn|7\n|\n|t:|1788365401\n|move|p1b: Floette|Moonblast|p2a: Pelipper\n|-damage|p2a: Pelipper|14/100\n|move|p2a: Pelipper|Hurricane|p1b: Floette\n|-damage|p1b: Floette|7/100\n|move|p2b: Wicab|Matcha Gotcha|p1b: Floette\n|-damage|p1b: Floette|0 fnt\n|-heal|p2b: Wicab|68/100|[from] drain|[of] p1b: Floette\n|faint|p1b: Floette\n|\n|win|Nonehereonlyme\n||Realfrytki is ready for game 2.\n||Nonehereonlyme is ready for game 2.\n|uhtml|next|Next: <a href=\"/battle-gen9championsvgc2026regmbbo3-2674485749\"><strong>Game 2 of 3</strong></a>\n","uploadtime":1788365849,"views":"2","formatid":"gen9championsvgc2026regmbbo3","rating":null,"private":0,"password":null}