{"id":"gen9championsvgc2026regmbbo3-2673947450","format":"[Gen 9 Champions] VGC 2026 Reg M-B (Bo3)","players":["izystrong","DINOLONK"],"log":"|j|☆izystrong\n|j|☆DINOLONK\n|html|<table width=\"100%\"><tr><td align=\"left\">izystrong</td><td align=\"right\">DINOLONK</tr><tr><td align=\"left\"><i class=\"fa fa-circle\"></i> <i class=\"fa fa-circle-o\"></i> </td><td align=\"right\"><i class=\"fa fa-circle-o\"></i> <i class=\"fa fa-circle-o\"></i> </tr></table>\n|uhtml|bestof|<h2><strong>Game 2</strong> of <a href=\"/game-bestof3-gen9championsvgc2026regmbbo3-2673944977\">a best-of-3</a></h2>\n|t:|1788280537\n|gametype|doubles\n|player|p1|izystrong|2|1129\n|player|p2|DINOLONK|parasollady-gen4|1291\n|gen|9\n|tier|[Gen 9 Champions] VGC 2026 Reg M-B (Bo3)\n|rated|\n|rule|Species Clause: Limit one of each Pokémon\n|rule|Item Clause: Limit 1 of each item\n|clearpoke\n|poke|p1|Raichu, L50, F|\n|poke|p1|Staraptor, L50, M|\n|poke|p1|Arcanine-Hisui, L50, M|\n|poke|p1|Farigiraf, L50, M|\n|poke|p1|Sylveon, L50, M|\n|poke|p1|Scizor, L50, F|\n|poke|p2|Dragonite, L50, M|\n|poke|p2|Sneasler, L50, M|\n|poke|p2|Kingambit, L50, F|\n|poke|p2|Basculegion, L50, M|\n|poke|p2|Whimsicott, L50, M|\n|poke|p2|Floette-Eternal, L50, F|\n|teampreview|4\n|showteam|p1|Raichu||RaichuniteY|LightningRod|ZapCannon,FocusBlast,FakeOut,Protect|Timid||F|||50|]Staraptor||Staraptite|Intimidate|CloseCombat,DualWingbeat,Tailwind,Protect|Jolly||M|||50|]Arcanine-Hisui||FocusSash|Intimidate|FlareBlitz,HeadSmash,ExtremeSpeed,Protect|Jolly||M|||50|]Farigiraf||SitrusBerry|CudChew|Psychic,EnergyBall,TrickRoom,Protect|Calm||M|||50|]Sylveon||FairyFeather|Pixilate|HyperVoice,QuickAttack,HyperBeam,Protect|Modest||M|||50|]Scizor||LifeOrb|Technician|BulletPunch,BugBite,SwordsDance,Protect|Adamant||F|||50|\n|showteam|p2|Dragonite||Dragoninite|InnerFocus|DragonPulse,HeatWave,Thunderbolt,Protect|Modest||M|||50|]Sneasler||WhiteHerb|Unburden|DireClaw,CloseCombat,RockSlide,FakeOut|Jolly||M|||50|]Kingambit||ChopleBerry|Defiant|KowtowCleave,SuckerPunch,LowKick,IronHead|Adamant||F|||50|]Basculegion||LifeOrb|Adaptability|WaveCrash,LastRespects,AquaJet,Protect|Adamant||M|||50|]Whimsicott||FocusSash|Prankster|Moonblast,Tailwind,Encore,Protect|Timid||M|||50|]Floette-Eternal||Floettite|FlowerVeil|Moonblast,DazzlingGleam,LightofRuin,Protect|Timid||F|||50|\n|inactive|Battle timer is ON: inactive players will automatically lose when time's up. (requested by DINOLONK)\n|inactive|izystrong has 60 seconds left.\n|\n|t:|1788280569\n|teamsize|p1|4\n|teamsize|p2|4\n|start\n|switch|p1a: Raichu|Raichu, L50, F|100/100\n|switch|p1b: Scizor|Scizor, L50, F|100/100\n|switch|p2a: Whimsicott|Whimsicott, L50, M|100/100\n|switch|p2b: Dragonite|Dragonite, L50, M|100/100\n|turn|1\n|inactive|izystrong has 30 seconds left.\n|\n|t:|1788280598\n|detailschange|p1a: Raichu|Raichu-Mega-Y, L50, F\n|-mega|p1a: Raichu|Raichu|Raichunite Y\n|detailschange|p2b: Dragonite|Dragonite-Mega, L50, M\n|-mega|p2b: Dragonite|Dragonite|Dragoninite\n|move|p2a: Whimsicott|Tailwind|p2a: Whimsicott\n|-sidestart|p2: DINOLONK|move: Tailwind\n|move|p1b: Scizor|Bullet Punch|p2a: Whimsicott\n|-supereffective|p2a: Whimsicott|1\n|-enditem|p2a: Whimsicott|Focus Sash\n|-damage|p2a: Whimsicott|1/100\n|-damage|p1b: Scizor|90/100|[from] item: Life Orb\n|move|p2b: Dragonite|Heat Wave|p1b: Scizor|[spread] p1a,p1b\n|-supereffective|p1b: Scizor|2\n|-damage|p1a: Raichu|64/100\n|-damage|p1b: Scizor|0 fnt\n|faint|p1b: Scizor\n|move|p1a: Raichu|Zap Cannon|p2a: Whimsicott\n|-resisted|p2a: Whimsicott|1\n|-damage|p2a: Whimsicott|0 fnt\n|faint|p2a: Whimsicott\n|\n|upkeep\n|\n|t:|1788280620\n|switch|p2a: Basculegion|Basculegion, L50, M|100/100\n|switch|p1b: Farigiraf|Farigiraf, L50, M|100/100\n|turn|2\n|\n|t:|1788280638\n|switch|p1a: Arcanine|Arcanine-Hisui, L50, M|100/100\n|-ability|p1a: Arcanine|Intimidate|boost\n|-unboost|p2a: Basculegion|atk|1\n|-unboost|p2b: Dragonite|atk|1\n|move|p2b: Dragonite|Heat Wave|p1a: Arcanine|[spread] p1a,p1b\n|-resisted|p1a: Arcanine|2\n|-damage|p1a: Arcanine|91/100\n|-damage|p1b: Farigiraf|74/100\n|move|p2a: Basculegion|Wave Crash|p1b: Farigiraf\n|-damage|p1b: Farigiraf|20/100y\n|-enditem|p1b: Farigiraf|Sitrus Berry|[eat]\n|-heal|p1b: Farigiraf|45/100|[from] item: Sitrus Berry\n|-damage|p2a: Basculegion|79/100|[from] Recoil\n|-damage|p2a: Basculegion|69/100|[from] item: Life Orb\n|move|p1b: Farigiraf|Trick Room|p1b: Farigiraf\n|-fieldstart|move: Trick Room|[of] p1b: Farigiraf\n|\n|upkeep\n|turn|3\n|\n|t:|1788280661\n|move|p1a: Arcanine|Protect|p1a: Arcanine\n|-singleturn|p1a: Arcanine|Protect\n|move|p2a: Basculegion|Protect|p2a: Basculegion\n|-singleturn|p2a: Basculegion|Protect\n|move|p2b: Dragonite|Protect|p2b: Dragonite\n|-singleturn|p2b: Dragonite|Protect\n|move|p1b: Farigiraf|Energy Ball|p2a: Basculegion\n|-activate|p2a: Basculegion|move: Protect\n|\n|-activate|p1b: Farigiraf|ability: Cud Chew\n|-enditem|p1b: Farigiraf|Sitrus Berry|[eat]\n|-heal|p1b: Farigiraf|70/100|[from] item: Sitrus Berry\n|upkeep\n|turn|4\n|\n|t:|1788280685\n|switch|p2a: Kingambit|Kingambit, L50, F|100/100\n|move|p1b: Farigiraf|Psychic|p2a: Kingambit\n|-immune|p2a: Kingambit\n|move|p1a: Arcanine|Head Smash|p2b: Dragonite\n|-supereffective|p2b: Dragonite|1\n|-damage|p2b: Dragonite|33/100\n|-damage|p1a: Arcanine|58/100|[from] Recoil\n|move|p2b: Dragonite|Dragon Pulse|p1a: Arcanine\n|-damage|p1a: Arcanine|0 fnt\n|faint|p1a: Arcanine\n|\n|-sideend|p2: DINOLONK|move: Tailwind\n|upkeep\n|\n|t:|1788280698\n|switch|p1a: Raichu|Raichu-Mega-Y, L50, F|64/100\n|turn|5\n|\n|t:|1788280710\n|move|p1a: Raichu|Fake Out|p2a: Kingambit\n|-resisted|p2a: Kingambit|1\n|-crit|p2a: Kingambit\n|-damage|p2a: Kingambit|94/100\n|move|p1b: Farigiraf|Psychic|p2b: Dragonite\n|-damage|p2b: Dragonite|2/100\n|cant|p2a: Kingambit|flinch\n|move|p2b: Dragonite|Heat Wave|p1b: Farigiraf|[spread] p1a,p1b\n|-damage|p1a: Raichu|26/100\n|-damage|p1b: Farigiraf|45/100\n|\n|upkeep\n|turn|6\n|\n|t:|1788280731\n|move|p1a: Raichu|Protect|p1a: Raichu\n|-singleturn|p1a: Raichu|Protect\n|move|p1b: Farigiraf|Psychic|p2b: Dragonite\n|-damage|p2b: Dragonite|0 fnt\n|faint|p2b: Dragonite\n|move|p2a: Kingambit|Kowtow Cleave|p1b: Farigiraf\n|-supereffective|p1b: Farigiraf|1\n|-damage|p1b: Farigiraf|0 fnt\n|faint|p1b: Farigiraf\n|\n|-fieldend|move: Trick Room\n|upkeep\n|\n|t:|1788280736\n|switch|p2b: Basculegion|Basculegion, L50, M|69/100\n|turn|7\n|\n|t:|1788280761\n|move|p2b: Basculegion|Aqua Jet|p1a: Raichu\n|-damage|p1a: Raichu|0 fnt\n|faint|p1a: Raichu\n|-damage|p2b: Basculegion|60/100|[from] item: Life Orb\n|\n|win|DINOLONK\n","uploadtime":1788280761,"views":"0","formatid":"gen9championsvgc2026regmbbo3","rating":null,"private":0,"password":null}