{"id":"gen9championsvgc2026regmbbo3-2673377591","format":"[Gen 9 Champions] VGC 2026 Reg M-B (Bo3)","players":["GlitchXDGOAT","humania1"],"log":"|j|☆GlitchXDGOAT\n|j|☆humania1\n|html|<table width=\"100%\"><tr><td align=\"left\">GlitchXDGOAT</td><td align=\"right\">humania1</tr><tr><td align=\"left\"><i class=\"fa fa-circle\"></i> <i class=\"fa fa-circle-o\"></i> </td><td align=\"right\"><i class=\"fa fa-circle-o\"></i> <i class=\"fa fa-circle\"></i> </tr></table>\n|uhtml|bestof|<h2><strong>Game 3</strong> of <a href=\"/game-bestof3-gen9championsvgc2026regmbbo3-2673375779\">a best-of-3</a></h2>\n|t:|1788190372\n|gametype|doubles\n|player|p1|GlitchXDGOAT|169|1186\n|player|p2|humania1|170|1094\n|gen|9\n|tier|[Gen 9 Champions] VGC 2026 Reg M-B (Bo3)\n|rated|\n|rule|Species Clause: Limit one of each Pokémon\n|rule|Item Clause: Limit 1 of each item\n|clearpoke\n|poke|p1|Annihilape, L50, F|\n|poke|p1|Incineroar, L50, M|\n|poke|p1|Basculegion, L50, M|\n|poke|p1|Glimmora, L50, M|\n|poke|p1|Raichu, L50, M|\n|poke|p1|Floette-Eternal, L50, F|\n|poke|p2|Blastoise, L50, F|\n|poke|p2|Delphox, L50, M, shiny|\n|poke|p2|Incineroar, L50, M|\n|poke|p2|Sinistcha, L50|\n|poke|p2|Sneasler, L50, F|\n|poke|p2|Vivillon, L50, M|\n|teampreview|4\n|showteam|p1|Annihilape||ChoiceScarf|Defiant|CloseCombat,IcePunch,PoisonJab,RockTomb|Jolly||F|||50|]Incineroar||SitrusBerry|Intimidate|FakeOut,FlareBlitz,ThroatChop,PartingShot|Sassy||M|||50|]Basculegion||LifeOrb|Adaptability|WaveCrash,LastRespects,Protect,AquaJet|Jolly||M|||50|]Glimmora||FocusSash|ToxicDebris|SpikyShield,PowerGem,SludgeBomb,EarthPower|Timid||M|||50|]Raichu||RaichuniteY|LightningRod|FakeOut,ZapCannon,FocusBlast,Protect|Timid||M|||50|]Floette-Eternal||Floettite|FlowerVeil|Moonblast,DazzlingGleam,CalmMind,Protect|Timid||F|||50|\n|showteam|p2|Blastoise||Blastoisinite|Torrent|Protect,ShellSmash,WaterSpout,DarkPulse|Modest||F|||50|]Delphox||Delphoxite|Blaze|Protect,HeatWave,Psyshock,NastyPlot|Timid||M|||50|]Incineroar||PasshoBerry|Intimidate|FakeOut,PartingShot,FlareBlitz,ThroatChop|Impish||M|||50|]Sinistcha||SitrusBerry|Hospitality|Protect,MatchaGotcha,TrickRoom,RagePowder|Bold|||||50|]Sneasler||FocusSash|PoisonTouch|QuickGuard,FakeOut,CloseCombat,DireClaw|Jolly||F|||50|]Vivillon||ChoiceScarf|CompoundEyes|Hurricane,SleepPowder,RagePowder,Uturn|Timid||M|||50|\n|inactive|Battle timer is ON: inactive players will automatically lose when time's up. (requested by humania1)\n|inactive|GlitchXDGOAT also wants the timer to be on.\n|\n|t:|1788190390\n|teamsize|p1|4\n|teamsize|p2|4\n|start\n|switch|p1a: Annihilape|Annihilape, L50, F|100/100\n|switch|p1b: Raichu|Raichu, L50, M|100/100\n|switch|p2a: Blastoise|Blastoise, L50, F|100/100\n|switch|p2b: Incineroar|Incineroar, L50, M|100/100\n|-ability|p2b: Incineroar|Intimidate|boost\n|-unboost|p1a: Annihilape|atk|1\n|-ability|p1a: Annihilape|Defiant|boost\n|-boost|p1a: Annihilape|atk|2\n|-unboost|p1b: Raichu|atk|1\n|turn|1\n|j| nosehabladebruno\n|\n|t:|1788190399\n|detailschange|p1b: Raichu|Raichu-Mega-Y, L50, M\n|-mega|p1b: Raichu|Raichu|Raichunite Y\n|move|p2a: Blastoise|Protect|p2a: Blastoise\n|-singleturn|p2a: Blastoise|Protect\n|move|p1a: Annihilape|Close Combat|p2b: Incineroar\n|-supereffective|p2b: Incineroar|1\n|-damage|p2b: Incineroar|0 fnt\n|-unboost|p1a: Annihilape|def|1\n|-unboost|p1a: Annihilape|spd|1\n|faint|p2b: Incineroar\n|move|p1b: Raichu|Zap Cannon|p2a: Blastoise\n|-activate|p2a: Blastoise|move: Protect\n|\n|upkeep\n|\n|t:|1788190399\n|switch|p2b: Sinistcha|Sinistcha, L50|100/100\n|turn|2\n|\n|t:|1788190417\n|switch|p1a: Basculegion|Basculegion, L50, M|100/100\n|detailschange|p2a: Blastoise|Blastoise-Mega, L50, F\n|-mega|p2a: Blastoise|Blastoise|Blastoisinite\n|move|p1b: Raichu|Protect|p1b: Raichu\n|-singleturn|p1b: Raichu|Protect\n|move|p2a: Blastoise|Water Spout|p1a: Basculegion|[spread] p1a\n|-activate|p1b: Raichu|move: Protect\n|-resisted|p1a: Basculegion|1\n|-damage|p1a: Basculegion|64/100\n|move|p2b: Sinistcha|Matcha Gotcha|p1a: Basculegion|[spread] p1a\n|-activate|p1b: Raichu|move: Protect\n|-supereffective|p1a: Basculegion|1\n|-damage|p1a: Basculegion|9/100\n|\n|upkeep\n|turn|3\n|\n|t:|1788190430\n|move|p1a: Basculegion|Protect|p1a: Basculegion\n|-singleturn|p1a: Basculegion|Protect\n|move|p1b: Raichu|Zap Cannon|p2a: Blastoise\n|-supereffective|p2a: Blastoise|1\n|-damage|p2a: Blastoise|0 fnt\n|faint|p2a: Blastoise\n|move|p2b: Sinistcha|Matcha Gotcha|p1a: Basculegion|[spread] p1b\n|-activate|p1a: Basculegion|move: Protect\n|-damage|p1b: Raichu|70/100\n|\n|upkeep\n|\n|t:|1788190430\n|switch|p2a: Delphox|Delphox, L50, M, shiny|100/100\n|turn|4\n|\n|t:|1788190446\n|move|p1b: Raichu|Zap Cannon|p2b: Sinistcha\n|-resisted|p2b: Sinistcha|1\n|-damage|p2b: Sinistcha|69/100\n|-status|p2b: Sinistcha|par\n|move|p2a: Delphox|Psyshock|p1a: Basculegion\n|-damage|p1a: Basculegion|0 fnt\n|faint|p1a: Basculegion\n|move|p2b: Sinistcha|Matcha Gotcha|p1b: Raichu\n|-damage|p1b: Raichu|29/100\n|-heal|p2b: Sinistcha|89/100 par|[from] drain|[of] p1b: Raichu\n|\n|upkeep\n|\n|t:|1788190453\n|switch|p1a: Annihilape|Annihilape, L50, F|100/100\n|turn|5\n|\n|t:|1788190459\n|move|p1a: Annihilape|Ice Punch|p2b: Sinistcha\n|-supereffective|p2b: Sinistcha|1\n|-damage|p2b: Sinistcha|47/100 par\n|-enditem|p2b: Sinistcha|Sitrus Berry|[eat]\n|-heal|p2b: Sinistcha|72/100 par|[from] item: Sitrus Berry\n|move|p1b: Raichu|Zap Cannon|p2a: Delphox\n|-crit|p2a: Delphox\n|-damage|p2a: Delphox|0 fnt\n|faint|p2a: Delphox\n|move|p2b: Sinistcha|Matcha Gotcha|p1b: Raichu|[spread] p1a,p1b\n|-damage|p1a: Annihilape|72/100\n|-heal|p2b: Sinistcha|87/100 par|[from] drain|[of] p1a: Annihilape\n|-damage|p1b: Raichu|0 fnt\n|-heal|p2b: Sinistcha|100/100 par|[from] drain|[of] p1b: Raichu\n|faint|p1b: Raichu\n|\n|upkeep\n|\n|t:|1788190467\n|switch|p1b: Incineroar|Incineroar, L50, M|100/100\n|-ability|p1b: Incineroar|Intimidate|boost\n|-unboost|p2b: Sinistcha|atk|1\n|turn|6\n|\n|t:|1788190471\n|move|p1a: Annihilape|Ice Punch|p2b: Sinistcha\n|-supereffective|p2b: Sinistcha|1\n|-damage|p2b: Sinistcha|59/100 par\n|move|p1b: Incineroar|Flare Blitz|p2b: Sinistcha\n|-supereffective|p2b: Sinistcha|1\n|-damage|p2b: Sinistcha|0 fnt\n|faint|p2b: Sinistcha\n|-damage|p1b: Incineroar|83/100|[from] Recoil\n|\n|win|GlitchXDGOAT\n|raw|GlitchXDGOAT's rating: 1186 &rarr; <strong>1205</strong><br />(+19 for winning)\n|raw|humania1's rating: 1094 &rarr; <strong>1076</strong><br />(-18 for losing)\n","uploadtime":1788190471,"views":"4","formatid":"gen9championsvgc2026regmbbo3","rating":1076,"private":0,"password":null}