{"id":"gen9championsvgc2026regmbbo3-2674253021","format":"[Gen 9 Champions] VGC 2026 Reg M-B (Bo3)","players":["neonninja09","DiositoSlurpuff"],"log":"|j|☆neonninja09\n|j|☆DiositoSlurpuff\n|html|<table width=\"100%\"><tr><td align=\"left\">neonninja09</td><td align=\"right\">DiositoSlurpuff</tr><tr><td align=\"left\"><i class=\"fa fa-circle-o\"></i> <i class=\"fa fa-circle-o\"></i> </td><td align=\"right\"><i class=\"fa fa-circle-o\"></i> <i class=\"fa fa-circle-o\"></i> </tr></table>\n|uhtml|bestof|<h2><strong>Game 1</strong> of <a href=\"/game-bestof3-gen9championsvgc2026regmbbo3-2674253020\">a best-of-3</a></h2>\n|t:|1788323983\n|gametype|doubles\n|player|p1|neonninja09|blackbelt-gen4|1001\n|player|p2|DiositoSlurpuff|unknown|1068\n|gen|9\n|tier|[Gen 9 Champions] VGC 2026 Reg M-B (Bo3)\n|rated|\n|rule|Species Clause: Limit one of each Pokémon\n|rule|Item Clause: Limit 1 of each item\n|clearpoke\n|poke|p1|Garchomp, L50, F|\n|poke|p1|Incineroar, L50, M|\n|poke|p1|Metagross, L50|\n|poke|p1|Floette-Eternal, L50, F|\n|poke|p1|Rotom-Wash, L50|\n|poke|p1|Glimmora, L50, M|\n|poke|p2|Incineroar, L50, M|\n|poke|p2|Samurott-Hisui, L50, M|\n|poke|p2|Sinistcha-Masterpiece, L50|\n|poke|p2|Sneasler, L50, F|\n|poke|p2|Floette-Eternal, L50, F|\n|poke|p2|Delphox, L50, F|\n|teampreview|4\n|showteam|p1|Garchomp||LifeOrb|RoughSkin|Protect,Earthquake,Outrage,RockSlide|Jolly||F|||50|]Incineroar||ExpertBelt|Intimidate|FlameCharge,DarkestLariat,Facade,PartingShot|Adamant||M|||50|]Metagross||MuscleBand|ClearBody|Protect,MeteorMash,PsychicFangs,CosmicPower|Careful|||||50|]Floette-Eternal||Floettite|FlowerVeil|Protect,Moonblast,DazzlingGleam,LightofRuin|Timid||F|||50|]Rotom-Wash||ChoiceScarf|Levitate|HydroPump,Thunder,ShadowBall,DarkPulse|Modest|||||50|]Glimmora||Glimmoranite|Corrosion|Protect,PowerGem,SludgeBomb,Toxic|Timid||M|||50|\n|showteam|p2|Incineroar||SitrusBerry|Intimidate|FakeOut,FlareBlitz,PartingShot,DarkestLariat|Careful||M|||50|]Samurott-Hisui||ChoiceScarf|Sharpness|SacredSword,CeaselessEdge,XScissor,RazorShell|Jolly||M|||50|]Sinistcha-Masterpiece||OccaBerry|Hospitality|MatchaGotcha,LifeDew,RagePowder,Protect|Relaxed|||||50|]Sneasler||FocusSash|PoisonTouch|FakeOut,CloseCombat,PoisonJab,QuickGuard|Jolly||F|||50|]Floette-Eternal||Floettite|FlowerVeil|Moonblast,DazzlingGleam,CalmMind,Protect|Modest||F|||50|]Delphox||Delphoxite|Magician|HeatWave,Psychic,Protect,NastyPlot|Timid||F|||50|\n|inactive|Battle timer is ON: inactive players will automatically lose when time's up. (requested by neonninja09)\n|inactive|DiositoSlurpuff has 60 seconds left.\n|\n|t:|1788324025\n|teamsize|p1|4\n|teamsize|p2|4\n|start\n|switch|p1a: Glimmora|Glimmora, L50, M|100/100\n|switch|p1b: Metagross|Metagross, L50|100/100\n|switch|p2a: Sneasler|Sneasler, L50, F|100/100\n|switch|p2b: Incineroar|Incineroar, L50, M|100/100\n|-ability|p2b: Incineroar|Intimidate|boost\n|-unboost|p1a: Glimmora|atk|1\n|-fail|p1b: Metagross|unboost|[from] ability: Clear Body|[of] p1b: Metagross\n|turn|1\n|\n|t:|1788324048\n|detailschange|p1a: Glimmora|Glimmora-Mega, L50, M\n|-mega|p1a: Glimmora|Glimmora|Glimmoranite\n|move|p2a: Sneasler|Fake Out|p1a: Glimmora\n|-resisted|p1a: Glimmora|1\n|-damage|p1a: Glimmora|93/100\n|cant|p1a: Glimmora|flinch\n|move|p1b: Metagross|Cosmic Power|p1b: Metagross\n|-boost|p1b: Metagross|def|1\n|-boost|p1b: Metagross|spd|1\n|move|p2b: Incineroar|Darkest Lariat|p1b: Metagross\n|-supereffective|p1b: Metagross|1\n|-damage|p1b: Metagross|48/100\n|\n|upkeep\n|turn|2\n|\n|t:|1788324067\n|move|p2a: Sneasler|Close Combat|p1b: Metagross\n|-damage|p1b: Metagross|16/100\n|-unboost|p2a: Sneasler|def|1\n|-unboost|p2a: Sneasler|spd|1\n|move|p1a: Glimmora|Power Gem|p2b: Incineroar\n|-supereffective|p2b: Incineroar|1\n|-damage|p2b: Incineroar|26/100\n|-enditem|p2b: Incineroar|Sitrus Berry|[eat]\n|-heal|p2b: Incineroar|51/100|[from] item: Sitrus Berry\n|move|p1b: Metagross|Psychic Fangs|p2a: Sneasler\n|-supereffective|p2a: Sneasler|2\n|-enditem|p2a: Sneasler|Focus Sash\n|-damage|p2a: Sneasler|1/100\n|move|p2b: Incineroar|Darkest Lariat|p1a: Glimmora\n|-damage|p1a: Glimmora|64/100\n|\n|upkeep\n|turn|3\n|\n|t:|1788324092\n|switch|p1b: Incineroar|Incineroar, L50, M|100/100\n|-ability|p1b: Incineroar|Intimidate|boost\n|-unboost|p2a: Sneasler|atk|1\n|-unboost|p2b: Incineroar|atk|1\n|switch|p2b: Sinistcha|Sinistcha-Masterpiece, L50|100/100\n|-heal|p2a: Sneasler|25/100|[from] ability: Hospitality|[of] p2b: Sinistcha\n|move|p2a: Sneasler|Close Combat|p1a: Glimmora\n|-damage|p1a: Glimmora|26/100\n|-unboost|p2a: Sneasler|def|1\n|-unboost|p2a: Sneasler|spd|1\n|move|p1a: Glimmora|Power Gem|p2b: Sinistcha\n|-damage|p2b: Sinistcha|41/100\n|\n|upkeep\n|turn|4\n|inactive|neonninja09 has 30 seconds left.\n|inactive|neonninja09 has 20 seconds left.\n|inactive|DiositoSlurpuff has 30 seconds left.\n|\n|t:|1788324135\n|switch|p1b: Rotom|Rotom-Wash, L50|100/100\n|move|p2b: Sinistcha|Protect|p2b: Sinistcha\n|-singleturn|p2b: Sinistcha|Protect\n|move|p2a: Sneasler|Close Combat|p1b: Rotom\n|-damage|p1b: Rotom|44/100\n|-unboost|p2a: Sneasler|def|1\n|-unboost|p2a: Sneasler|spd|1\n|move|p1a: Glimmora|Toxic|p2b: Sinistcha\n|-activate|p2b: Sinistcha|move: Protect\n|\n|upkeep\n|turn|5\n|\n|t:|1788324159\n|move|p2b: Sinistcha|Rage Powder|p2b: Sinistcha\n|-singleturn|p2b: Sinistcha|move: Rage Powder\n|move|p1b: Rotom|Hydro Pump|p2b: Sinistcha\n|-resisted|p2b: Sinistcha|1\n|-damage|p2b: Sinistcha|13/100\n|move|p2a: Sneasler|Close Combat|p1b: Rotom\n|-damage|p1b: Rotom|0 fnt\n|-unboost|p2a: Sneasler|def|1\n|-unboost|p2a: Sneasler|spd|1\n|faint|p1b: Rotom\n|move|p1a: Glimmora|Sludge Bomb|p2b: Sinistcha\n|-damage|p2b: Sinistcha|0 fnt\n|faint|p2b: Sinistcha\n|\n|upkeep\n|\n|t:|1788324173\n|switch|p1b: Metagross|Metagross, L50|16/100\n|switch|p2b: Incineroar|Incineroar, L50, M|51/100\n|-ability|p2b: Incineroar|Intimidate|boost\n|-unboost|p1a: Glimmora|atk|1\n|-fail|p1b: Metagross|unboost|[from] ability: Clear Body|[of] p1b: Metagross\n|turn|6\n|\n|t:|1788324185\n|move|p1a: Glimmora|Protect|p1a: Glimmora\n|-singleturn|p1a: Glimmora|Protect\n|move|p2b: Incineroar|Fake Out|p1a: Glimmora\n|-activate|p1a: Glimmora|move: Protect\n|move|p2a: Sneasler|Close Combat|p1b: Metagross\n|-crit|p1b: Metagross\n|-damage|p1b: Metagross|0 fnt\n|-unboost|p2a: Sneasler|def|1\n|-unboost|p2a: Sneasler|spd|1\n|faint|p1b: Metagross\n|\n|upkeep\n|\n|t:|1788324191\n|switch|p1b: Incineroar|Incineroar, L50, M|100/100\n|-ability|p1b: Incineroar|Intimidate|boost\n|-unboost|p2a: Sneasler|atk|1\n|-unboost|p2b: Incineroar|atk|1\n|turn|7\n|\n|t:|1788324212\n|move|p2a: Sneasler|Close Combat|p1a: Glimmora\n|-damage|p1a: Glimmora|0 fnt\n|-unboost|p2a: Sneasler|def|1\n|-unboost|p2a: Sneasler|spd|1\n|faint|p1a: Glimmora\n|move|p2b: Incineroar|Darkest Lariat|p1b: Incineroar\n|-resisted|p1b: Incineroar|1\n|-damage|p1b: Incineroar|88/100\n|move|p1b: Incineroar|Flame Charge|p2a: Sneasler\n|-damage|p2a: Sneasler|0 fnt\n|-boost|p1b: Incineroar|spe|1\n|faint|p2a: Sneasler\n|\n|upkeep\n|\n|t:|1788324225\n|switch|p2a: Floette|Floette-Eternal, L50, F|100/100\n|turn|8\n|\n|t:|1788324235\n|detailschange|p2a: Floette|Floette-Mega, L50, F\n|-mega|p2a: Floette|Floette|Floettite\n|-ability|p2a: Floette|Fairy Aura\n|move|p2a: Floette|Moonblast|p1b: Incineroar\n|-damage|p1b: Incineroar|22/100\n|move|p1b: Incineroar|Flame Charge|p2a: Floette\n|-damage|p2a: Floette|75/100\n|-boost|p1b: Incineroar|spe|1\n|move|p2b: Incineroar|Flare Blitz|p1b: Incineroar\n|-resisted|p1b: Incineroar|1\n|-damage|p1b: Incineroar|7/100\n|-damage|p2b: Incineroar|46/100|[from] Recoil\n|\n|upkeep\n|turn|9\n|\n|t:|1788324251\n|move|p1b: Incineroar|Flame Charge|p2a: Floette\n|-damage|p2a: Floette|51/100\n|-boost|p1b: Incineroar|spe|1\n|move|p2a: Floette|Moonblast|p1b: Incineroar\n|-damage|p1b: Incineroar|0 fnt\n|faint|p1b: Incineroar\n|\n|win|DiositoSlurpuff\n||neonninja09 is ready for game 2.\n|inactive|DiositoSlurpuff has 30 seconds to confirm battle start!\n||DiositoSlurpuff is ready for game 2.\n|uhtml|next|Next: <a href=\"/battle-gen9championsvgc2026regmbbo3-2674254315\"><strong>Game 2 of 3</strong></a>\n|l|☆neonninja09\n|player|p1|\n","uploadtime":1788324567,"views":"9","formatid":"gen9championsvgc2026regmbbo3","rating":null,"private":0,"password":null}