{"id":"gen9championsvgc2026regmb-2674265898","format":"[Gen 9 Champions] VGC 2026 Reg M-B","players":["Thornlace48812","whgsosla"],"log":"|j|☆Thornlace48812\n|j|☆whgsosla\n|t:|1788326926\n|gametype|doubles\n|player|p1|Thornlace48812|1|1118\n|player|p2|whgsosla|miku-ghost|1047\n|gen|9\n|tier|[Gen 9 Champions] VGC 2026 Reg M-B\n|rated|\n|rule|Species Clause: Limit one of each Pokémon\n|rule|Item Clause: Limit 1 of each item\n|clearpoke\n|poke|p1|Garchomp, L50, F|\n|poke|p1|Charizard, L50, F|\n|poke|p1|Whimsicott, L50, F|\n|poke|p1|Sylveon, L50, F|\n|poke|p1|Kingambit, L50, M|\n|poke|p1|Basculegion, L50, M|\n|poke|p2|Froslass, L50, F|\n|poke|p2|Basculegion, L50, M, shiny|\n|poke|p2|Sneasler, L50, F|\n|poke|p2|Lycanroc-Dusk, L50, M|\n|poke|p2|Talonflame, L50, M|\n|poke|p2|Kingambit, L50, F|\n|teampreview|4\n|inactive|Battle timer is ON: inactive players will automatically lose when time's up. (requested by whgsosla)\n|inactive|Thornlace48812 also wants the timer to be on.\nThornlace48812 rejected open team sheets.\n|\n|t:|1788326949\n|teamsize|p1|4\n|teamsize|p2|4\n|start\n|switch|p1a: Sylveon|Sylveon, L50, F|100/100\n|switch|p1b: Charizard|Charizard, L50, F|100/100\n|switch|p2a: Lycanroc|Lycanroc-Dusk, L50, M|100/100\n|switch|p2b: Sneasler|Sneasler, L50, F|100/100\n|turn|1\n|\n|t:|1788326965\n|detailschange|p1b: Charizard|Charizard-Mega-Y, L50, F\n|-mega|p1b: Charizard|Charizard|Charizardite Y\n|-weather|SunnyDay|[from] ability: Drought|[of] p1b: Charizard\n|move|p1b: Charizard|Protect|p1b: Charizard\n|-singleturn|p1b: Charizard|Protect\n|move|p1a: Sylveon|Detect|p1a: Sylveon\n|-singleturn|p1a: Sylveon|Protect\n|move|p2a: Lycanroc|Rock Slide|p1b: Charizard|[spread] \n|-activate|p1a: Sylveon|move: Protect\n|-activate|p1b: Charizard|move: Protect\n|move|p2b: Sneasler|Dire Claw|p1a: Sylveon\n|-activate|p1a: Sylveon|move: Protect\n|\n|-weather|SunnyDay|[upkeep]\n|upkeep\n|turn|2\n|\n|t:|1788326976\n|move|p1a: Sylveon|Quick Attack|p2b: Sneasler\n|-damage|p2b: Sneasler|86/100\n|move|p2a: Lycanroc|Rock Slide|p1b: Charizard|[spread] p1a,p1b\n|-supereffective|p1b: Charizard|2\n|-damage|p1a: Sylveon|61/100\n|-damage|p1b: Charizard|0 fnt\n|faint|p1b: Charizard\n|move|p2b: Sneasler|Dire Claw|p1a: Sylveon\n|-supereffective|p1a: Sylveon|1\n|-damage|p1a: Sylveon|0 fnt\n|faint|p1a: Sylveon\n|\n|-weather|SunnyDay|[upkeep]\n|upkeep\n|\n|t:|1788326976\n|switch|p1b: Basculegion|Basculegion, L50, M|100/100\n|switch|p1a: Whimsicott|Whimsicott, L50, F|100/100\n|turn|3\n|\n|t:|1788326996\n|move|p1a: Whimsicott|Tailwind|p1a: Whimsicott\n|-sidestart|p1: Thornlace48812|move: Tailwind\n|move|p1b: Basculegion|Last Respects|p2a: Lycanroc\n|-enditem|p2a: Lycanroc|Focus Sash\n|-damage|p2a: Lycanroc|1/100\n|move|p2a: Lycanroc|Rock Slide|p1b: Basculegion|[spread] p1a,p1b\n|-damage|p1a: Whimsicott|57/100\n|-damage|p1b: Basculegion|65/100\n|move|p2b: Sneasler|Dire Claw|p1a: Whimsicott\n|-supereffective|p1a: Whimsicott|2\n|-damage|p1a: Whimsicott|0 fnt\n|faint|p1a: Whimsicott\n|\n|-weather|SunnyDay|[upkeep]\n|upkeep\n|turn|4\n|\n|t:|1788327016\n|move|p2a: Lycanroc|Accelerock|p1b: Basculegion\n|-damage|p1b: Basculegion|31/100\n|move|p1b: Basculegion|Last Respects|p2a: Lycanroc\n|-damage|p2a: Lycanroc|0 fnt\n|faint|p2a: Lycanroc\n|move|p2b: Sneasler|Dire Claw|p1b: Basculegion\n|-resisted|p1b: Basculegion|1\n|-damage|p1b: Basculegion|9/100\n|\n|-weather|SunnyDay|[upkeep]\n|upkeep\n|\n|t:|1788327023\n|switch|p2a: Froslass|Froslass, L50, F|100/100\n|turn|5\n|\n|t:|1788327029\n|move|p2a: Froslass|Protect|p2a: Froslass\n|-singleturn|p2a: Froslass|Protect\n|move|p1b: Basculegion|Last Respects|p2a: Froslass\n|-activate|p2a: Froslass|move: Protect\n|move|p2b: Sneasler|Dire Claw|p1b: Basculegion\n|-resisted|p1b: Basculegion|1\n|-damage|p1b: Basculegion|0 fnt\n|faint|p1b: Basculegion\n|\n|win|whgsosla\n|raw|Thornlace48812's rating: 1146 &rarr; <strong>1114</strong><br />(-32 for losing)\n|raw|whgsosla's rating: 1047 &rarr; <strong>1089</strong><br />(+42 for winning)\n","uploadtime":1788327029,"views":"3","formatid":"gen9championsvgc2026regmb","rating":1089,"private":0,"password":null}