{"id":"gen9championsvgc2026regmb-2674112407","format":"[Gen 9 Champions] VGC 2026 Reg M-B","players":["MacheteMcGoo","The Stunfisk Movie"],"log":"|j|☆MacheteMcGoo\n|j|☆The Stunfisk Movie\n|t:|1788300884\n|gametype|doubles\n|player|p1|MacheteMcGoo|gwynn|1317\n|player|p2|The Stunfisk Movie|cynthia-masters4|1402\n|gen|9\n|tier|[Gen 9 Champions] VGC 2026 Reg M-B\n|rated|\n|rule|Species Clause: Limit one of each Pokémon\n|rule|Item Clause: Limit 1 of each item\n|clearpoke\n|poke|p1|Garchomp, L50, M|\n|poke|p1|Scovillain, L50, M|\n|poke|p1|Pelipper, L50, F|\n|poke|p1|Basculegion, L50, M|\n|poke|p1|Incineroar, L50, M|\n|poke|p1|Archaludon, L50, M|\n|poke|p2|Froslass, L50, F, shiny|\n|poke|p2|Sneasler, L50, F|\n|poke|p2|Kingambit, L50, F|\n|poke|p2|Basculegion, L50, M|\n|poke|p2|Scovillain, L50, F|\n|poke|p2|Lycanroc-Dusk, L50, M, shiny|\n|teampreview|4\n|c|☆The Stunfisk Movie|Glhf\n|c|☆MacheteMcGoo|glhf!\nMacheteMcGoo rejected open team sheets.\n|\n|t:|1788300917\n|teamsize|p1|4\n|teamsize|p2|4\n|start\n|switch|p1a: Garchomp|Garchomp, L50, M|100/100\n|switch|p1b: Archaludon|Archaludon, L50, M|100/100\n|switch|p2a: Furbait|Sneasler, L50, F|100/100\n|switch|p2b: The Bad Guy|Scovillain, L50, F|100/100\n|turn|1\n|\n|t:|1788300961\n|switch|p1a: Pelipper|Pelipper, L50, F|100/100\n|-weather|RainDance|[from] ability: Drizzle|[of] p1a: Pelipper\n|move|p1b: Archaludon|Protect|p1b: Archaludon\n|-singleturn|p1b: Archaludon|Protect\n|move|p2b: The Bad Guy|Protect|p2b: The Bad Guy\n|-singleturn|p2b: The Bad Guy|Protect\n|move|p2a: Furbait|Fake Out|p1b: Archaludon\n|-activate|p1b: Archaludon|move: Protect\n|\n|-weather|RainDance|[upkeep]\n|-ability|p2b: The Bad Guy|Moody|boost\n|-boost|p2b: The Bad Guy|spa|2\n|-unboost|p2b: The Bad Guy|def|1\n|upkeep\n|turn|2\n|\n|t:|1788300996\n|detailschange|p2b: The Bad Guy|Scovillain-Mega, L50, F\n|-mega|p2b: The Bad Guy|Scovillain|Scovillainite\n|move|p2a: Furbait|Close Combat|p1b: Archaludon\n|-supereffective|p1b: Archaludon|1\n|-damage|p1b: Archaludon|20/100r\n|-unboost|p2a: Furbait|def|1\n|-unboost|p2a: Furbait|spd|1\n|-ability|p1b: Archaludon|Stamina|boost\n|-boost|p1b: Archaludon|def|1\n|-enditem|p2a: Furbait|White Herb\n|-clearnegativeboost|p2a: Furbait|[silent]\n|move|p1b: Archaludon|Electro Shot||[still]\n|-prepare|p1b: Archaludon|Electro Shot\n|-boost|p1b: Archaludon|spa|1\n|-anim|p1b: Archaludon|Electro Shot|p2a: Furbait\n|-damage|p2a: Furbait|11/100\n|move|p2b: The Bad Guy|Giga Drain|p1a: Pelipper\n|-enditem|p1a: Pelipper|Focus Sash\n|-damage|p1a: Pelipper|1/100\n|move|p1a: Pelipper|Hurricane|p2a: Furbait\n|-supereffective|p2a: Furbait|1\n|-damage|p2a: Furbait|0 fnt\n|faint|p2a: Furbait\n|\n|-weather|RainDance|[upkeep]\n|-heal|p1b: Archaludon|25/100|[from] item: Leftovers\n|upkeep\n|\n|t:|1788301044\n|switch|p2a: WolfeyVGC|Lycanroc-Dusk, L50, M, shiny|100/100\n|turn|3\n|\n|t:|1788301067\n|move|p1a: Pelipper|Protect|p1a: Pelipper\n|-singleturn|p1a: Pelipper|Protect\n|move|p2b: The Bad Guy|Rage Powder|p2b: The Bad Guy\n|-singleturn|p2b: The Bad Guy|move: Rage Powder\n|move|p2a: WolfeyVGC|Rock Slide|p1a: Pelipper|[spread] p1b\n|-activate|p1a: Pelipper|move: Protect\n|-resisted|p1b: Archaludon|1\n|-damage|p1b: Archaludon|17/100\n|-ability|p1b: Archaludon|Stamina|boost\n|-boost|p1b: Archaludon|def|1\n|move|p1b: Archaludon|Dragon Pulse|p2b: The Bad Guy\n|-damage|p2b: The Bad Guy|36/100\n|-status|p1b: Archaludon|brn|[from] ability: Spicy Spray|[of] p2b: The Bad Guy\n|\n|-weather|RainDance|[upkeep]\n|-heal|p1b: Archaludon|23/100 brn|[from] item: Leftovers\n|-damage|p1b: Archaludon|17/100 brn|[from] brn\n|upkeep\n|turn|4\n|\n|t:|1788301100\n|move|p1b: Archaludon|Protect|p1b: Archaludon\n|-singleturn|p1b: Archaludon|Protect\n|move|p2b: The Bad Guy|Protect|p2b: The Bad Guy\n|-singleturn|p2b: The Bad Guy|Protect\n|move|p2a: WolfeyVGC|Close Combat|p1b: Archaludon\n|-activate|p1b: Archaludon|move: Protect\n|move|p1a: Pelipper|Tailwind|p1a: Pelipper\n|-sidestart|p1: MacheteMcGoo|move: Tailwind\n|\n|-weather|RainDance|[upkeep]\n|-heal|p1b: Archaludon|23/100 brn|[from] item: Leftovers\n|-damage|p1b: Archaludon|17/100 brn|[from] brn\n|upkeep\n|turn|5\n|\n|t:|1788301142\n|move|p2b: The Bad Guy|Protect|p2b: The Bad Guy\n|-singleturn|p2b: The Bad Guy|Protect\n|move|p2a: WolfeyVGC|Accelerock|p1a: Pelipper\n|-supereffective|p1a: Pelipper|1\n|-damage|p1a: Pelipper|0 fnt\n|faint|p1a: Pelipper\n|move|p1b: Archaludon|Electro Shot||[still]\n|-prepare|p1b: Archaludon|Electro Shot\n|-boost|p1b: Archaludon|spa|1\n|-anim|p1b: Archaludon|Electro Shot|p2a: WolfeyVGC\n|-enditem|p2a: WolfeyVGC|Focus Sash\n|-damage|p2a: WolfeyVGC|1/100\n|\n|-weather|none\n|-heal|p1b: Archaludon|23/100 brn|[from] item: Leftovers\n|-damage|p1b: Archaludon|17/100 brn|[from] brn\n|upkeep\n|\n|t:|1788301158\n|switch|p1a: Scovillain|Scovillain, L50, M|100/100\n|turn|6\n|\n|t:|1788301265\n|move|p1a: Scovillain|Protect|p1a: Scovillain\n|-singleturn|p1a: Scovillain|Protect\n|move|p2a: WolfeyVGC|Protect|p2a: WolfeyVGC\n|-singleturn|p2a: WolfeyVGC|Protect\n|move|p1b: Archaludon|Dragon Pulse|p2b: The Bad Guy\n|-damage|p2b: The Bad Guy|0 fnt\n|faint|p2b: The Bad Guy\n|\n|-heal|p1b: Archaludon|23/100 brn|[from] item: Leftovers\n|-damage|p1b: Archaludon|17/100 brn|[from] brn\n|-ability|p1a: Scovillain|Moody|boost\n|-boost|p1a: Scovillain|spd|2\n|-unboost|p1a: Scovillain|spa|1\n|upkeep\n|\n|t:|1788301268\n|switch|p2b: Mr Fish jr.|Basculegion, L50, M|100/100\n|turn|7\n|\n|t:|1788301290\n|detailschange|p1a: Scovillain|Scovillain-Mega, L50, M\n|-mega|p1a: Scovillain|Scovillain|Scovillainite\n|move|p2b: Mr Fish jr.|Protect|p2b: Mr Fish jr.\n|-singleturn|p2b: Mr Fish jr.|Protect\n|move|p1b: Archaludon|Flash Cannon|p2a: WolfeyVGC\n|-supereffective|p2a: WolfeyVGC|1\n|-damage|p2a: WolfeyVGC|0 fnt\n|faint|p2a: WolfeyVGC\n|move|p1a: Scovillain|Giga Drain|p2b: Mr Fish jr.\n|-activate|p2b: Mr Fish jr.|move: Protect\n|\n|-heal|p1b: Archaludon|23/100 brn|[from] item: Leftovers\n|-damage|p1b: Archaludon|17/100 brn|[from] brn\n|-sideend|p1: MacheteMcGoo|move: Tailwind\n|upkeep\n|turn|8\n|\n|t:|1788301306\n|move|p1b: Archaludon|Dragon Pulse|p2b: Mr Fish jr.\n|-damage|p2b: Mr Fish jr.|10/100\n|-enditem|p2b: Mr Fish jr.|Sitrus Berry|[eat]\n|-heal|p2b: Mr Fish jr.|35/100|[from] item: Sitrus Berry\n|move|p2b: Mr Fish jr.|Wave Crash|p1a: Scovillain\n|-damage|p1a: Scovillain|4/100\n|-status|p2b: Mr Fish jr.|brn|[from] ability: Spicy Spray|[of] p1a: Scovillain\n|-damage|p2b: Mr Fish jr.|10/100 brn|[from] Recoil\n|move|p1a: Scovillain|Giga Drain|p2b: Mr Fish jr.\n|-supereffective|p2b: Mr Fish jr.|1\n|-damage|p2b: Mr Fish jr.|0 fnt\n|-heal|p1a: Scovillain|11/100|[from] drain|[of] p2b: Mr Fish jr.\n|faint|p2b: Mr Fish jr.\n|\n|win|MacheteMcGoo\n|raw|MacheteMcGoo's rating: 1317 &rarr; <strong>1342</strong><br />(+25 for winning)\n|raw|The Stunfisk Movie's rating: 1402 &rarr; <strong>1377</strong><br />(-25 for losing)\n|c|☆The Stunfisk Movie|Gg\n|c|☆MacheteMcGoo|ggwp!\n|l|☆The Stunfisk Movie\n|player|p2|\n","uploadtime":1788301320,"views":"12","formatid":"gen9championsvgc2026regmb","rating":1342,"private":0,"password":null}