{"id":"gen9championsvgc2026regmb-2675030885","format":"[Gen 9 Champions] VGC 2026 Reg M-B","players":["ttexergy","BtC37"],"log":"|j|‽ttexergy\n|j|☆BtC37\n|t:|1788450764\n|gametype|doubles\n|player|p1|ttexergy|266|1441\n|player|p2|BtC37|ghetsis|1357\n|gen|9\n|tier|[Gen 9 Champions] VGC 2026 Reg M-B\n|rated|\n|rule|Species Clause: Limit one of each Pokémon\n|rule|Item Clause: Limit 1 of each item\n|clearpoke\n|poke|p1|Araquanid, L50, M|\n|poke|p1|Farigiraf, L50, M|\n|poke|p1|Sylveon, L50, F|\n|poke|p1|Swampert, L50, F|\n|poke|p1|Pelipper, L50, M|\n|poke|p1|Archaludon, L50, M|\n|poke|p2|Blaziken, L50, M|\n|poke|p2|Venusaur, L50, F|\n|poke|p2|Kingambit, L50, M|\n|poke|p2|Farigiraf, L50, F|\n|poke|p2|Torkoal, L50, M|\n|poke|p2|Primarina, L50, F|\n|teampreview|4\n|inactive|Battle timer is ON: inactive players will automatically lose when time's up. (requested by BtC37)\n|inactive|ttexergy has 60 seconds left.\n|inactive|BtC37 has 60 seconds left.\n|inactive|BtC37 has 30 seconds left.\n|inactive|BtC37 has 20 seconds left.\n|\n|t:|1788450836\n|teamsize|p1|4\n|teamsize|p2|4\n|start\n|switch|p1a: Archaludon|Archaludon, L50, M|100/100\n|switch|p1b: Farigiraf|Farigiraf, L50, M|100/100\n|switch|p2a: Venusaur|Venusaur, L50, F|100/100\n|switch|p2b: Kingambit|Kingambit, L50, M|100/100\n|turn|1\n|inactive|BtC37 has 30 seconds left.\n|\n|t:|1788450866\n|move|p2a: Venusaur|Sludge Bomb|p1b: Farigiraf\n|-damage|p1b: Farigiraf|59/100\n|move|p1a: Archaludon|Dragon Pulse|p2a: Venusaur\n|-damage|p2a: Venusaur|48/100\n|move|p1b: Farigiraf|Psychic|p2a: Venusaur\n|-supereffective|p2a: Venusaur|1\n|-damage|p2a: Venusaur|0 fnt\n|faint|p2a: Venusaur\n|move|p2b: Kingambit|Kowtow Cleave|p1b: Farigiraf\n|-supereffective|p1b: Farigiraf|1\n|-damage|p1b: Farigiraf|0 fnt\n|faint|p1b: Farigiraf\n|\n|upkeep\n|\n|t:|1788450884\n|switch|p2a: Blaziken|Blaziken, L50, M|100/100\n|switch|p1b: Swampert|Swampert, L50, F|100/100\n|turn|2\n|\n|t:|1788450895\n|switch|p1a: Pelipper|Pelipper, L50, M|100/100\n|-weather|RainDance|[from] ability: Drizzle|[of] p1a: Pelipper\n|detailschange|p2a: Blaziken|Blaziken-Mega, L50, M\n|-mega|p2a: Blaziken|Blaziken|Blazikenite\n|detailschange|p1b: Swampert|Swampert-Mega, L50, F\n|-mega|p1b: Swampert|Swampert|Swampertite\n|move|p2a: Blaziken|Protect|p2a: Blaziken\n|-singleturn|p2a: Blaziken|Protect\n|move|p2b: Kingambit|Sucker Punch|p1b: Swampert\n|-damage|p1b: Swampert|69/100\n|move|p1b: Swampert|Earthquake|p2a: Blaziken|[spread] p2b\n|-activate|p2a: Blaziken|move: Protect\n|-immune|p1a: Pelipper\n|-supereffective|p2b: Kingambit|1\n|-damage|p2b: Kingambit|27/100\n|\n|-weather|RainDance|[upkeep]\n|-ability|p2a: Blaziken|Speed Boost|boost\n|-boost|p2a: Blaziken|spe|1\n|upkeep\n|turn|3\n|\n|t:|1788450920\n|switch|p1b: Archaludon|Archaludon, L50, M|100/100\n|switch|p2b: Torkoal|Torkoal, L50, M|100/100\n|-weather|SunnyDay|[from] ability: Drought|[of] p2b: Torkoal\n|move|p2a: Blaziken|Close Combat|p1b: Archaludon\n|-supereffective|p1b: Archaludon|1\n|-damage|p1b: Archaludon|0 fnt\n|-unboost|p2a: Blaziken|def|1\n|-unboost|p2a: Blaziken|spd|1\n|faint|p1b: Archaludon\n|move|p1a: Pelipper|Weather Ball|p2a: Blaziken\n|-resisted|p2a: Blaziken|1\n|-damage|p2a: Blaziken|56/100\n|\n|-weather|SunnyDay|[upkeep]\n|-ability|p2a: Blaziken|Speed Boost|boost\n|-boost|p2a: Blaziken|spe|1\n|upkeep\n|\n|t:|1788450940\n|switch|p1b: Swampert|Swampert-Mega, L50, F|69/100\n|turn|4\n|\n|t:|1788450956\n|move|p2b: Torkoal|Helping Hand|p2a: Blaziken\n|-singleturn|p2a: Blaziken|Helping Hand|[of] p2b: Torkoal\n|move|p2a: Blaziken|Close Combat|p1b: Swampert\n|-damage|p1b: Swampert|0 fnt\n|-unboost|p2a: Blaziken|def|1\n|-unboost|p2a: Blaziken|spd|1\n|faint|p1b: Swampert\n|move|p1a: Pelipper|Weather Ball|p2b: Torkoal\n|-resisted|p2b: Torkoal|1\n|-damage|p2b: Torkoal|71/100\n|\n|-weather|SunnyDay|[upkeep]\n|-ability|p2a: Blaziken|Speed Boost|boost\n|-boost|p2a: Blaziken|spe|1\n|upkeep\n|turn|5\n|-message|ttexergy forfeited.\n|\n|win|BtC37\n|raw|ttexergy's rating: 1441 &rarr; <strong>1416</strong><br />(-25 for losing)\n|raw|BtC37's rating: 1357 &rarr; <strong>1382</strong><br />(+25 for winning)\n|l|‽ttexergy\n|player|p1|\n","uploadtime":1788450968,"views":"0","formatid":"gen9championsvgc2026regmb","rating":1382,"private":0,"password":null}