{"id":"gen9championsvgc2026regmb-2674908946","format":"[Gen 9 Champions] VGC 2026 Reg M-B","players":["kiichii","jhopz"],"log":"|j|☆kiichii\n|j|☆jhopz\n|t:|1788434026\n|gametype|doubles\n|player|p1|kiichii|102|1006\n|player|p2|jhopz|red|1064\n|gen|9\n|tier|[Gen 9 Champions] VGC 2026 Reg M-B\n|rated|\n|rule|Species Clause: Limit one of each Pokémon\n|rule|Item Clause: Limit 1 of each item\n|clearpoke\n|poke|p1|Gardevoir, L50, M|\n|poke|p1|Basculegion, L50, M|\n|poke|p1|Talonflame, L50, M|\n|poke|p1|Maushold, L50|\n|poke|p1|Kingambit, L50, M|\n|poke|p1|Kommo-o, L50, M|\n|poke|p2|Dragapult, L50, M, shiny|\n|poke|p2|Maushold, L50|\n|poke|p2|Kingambit, L50, M|\n|poke|p2|Whimsicott, L50, F|\n|poke|p2|Milotic, L50, M, shiny|\n|poke|p2|Metagross, L50|\n|teampreview|4\n|\n|t:|1788434057\n|teamsize|p1|4\n|teamsize|p2|4\n|start\n|switch|p1a: Gardevoir|Gardevoir, L50, M|100/100\n|switch|p1b: Maushold|Maushold, L50|100/100\n|switch|p2a: Kingambit|Kingambit, L50, M|100/100\n|switch|p2b: Dragapult|Dragapult, L50, M, shiny|100/100\n|-ability|p1a: Gardevoir|Clear Body|Trace|[from] ability: Trace|[of] p2b: Dragapult\n|turn|1\n|\n|t:|1788434074\n|detailschange|p1a: Gardevoir|Gardevoir-Mega, L50, M\n|-mega|p1a: Gardevoir|Gardevoir|Gardevoirite\n|move|p1b: Maushold|Follow Me|p1b: Maushold\n|-singleturn|p1b: Maushold|move: Follow Me\n|move|p2b: Dragapult|U-turn|p1b: Maushold\n|-damage|p1b: Maushold|60/100\n|-damage|p2b: Dragapult|90/100|[from] item: Life Orb\n|\n|t:|1788434085\n|switch|p2b: Metagross|Metagross, L50|100/100|[from] U-turn\n|move|p1a: Gardevoir|Hyper Voice|p2a: Kingambit|[spread] p2a,p2b\n|-resisted|p2b: Metagross|1\n|-damage|p2a: Kingambit|41/100\n|-damage|p2b: Metagross|75/100\n|move|p2a: Kingambit|Swords Dance|p2a: Kingambit\n|-boost|p2a: Kingambit|atk|2\n|\n|upkeep\n|turn|2\n|\n|t:|1788434107\n|detailschange|p2b: Metagross|Metagross-Mega, L50\n|-mega|p2b: Metagross|Metagross|Metagrossite\n|move|p1b: Maushold|Protect|p1b: Maushold\n|-singleturn|p1b: Maushold|Protect\n|move|p2b: Metagross|Bullet Punch|p1a: Gardevoir\n|-supereffective|p1a: Gardevoir|1\n|-damage|p1a: Gardevoir|37/100\n|move|p1a: Gardevoir|Hyper Voice|p2b: Metagross|[spread] p2a,p2b\n|-resisted|p2b: Metagross|1\n|-damage|p2a: Kingambit|0 fnt\n|-damage|p2b: Metagross|56/100\n|faint|p2a: Kingambit\n|\n|upkeep\n|\n|t:|1788434123\n|switch|p2a: Maushold|Maushold, L50|100/100\n|turn|3\n|\n|t:|1788434148\n|move|p2b: Metagross|Protect|p2b: Metagross\n|-singleturn|p2b: Metagross|Protect\n|move|p1b: Maushold|Follow Me|p1b: Maushold\n|-singleturn|p1b: Maushold|move: Follow Me\n|move|p2a: Maushold|Encore|p1b: Maushold\n|-start|p1b: Maushold|Encore\n|move|p1a: Gardevoir|Hyper Voice|p2a: Maushold|[spread] p2a\n|-activate|p2b: Metagross|move: Protect\n|-damage|p2a: Maushold|25/100\n|\n|upkeep\n|turn|4\n|\n|t:|1788434170\n|switch|p2b: Dragapult|Dragapult, L50, M, shiny|90/100\n|move|p1b: Maushold|Follow Me|p1b: Maushold\n|-singleturn|p1b: Maushold|move: Follow Me\n|move|p2a: Maushold|Taunt|p1b: Maushold\n|-start|p1b: Maushold|move: Taunt\n|move|p1a: Gardevoir|Hyper Voice|p2a: Maushold|[spread] p2a,p2b\n|-supereffective|p2b: Dragapult|1\n|-damage|p2a: Maushold|0 fnt\n|-damage|p2b: Dragapult|0 fnt\n|faint|p2a: Maushold\n|faint|p2b: Dragapult\n|\n|upkeep\n|\n|t:|1788434186\n|switch|p2b: Metagross|Metagross-Mega, L50|56/100\n|turn|5\n|\n|t:|1788434202\n|-activate|p1b: Maushold|move: Struggle\n|move|p1b: Maushold|Struggle|p2b: Metagross\n|-damage|p2b: Metagross|49/100\n|-damage|p1b: Maushold|35/100|[from] recoil\n|move|p1a: Gardevoir|Thunderbolt|p2b: Metagross\n|-damage|p2b: Metagross|18/100\n|move|p2b: Metagross|Ice Punch|p1b: Maushold\n|-damage|p1b: Maushold|0 fnt\n|faint|p1b: Maushold\n|\n|upkeep\n|-message|jhopz forfeited.\n|\n|win|kiichii\n|raw|kiichii's rating: 1006 &rarr; <strong>1052</strong><br />(+46 for winning)\n|raw|jhopz's rating: 1064 &rarr; <strong>1041</strong><br />(-23 for losing)\n|l|☆jhopz\n|player|p2|\n","uploadtime":1788434212,"views":"2","formatid":"gen9championsvgc2026regmb","rating":1041,"private":0,"password":null}