{"id":"gen9championsvgc2026regmbbo3-2674857361","format":"[Gen 9 Champions] VGC 2026 Reg M-B (Bo3)","players":["humania1","Giovannalacapanna"],"log":"|j|☆humania1\n|j|☆Giovannalacapanna\n|html|<table width=\"100%\"><tr><td align=\"left\">humania1</td><td align=\"right\">Giovannalacapanna</tr><tr><td align=\"left\"><i class=\"fa fa-circle-o\"></i> <i class=\"fa fa-circle-o\"></i> </td><td align=\"right\"><i class=\"fa fa-circle-o\"></i> <i class=\"fa fa-circle\"></i> </tr></table>\n|uhtml|bestof|<h2><strong>Game 2</strong> of <a href=\"/game-bestof3-gen9championsvgc2026regmbbo3-2674856474\">a best-of-3</a></h2>\n|t:|1788422596\n|gametype|doubles\n|player|p1|humania1|265|1052\n|player|p2|Giovannalacapanna|169|1046\n|gen|9\n|tier|[Gen 9 Champions] VGC 2026 Reg M-B (Bo3)\n|rated|\n|rule|Species Clause: Limit one of each Pokémon\n|rule|Item Clause: Limit 1 of each item\n|clearpoke\n|poke|p1|Charizard, L50, M|\n|poke|p1|Whimsicott, L50, M|\n|poke|p1|Basculegion, L50, M|\n|poke|p1|Farigiraf, L50, M|\n|poke|p1|Kangaskhan, L50, F|\n|poke|p1|Sneasler, L50, F|\n|poke|p2|Chimecho, L50, M|\n|poke|p2|Aggron, L50, F|\n|poke|p2|Incineroar, L50, M|\n|poke|p2|Sinistcha, L50|\n|poke|p2|Toxapex, L50, F|\n|poke|p2|Tyranitar, L50, M|\n|teampreview|4\n|showteam|p1|Charizard||CharizarditeY|SolarPower|WeatherBall,HeatWave,SolarBeam,Protect|Timid||M|||50|]Whimsicott||FocusSash|Prankster|Moonblast,Tailwind,SunnyDay,Encore|Timid||M|||50|]Basculegion||ChoiceScarf|Adaptability|WaveCrash,AquaJet,LastRespects,FlipTurn|Adamant||M|||50|]Farigiraf||SitrusBerry|ArmorTail|Psychic,HyperVoice,HelpingHand,TrickRoom|Modest||M|||50|]Kangaskhan||Kangaskhanite|Scrappy|FakeOut,DoubleEdge,DrainPunch,SuckerPunch|Adamant||F|||50|]Sneasler||WhiteHerb|Unburden|FakeOut,CloseCombat,DireClaw,RockTomb|Adamant||F|||50|\n|showteam|p2|Chimecho||Chimechite|Levitate|Protect,Snarl,SkillSwap,PsychicNoise|Calm||M|||50|]Aggron||Aggronite|Sturdy|Protect,BodyPress,SandTomb,Endeavor|Impish||F|||50|]Incineroar||SitrusBerry|Intimidate|Protect,PartingShot,ThroatChop,FakeOut|Careful||M|||50|]Sinistcha||ColburBerry|Hospitality|Protect,MatchaGotcha,StrengthSap,RagePowder|Bold|||||50|]Toxapex||Leftovers|Regenerator|BanefulBunker,Toxic,Infestation,WideGuard|Impish||F|||50|]Tyranitar||ChoiceScarf|SandStream|RockSlide,Earthquake,KnockOff,IcePunch|Jolly||M|||50|\n|inactive|Battle timer is ON: inactive players will automatically lose when time's up. (requested by humania1)\n|\n|t:|1788422607\n|teamsize|p1|4\n|teamsize|p2|4\n|start\n|switch|p1a: Charizard|Charizard, L50, M|100/100\n|switch|p1b: Sneasler|Sneasler, L50, F|100/100\n|switch|p2a: Incineroar|Incineroar, L50, M|100/100\n|switch|p2b: Toxapex|Toxapex, L50, F|100/100\n|-ability|p2a: Incineroar|Intimidate|boost\n|-unboost|p1a: Charizard|atk|1\n|-unboost|p1b: Sneasler|atk|1\n|-enditem|p1b: Sneasler|White Herb\n|-clearnegativeboost|p1b: Sneasler|[silent]\n|turn|1\n|\n|t:|1788422614\n|move|p1a: Charizard|Protect|p1a: Charizard\n|-singleturn|p1a: Charizard|Protect\n|move|p1b: Sneasler|Close Combat|p2a: Incineroar\n|-supereffective|p2a: Incineroar|1\n|-damage|p2a: Incineroar|0 fnt\n|-unboost|p1b: Sneasler|def|1\n|-unboost|p1b: Sneasler|spd|1\n|faint|p2a: Incineroar\n|move|p2b: Toxapex|Toxic|p1a: Charizard\n|-activate|p1a: Charizard|move: Protect\n|\n|upkeep\n|\n|t:|1788422623\n|switch|p2a: Aggron|Aggron, L50, F|100/100\n|turn|2\n|\n|t:|1788422633\n|switch|p1a: Basculegion|Basculegion, L50, M|100/100\n|move|p2a: Aggron|Protect|p2a: Aggron\n|-singleturn|p2a: Aggron|Protect\n|move|p1b: Sneasler|Close Combat|p2a: Aggron\n|-activate|p2a: Aggron|move: Protect\n|move|p2b: Toxapex|Toxic|p1a: Basculegion\n|-status|p1a: Basculegion|tox\n|\n|-damage|p1a: Basculegion|93/100 tox|[from] psn\n|upkeep\n|turn|3\n|\n|t:|1788422645\n|switch|p1a: Charizard|Charizard, L50, M|100/100\n|move|p1b: Sneasler|Close Combat|p2a: Aggron\n|-supereffective|p2a: Aggron|2\n|-ability|p2a: Aggron|Sturdy\n|-damage|p2a: Aggron|1/100\n|-unboost|p1b: Sneasler|def|1\n|-unboost|p1b: Sneasler|spd|1\n|move|p2a: Aggron|Sand Tomb|p1b: Sneasler|[miss]\n|-miss|p2a: Aggron|p1b: Sneasler\n|move|p2b: Toxapex|Infestation|p1a: Charizard\n|-resisted|p1a: Charizard|2\n|-damage|p1a: Charizard|99/100\n|-activate|p1a: Charizard|move: Infestation|[of] p2b: Toxapex\n|\n|-damage|p1a: Charizard|87/100|[from] move: Infestation|[partiallytrapped]\n|upkeep\n|turn|4\n|\n|t:|1788422668\n|detailschange|p1a: Charizard|Charizard-Mega-Y, L50, M\n|-mega|p1a: Charizard|Charizard|Charizardite Y\n|-weather|SunnyDay|[from] ability: Drought|[of] p1a: Charizard\n|move|p2a: Aggron|Protect|p2a: Aggron\n|-singleturn|p2a: Aggron|Protect\n|move|p1b: Sneasler|Close Combat|p2a: Aggron\n|-activate|p2a: Aggron|move: Protect\n|move|p1a: Charizard|Heat Wave|p2b: Toxapex|[spread] p2b\n|-activate|p2a: Aggron|move: Protect\n|-resisted|p2b: Toxapex|1\n|-damage|p2b: Toxapex|75/100\n|move|p2b: Toxapex|Infestation|p1b: Sneasler\n|-resisted|p1b: Sneasler|2\n|-damage|p1b: Sneasler|98/100\n|-activate|p1b: Sneasler|move: Infestation|[of] p2b: Toxapex\n|\n|-weather|SunnyDay|[upkeep]\n|-heal|p2b: Toxapex|80/100|[from] item: Leftovers\n|-damage|p1b: Sneasler|85/100|[from] move: Infestation|[partiallytrapped]\n|-damage|p1a: Charizard|74/100|[from] move: Infestation|[partiallytrapped]\n|upkeep\n|turn|5\n|\n|t:|1788422679\n|switch|p2a: Tyranitar|Tyranitar, L50, M|100/100\n|-weather|Sandstorm|[from] ability: Sand Stream|[of] p2a: Tyranitar\n|move|p1b: Sneasler|Close Combat|p2a: Tyranitar\n|-supereffective|p2a: Tyranitar|2\n|-damage|p2a: Tyranitar|0 fnt\n|-unboost|p1b: Sneasler|def|1\n|-unboost|p1b: Sneasler|spd|1\n|faint|p2a: Tyranitar\n|move|p1a: Charizard|Weather Ball|p2b: Toxapex\n|-damage|p2b: Toxapex|49/100\n|move|p2b: Toxapex|Toxic|p1a: Charizard\n|-status|p1a: Charizard|tox\n|\n|-weather|Sandstorm|[upkeep]\n|-damage|p1b: Sneasler|80/100|[from] Sandstorm\n|-damage|p1a: Charizard|69/100 tox|[from] Sandstorm\n|-damage|p2b: Toxapex|43/100|[from] Sandstorm\n|-heal|p2b: Toxapex|49/100|[from] item: Leftovers\n|-damage|p1a: Charizard|63/100 tox|[from] psn\n|-damage|p1b: Sneasler|68/100|[from] move: Infestation|[partiallytrapped]\n|-damage|p1a: Charizard|50/100g tox|[from] move: Infestation|[partiallytrapped]\n|upkeep\n|\n|t:|1788422684\n|switch|p2a: Aggron|Aggron, L50, F|1/100\n|turn|6\n|\n|t:|1788422698\n|move|p2a: Aggron|Protect|p2a: Aggron\n|-singleturn|p2a: Aggron|Protect\n|move|p1b: Sneasler|Close Combat|p2a: Aggron\n|-activate|p2a: Aggron|move: Protect\n|move|p1a: Charizard|Weather Ball|p2a: Aggron\n|-activate|p2a: Aggron|move: Protect\n|move|p2b: Toxapex|Infestation|p1b: Sneasler\n|-resisted|p1b: Sneasler|2\n|-damage|p1b: Sneasler|66/100\n|\n|-weather|Sandstorm|[upkeep]\n|-damage|p1b: Sneasler|60/100|[from] Sandstorm\n|-damage|p1a: Charizard|45/100 tox|[from] Sandstorm\n|-damage|p2b: Toxapex|43/100|[from] Sandstorm\n|-heal|p2b: Toxapex|49/100|[from] item: Leftovers\n|-damage|p1a: Charizard|33/100 tox|[from] psn\n|-damage|p1b: Sneasler|48/100|[from] move: Infestation|[partiallytrapped]\n|-damage|p1a: Charizard|21/100 tox|[from] move: Infestation|[partiallytrapped]\n|upkeep\n|turn|7\n|\n|t:|1788422706\n|move|p2a: Aggron|Protect||[still]\n|-fail|p2a: Aggron\n|move|p2b: Toxapex|Baneful Bunker|p2b: Toxapex\n|-singleturn|p2b: Toxapex|move: Protect\n|move|p1b: Sneasler|Close Combat|p2a: Aggron\n|-supereffective|p2a: Aggron|2\n|-damage|p2a: Aggron|0 fnt\n|-unboost|p1b: Sneasler|def|1\n|-unboost|p1b: Sneasler|spd|1\n|faint|p2a: Aggron\n|move|p1a: Charizard|Weather Ball|p2b: Toxapex\n|-activate|p2b: Toxapex|move: Protect\n|\n|-weather|Sandstorm|[upkeep]\n|-damage|p1b: Sneasler|42/100|[from] Sandstorm\n|-damage|p1a: Charizard|15/100 tox|[from] Sandstorm\n|-damage|p2b: Toxapex|43/100|[from] Sandstorm\n|-heal|p2b: Toxapex|49/100|[from] item: Leftovers\n|-damage|p1a: Charizard|0 fnt|[from] psn\n|faint|p1a: Charizard\n|-damage|p1b: Sneasler|30/100|[from] move: Infestation|[partiallytrapped]\n|upkeep\n|\n|t:|1788422706\n|switch|p1a: Farigiraf|Farigiraf, L50, M|100/100\n|turn|8\n|\n|t:|1788422713\n|move|p1b: Sneasler|Close Combat|p2b: Toxapex\n|-resisted|p2b: Toxapex|1\n|-damage|p2b: Toxapex|28/100\n|-unboost|p1b: Sneasler|def|1\n|-unboost|p1b: Sneasler|spd|1\n|move|p1a: Farigiraf|Psychic|p2b: Toxapex\n|-supereffective|p2b: Toxapex|1\n|-damage|p2b: Toxapex|0 fnt\n|faint|p2b: Toxapex\n|\n|win|humania1\n","uploadtime":1788422713,"views":"0","formatid":"gen9championsvgc2026regmbbo3","rating":null,"private":0,"password":null}