{"id":"gen9championsvgc2026regmb-2674622288","format":"[Gen 9 Champions] VGC 2026 Reg M-B","players":["BlobFisherMan","disciple of blahaj"],"log":"|j|☆BlobFisherMan\n|j|☆disciple of blahaj\n|t:|1788381453\n|gametype|doubles\n|player|p1|BlobFisherMan|2|1206\n|player|p2|disciple of blahaj|jacinthe|1228\n|gen|9\n|tier|[Gen 9 Champions] VGC 2026 Reg M-B\n|rated|\n|rule|Species Clause: Limit one of each Pokémon\n|rule|Item Clause: Limit 1 of each item\n|clearpoke\n|poke|p1|Toucannon, L50, M|\n|poke|p1|Talonflame, L50, F|\n|poke|p1|Toxapex, L50, M|\n|poke|p1|Chesnaught, L50, F|\n|poke|p1|Gyarados, L50, M|\n|poke|p1|Metagross, L50|\n|poke|p2|Gengar, L50, F, shiny|\n|poke|p2|Grimmsnarl, L50, M|\n|poke|p2|Incineroar, L50, M|\n|poke|p2|Charizard, L50, M|\n|poke|p2|Pelipper, L50, F|\n|poke|p2|Primarina, L50, M|\n|teampreview|4\n|inactive|Battle timer is ON: inactive players will automatically lose when time's up. (requested by BlobFisherMan)\n|inactive|BlobFisherMan has 60 seconds left.\n|inactive|disciple of blahaj has 60 seconds left.\n|\n|t:|1788381507\n|teamsize|p1|4\n|teamsize|p2|4\n|start\n|switch|p1a: Talonflame|Talonflame, L50, F|100/100\n|switch|p1b: Metagross|Metagross, L50|100/100\n|switch|p2a: Incineroar|Incineroar, L50, M|100/100\n|switch|p2b: Primarina|Primarina, L50, M|100/100\n|-ability|p2a: Incineroar|Intimidate|boost\n|-unboost|p1a: Talonflame|atk|1\n|-fail|p1b: Metagross|unboost|[from] ability: Clear Body|[of] p1b: Metagross\n|turn|1\n|\n|t:|1788381532\n|switch|p1a: Toxapex|Toxapex, L50, M|100/100\n|switch|p1b: Gyarados|Gyarados, L50, M|100/100\n|-ability|p1b: Gyarados|Intimidate|boost\n|-unboost|p2a: Incineroar|atk|1\n|-unboost|p2b: Primarina|atk|1\n|move|p2a: Incineroar|Fake Out|p1b: Gyarados\n|-damage|p1b: Gyarados|91/100\n|move|p2b: Primarina|Perish Song|p2b: Primarina\n|-start|p1a: Toxapex|perish3|[silent]\n|-start|p1b: Gyarados|perish3|[silent]\n|-start|p2a: Incineroar|perish3|[silent]\n|-start|p2b: Primarina|perish3|[silent]\n|-fieldactivate|move: Perish Song\n|\n|-start|p1b: Gyarados|perish3\n|-start|p2b: Primarina|perish3\n|-start|p2a: Incineroar|perish3\n|-start|p1a: Toxapex|perish3\n|upkeep\n|turn|2\n|inactive|disciple of blahaj has 30 seconds left.\n|inactive|disciple of blahaj has 20 seconds left.\n|\n|t:|1788381568\n|switch|p1b: Metagross|Metagross, L50|100/100\n|switch|p1a: Talonflame|Talonflame, L50, F|100/100\n|move|p2b: Primarina|Moonblast|p1b: Metagross\n|-resisted|p1b: Metagross|1\n|-damage|p1b: Metagross|67/100\n|move|p2a: Incineroar|Parting Shot|p1b: Metagross\n|-fail|p1b: Metagross|unboost|[from] ability: Clear Body|[of] p1b: Metagross\n|\n|-start|p2b: Primarina|perish2\n|-start|p2a: Incineroar|perish2\n|upkeep\n|turn|3\n|inactive|BlobFisherMan has 30 seconds left.\n|inactive|BlobFisherMan has 20 seconds left.\n|\n|t:|1788381604\n|detailschange|p1b: Metagross|Metagross-Mega, L50\n|-mega|p1b: Metagross|Metagross|Metagrossite\n|move|p1a: Talonflame|Brave Bird|p2b: Primarina\n|-damage|p2b: Primarina|42/100\n|-damage|p1a: Talonflame|76/100|[from] Recoil\n|move|p1b: Metagross|Hard Press|p2b: Primarina\n|-damage|p2b: Primarina|6/100\n|move|p2b: Primarina|Perish Song|p2b: Primarina\n|-start|p1a: Talonflame|perish3|[silent]\n|-start|p1b: Metagross|perish3|[silent]\n|-fieldactivate|move: Perish Song\n|move|p2a: Incineroar|Parting Shot|p1a: Talonflame\n|-unboost|p1a: Talonflame|atk|1\n|-unboost|p1a: Talonflame|spa|1\n|\n|t:|1788381618\n|switch|p2a: Gengar|Gengar, L50, F, shiny|100/100|[from] Parting Shot\n|\n|-heal|p2b: Primarina|12/100|[from] item: Leftovers\n|-start|p1a: Talonflame|perish3\n|-start|p1b: Metagross|perish3\n|-start|p2b: Primarina|perish1\n|upkeep\n|turn|4\n|\n|t:|1788381627\n|switch|p2b: Incineroar|Incineroar, L50, M|100/100\n|-ability|p2b: Incineroar|Intimidate|boost\n|-unboost|p1a: Talonflame|atk|1\n|-unboost|p1b: Metagross|atk|1\n|detailschange|p2a: Gengar|Gengar-Mega, L50, F, shiny\n|-mega|p2a: Gengar|Gengar|Gengarite\n|move|p2a: Gengar|Protect|p2a: Gengar\n|-singleturn|p2a: Gengar|Protect\n|move|p1a: Talonflame|Brave Bird|p2b: Incineroar\n|-damage|p2b: Incineroar|77/100\n|-damage|p1a: Talonflame|67/100|[from] Recoil\n|move|p1b: Metagross|Psychic Fangs|p2a: Gengar\n|-activate|p2a: Gengar|move: Protect\n|\n|-start|p1a: Talonflame|perish2\n|-start|p1b: Metagross|perish2\n|upkeep\n|turn|5\n|inactive|disciple of blahaj has 30 seconds left.\n|\n|t:|1788381657\n|move|p1a: Talonflame|Quick Guard|p1a: Talonflame\n|-singleturn|p1a: Talonflame|Quick Guard\n|move|p2b: Incineroar|Fake Out|p1b: Metagross\n|-activate|p1b: Metagross|move: Quick Guard\n|move|p1b: Metagross|Psychic Fangs|p2a: Gengar\n|-supereffective|p2a: Gengar|1\n|-damage|p2a: Gengar|17/100\n|move|p2a: Gengar|Shadow Ball|p1a: Talonflame\n|-damage|p1a: Talonflame|0 fnt\n|faint|p1a: Talonflame\n|\n|-start|p1b: Metagross|perish1\n|upkeep\n|\n|t:|1788381670\n|switch|p1a: Gyarados|Gyarados, L50, M|91/100\n|-ability|p1a: Gyarados|Intimidate|boost\n|-unboost|p2a: Gengar|atk|1\n|-unboost|p2b: Incineroar|atk|1\n|turn|6\n|\n|t:|1788381686\n|switch|p2a: Primarina|Primarina, L50, M|12/100\n|move|p1b: Metagross|Bullet Punch|p2a: Primarina\n|-damage|p2a: Primarina|0 fnt\n|faint|p2a: Primarina\n|move|p1a: Gyarados|Dragon Dance|p1a: Gyarados\n|-boost|p1a: Gyarados|atk|1\n|-boost|p1a: Gyarados|spe|1\n|move|p2b: Incineroar|Parting Shot|p1a: Gyarados\n|-unboost|p1a: Gyarados|atk|1\n|-unboost|p1a: Gyarados|spa|1\n|\n|t:|1788381697\n|switch|p2b: Gengar|Gengar-Mega, L50, F, shiny|17/100|[from] Parting Shot\n|\n|-start|p1b: Metagross|perish0\n|upkeep\n|faint|p1b: Metagross\n|\n|t:|1788381704\n|switch|p1b: Toxapex|Toxapex, L50, M|100/100\n|switch|p2a: Incineroar|Incineroar, L50, M|77/100\n|-ability|p2a: Incineroar|Intimidate|boost\n|-unboost|p1a: Gyarados|atk|1\n|-unboost|p1b: Toxapex|atk|1\n|turn|7\n|\n|t:|1788381717\n|move|p2a: Incineroar|Fake Out|p1a: Gyarados\n|-damage|p1a: Gyarados|78/100\n|cant|p1a: Gyarados|flinch\n|move|p2b: Gengar|Perish Song|p2b: Gengar\n|-start|p1a: Gyarados|perish3|[silent]\n|-start|p1b: Toxapex|perish3|[silent]\n|-start|p2a: Incineroar|perish3|[silent]\n|-start|p2b: Gengar|perish3|[silent]\n|-fieldactivate|move: Perish Song\n|move|p1b: Toxapex|Liquidation|p2a: Incineroar\n|-supereffective|p2a: Incineroar|1\n|-damage|p2a: Incineroar|52/100\n|\n|-start|p1a: Gyarados|perish3\n|-start|p2b: Gengar|perish3\n|-start|p2a: Incineroar|perish3\n|-start|p1b: Toxapex|perish3\n|upkeep\n|turn|8\n|inactive|disciple of blahaj has 30 seconds left.\n|\n|t:|1788381743\n|move|p2b: Gengar|Protect|p2b: Gengar\n|-singleturn|p2b: Gengar|Protect\n|move|p2a: Incineroar|Protect|p2a: Incineroar\n|-singleturn|p2a: Incineroar|Protect\n|move|p1a: Gyarados|Dragon Dance|p1a: Gyarados\n|-boost|p1a: Gyarados|atk|1\n|-boost|p1a: Gyarados|spe|1\n|move|p1b: Toxapex|Liquidation|p2b: Gengar\n|-activate|p2b: Gengar|move: Protect\n|\n|-start|p1a: Gyarados|perish2\n|-start|p2b: Gengar|perish2\n|-start|p2a: Incineroar|perish2\n|-start|p1b: Toxapex|perish2\n|upkeep\n|turn|9\n|\n|t:|1788381763\n|move|p1a: Gyarados|Waterfall|p2a: Incineroar\n|-supereffective|p2a: Incineroar|1\n|-damage|p2a: Incineroar|0 fnt\n|faint|p2a: Incineroar\n|move|p2b: Gengar|Shadow Ball|p1b: Toxapex\n|-damage|p1b: Toxapex|67/100\n|move|p1b: Toxapex|Liquidation|p2b: Gengar\n|-damage|p2b: Gengar|1/100\n|\n|-start|p1a: Gyarados|perish1\n|-start|p2b: Gengar|perish1\n|-start|p1b: Toxapex|perish1\n|upkeep\n|\n|t:|1788381773\n|switch|p2a: Pelipper|Pelipper, L50, F|100/100\n|-weather|RainDance|[from] ability: Drizzle|[of] p2a: Pelipper\n|turn|10\n|\n|t:|1788381780\n|move|p2a: Pelipper|Protect|p2a: Pelipper\n|-singleturn|p2a: Pelipper|Protect\n|move|p1a: Gyarados|Waterfall|p2a: Pelipper\n|-activate|p2a: Pelipper|move: Protect\n|move|p2b: Gengar|Perish Song|p2b: Gengar\n|-start|p2a: Pelipper|perish3|[silent]\n|-fieldactivate|move: Perish Song\n|move|p1b: Toxapex|Liquidation|p2a: Pelipper\n|-activate|p2a: Pelipper|move: Protect\n|\n|-weather|RainDance|[upkeep]\n|-start|p1a: Gyarados|perish0\n|-start|p2b: Gengar|perish0\n|-start|p2a: Pelipper|perish3\n|faint|p1a: Gyarados\n|faint|p2b: Gengar\n|-start|p1b: Toxapex|perish0\n|faint|p1b: Toxapex\n|\n|win|disciple of blahaj\n|raw|BlobFisherMan's rating: 1206 &rarr; <strong>1183</strong><br />(-23 for losing)\n|raw|disciple of blahaj's rating: 1228 &rarr; <strong>1251</strong><br />(+23 for winning)\n|l|☆BlobFisherMan\n|player|p1|\n","uploadtime":1788381804,"views":"1","formatid":"gen9championsvgc2026regmb","rating":1183,"private":0,"password":null}