{"id":"gen9championsvgc2026regmbbo3-2674438822","format":"[Gen 9 Champions] VGC 2026 Reg M-B (Bo3)","players":["Chef204","Pastor/Sinner"],"log":"|j|☆Chef204\n|j|☆Pastor/Sinner\n|html|<table width=\"100%\"><tr><td align=\"left\">Chef204</td><td align=\"right\">Pastor&#x2f;Sinner</tr><tr><td align=\"left\"><i class=\"fa fa-circle-o\"></i> <i class=\"fa fa-circle-o\"></i> </td><td align=\"right\"><i class=\"fa fa-circle-o\"></i> <i class=\"fa fa-circle-o\"></i> </tr></table>\n|uhtml|bestof|<h2><strong>Game 1</strong> of <a href=\"/game-bestof3-gen9championsvgc2026regmbbo3-2674438821\">a best-of-3</a></h2>\n|t:|1788359906\n|gametype|doubles\n|player|p1|Chef204|266|\n|player|p2|Pastor/Sinner|266|\n|gen|9\n|tier|[Gen 9 Champions] VGC 2026 Reg M-B (Bo3)\n|rule|Species Clause: Limit one of each Pokémon\n|rule|Item Clause: Limit 1 of each item\n|clearpoke\n|poke|p1|Staraptor, L50, M|\n|poke|p1|Kingambit, L50, M, shiny|\n|poke|p1|Whimsicott, L50, F|\n|poke|p1|Farigiraf, L50, M|\n|poke|p1|Floette-Eternal, L50, F|\n|poke|p1|Basculegion, L50, M|\n|poke|p2|Dragonite, L50, M|\n|poke|p2|Alcremie-Rainbow-Swirl, L50, F|\n|poke|p2|Incineroar, L50, M|\n|poke|p2|Slowking, L50, M|\n|poke|p2|Sinistcha, L50|\n|poke|p2|Scizor, L50, M|\n|teampreview|4\n|showteam|p1|Staraptor||Staraptite|Intimidate|CloseCombat,DualWingbeat,Roost,Protect|Jolly||M|||50|]Kingambit||FocusSash|Defiant|KowtowCleave,SuckerPunch,IronHead,Protect|Adamant||M|||50|]Whimsicott||OccaBerry|Prankster|Moonblast,Tailwind,Encore,Charm|Bold||F|||50|]Farigiraf||SitrusBerry|ArmorTail|Psychic,TrickRoom,Thunderbolt,NastyPlot|Bold||M|||50|]Floette-Eternal||Floettite|FlowerVeil|DazzlingGleam,Moonblast,LightofRuin,Protect|Modest||F|||50|]Basculegion||ChoiceScarf|Adaptability|WaveCrash,LastRespects,AquaJet,FlipTurn|Jolly||M|||50|\n|showteam|p2|Dragonite||Dragoninite|Multiscale|DragonPulse,Protect,Thunderbolt,ExtremeSpeed|Quiet||M|||50|]Alcremie-Rainbow-Swirl||ChoiceScarf|AromaVeil|Decorate,DazzlingGleam,Psyshock,MysticalFire|Timid||F|||50|]Incineroar||ChopleBerry|Intimidate|FakeOut,Protect,WillOWisp,HeatWave|Bold||M|||50|]Slowking||ColburBerry|Oblivious|MuddyWater,Protect,TrickRoom,Psychic|Calm||M|||50|]Sinistcha||KasibBerry|Hospitality|MatchaGotcha,Protect,TrickRoom,LifeDew|Bold|||||50|]Scizor||Scizorite|Technician|BugBite,Protect,SwordsDance,BulletPunch|Adamant||M|||50|\n|inactive|Battle timer is ON: inactive players will automatically lose when time's up. (requested by Chef204)\n|inactive|Chef204 has 60 seconds left.\n|inactive|Pastor/Sinner has 60 seconds left.\n|\n|t:|1788359948\n|teamsize|p1|4\n|teamsize|p2|4\n|start\n|switch|p1a: Ripjaws|Basculegion, L50, M|100/100\n|switch|p1b: Confidence|Whimsicott, L50, F|100/100\n|switch|p2a: Scizor|Scizor, L50, M|100/100\n|switch|p2b: Alcremie|Alcremie-Rainbow-Swirl, L50, F|100/100\n|turn|1\n|\n|t:|1788359965\n|detailschange|p2a: Scizor|Scizor-Mega, L50, M\n|-mega|p2a: Scizor|Scizor|Scizorite\n|move|p1b: Confidence|Charm|p2a: Scizor\n|-unboost|p2a: Scizor|atk|2\n|move|p2a: Scizor|Bullet Punch|p1b: Confidence\n|-supereffective|p1b: Confidence|1\n|-damage|p1b: Confidence|65/100\n|move|p1a: Ripjaws|Wave Crash|p2a: Scizor\n|-damage|p2a: Scizor|37/100\n|-damage|p1a: Ripjaws|83/100|[from] Recoil\n|move|p2b: Alcremie|Decorate|p2a: Scizor\n|-boost|p2a: Scizor|atk|2\n|-boost|p2a: Scizor|spa|2\n|\n|upkeep\n|turn|2\n|\n|t:|1788359982\n|move|p2a: Scizor|Protect|p2a: Scizor\n|-singleturn|p2a: Scizor|Protect\n|move|p1b: Confidence|Charm|p2a: Scizor\n|-activate|p2a: Scizor|move: Protect\n|move|p1a: Ripjaws|Wave Crash|p2a: Scizor\n|-activate|p2a: Scizor|move: Protect\n|move|p2b: Alcremie|Decorate|p2a: Scizor\n|-boost|p2a: Scizor|atk|2\n|-boost|p2a: Scizor|spa|2\n|\n|upkeep\n|turn|3\n|\n|t:|1788360002\n|switch|p2a: Slowking|Slowking, L50, M|100/100\n|move|p1b: Confidence|Tailwind|p1b: Confidence\n|-sidestart|p1: Chef204|move: Tailwind\n|move|p1a: Ripjaws|Wave Crash|p2a: Slowking\n|-resisted|p2a: Slowking|1\n|-damage|p2a: Slowking|66/100\n|-damage|p1a: Ripjaws|72/100|[from] Recoil\n|move|p2b: Alcremie|Decorate|p2a: Slowking\n|-boost|p2a: Slowking|atk|2\n|-boost|p2a: Slowking|spa|2\n|\n|upkeep\n|turn|4\n|\n|t:|1788360022\n|move|p1a: Ripjaws|Wave Crash|p2b: Alcremie\n|-damage|p2b: Alcremie|0 fnt\n|faint|p2b: Alcremie\n|-damage|p1a: Ripjaws|45/100|[from] Recoil\n|move|p1b: Confidence|Moonblast|p2a: Slowking\n|-crit|p2a: Slowking\n|-damage|p2a: Slowking|40/100\n|move|p2a: Slowking|Trick Room|p2a: Slowking\n|-fieldstart|move: Trick Room|[of] p2a: Slowking\n|\n|upkeep\n|\n|t:|1788360033\n|switch|p2b: Sinistcha|Sinistcha, L50|100/100\n|-heal|p2a: Slowking|65/100|[from] ability: Hospitality|[of] p2b: Sinistcha\n|turn|5\n|\n|t:|1788360041\n|switch|p1a: Alexander da Great|Kingambit, L50, M, shiny|100/100\n|move|p1b: Confidence|Encore|p2a: Slowking\n|-start|p2a: Slowking|Encore\n|move|p2b: Sinistcha|Matcha Gotcha|p1a: Alexander da Great|[spread] p1a,p1b\n|-resisted|p1a: Alexander da Great|1\n|-resisted|p1b: Confidence|1\n|-damage|p1a: Alexander da Great|87/100\n|-damage|p1b: Confidence|52/100\n|move|p2a: Slowking|Trick Room|p2a: Slowking\n|-fieldend|move: Trick Room\n|\n|upkeep\n|turn|6\n|\n|t:|1788360058\n|move|p2b: Sinistcha|Protect|p2b: Sinistcha\n|-singleturn|p2b: Sinistcha|Protect\n|move|p1b: Confidence|Moonblast|p2a: Slowking\n|-damage|p2a: Slowking|44/100\n|move|p1a: Alexander da Great|Kowtow Cleave|p2b: Sinistcha\n|-activate|p2b: Sinistcha|move: Protect\n|move|p2a: Slowking|Trick Room|p2a: Slowking\n|-fieldstart|move: Trick Room|[of] p2a: Slowking\n|\n|-sideend|p1: Chef204|move: Tailwind\n|upkeep\n|turn|7\n|\n|t:|1788360075\n|switch|p2a: Scizor|Scizor-Mega, L50, M|37/100\n|move|p1b: Confidence|Encore|p2b: Sinistcha\n|-start|p2b: Sinistcha|Encore\n|move|p2b: Sinistcha|Protect||[still]\n|-fail|p2b: Sinistcha\n|move|p1a: Alexander da Great|Kowtow Cleave|p2a: Scizor\n|-damage|p2a: Scizor|0 fnt\n|faint|p2a: Scizor\n|\n|upkeep\n|-message|Pastor/Sinner forfeited.\n|\n|win|Chef204\n|l|☆Pastor/Sinner\n|player|p2|\n||Pastor/Sinner is ready for game 2.\n||Chef204 is ready for game 2.\n|uhtml|next|Next: <a href=\"/battle-gen9championsvgc2026regmbbo3-2674440423\"><strong>Game 2 of 3</strong></a>\n","uploadtime":1788360325,"views":"8","formatid":"gen9championsvgc2026regmbbo3","rating":null,"private":0,"password":null}