{"id":"gen9championsvgc2026regmbbo3-2673321922","format":"[Gen 9 Champions] VGC 2026 Reg M-B (Bo3)","players":["humania1","glofer"],"log":"|j|☆humania1\n|j|☆glofer\n|html|<table width=\"100%\"><tr><td align=\"left\">humania1</td><td align=\"right\">glofer</tr><tr><td align=\"left\"><i class=\"fa fa-circle-o\"></i> <i class=\"fa fa-circle-o\"></i> </td><td align=\"right\"><i class=\"fa fa-circle-o\"></i> <i class=\"fa fa-circle-o\"></i> </tr></table>\n|uhtml|bestof|<h2><strong>Game 1</strong> of <a href=\"/game-bestof3-gen9championsvgc2026regmbbo3-2673321921\">a best-of-3</a></h2>\n|t:|1788183083\n|gametype|doubles\n|player|p1|humania1|170|1000\n|player|p2|glofer|blackbelt|1082\n|gen|9\n|tier|[Gen 9 Champions] VGC 2026 Reg M-B (Bo3)\n|rated|\n|rule|Species Clause: Limit one of each Pokémon\n|rule|Item Clause: Limit 1 of each item\n|clearpoke\n|poke|p1|Blastoise, L50, M|\n|poke|p1|Delphox, L50, M, shiny|\n|poke|p1|Incineroar, L50, M|\n|poke|p1|Sinistcha, L50|\n|poke|p1|Sneasler, L50, F|\n|poke|p1|Vivillon, L50, F|\n|poke|p2|Oranguru, L50, M|\n|poke|p2|Alakazam, L50, M|\n|poke|p2|Meowstic-F, L50, F|\n|poke|p2|Gallade, L50, M|\n|poke|p2|Gardevoir, L50, F|\n|poke|p2|Metagross, L50|\n|teampreview|4\n|showteam|p1|Blastoise||Blastoisinite|Torrent|Protect,ShellSmash,WaterSpout,DarkPulse|Modest||M|||50|]Delphox||Delphoxite|Blaze|Protect,HeatWave,Psyshock,NastyPlot|Timid||M|||50|]Incineroar||PasshoBerry|Intimidate|FakeOut,PartingShot,FlareBlitz,ThroatChop|Impish||M|||50|]Sinistcha||SitrusBerry|Hospitality|Protect,MatchaGotcha,TrickRoom,RagePowder|Bold|||||50|]Sneasler||FocusSash|PoisonTouch|QuickGuard,FakeOut,CloseCombat,DireClaw|Jolly||F|||50|]Vivillon||ChoiceScarf|CompoundEyes|Hurricane,SleepPowder,RagePowder,Uturn|Timid||F|||50|\n|showteam|p2|Oranguru||SitrusBerry|InnerFocus|HyperVoice,Instruct,PsychicTerrain,TrickRoom|Sassy||M|||50|]Alakazam||Alakazite|Synchronize|Psychic,SkillSwap,SpeedSwap,Protect|Timid||M|||50|]Meowstic-F||Meowsticite|Competitive|ExpandingForce,DarkPulse,Thunderbolt,FakeOut|Modest||F|||50|]Gallade||FocusSash|Sharpness|PsychoCut,SacredSword,SwordsDance,Protect|Adamant||M|||50|]Gardevoir||LifeOrb|Telepathy|Psyshock,DazzlingGleam,MysticalFire,Protect|Modest||F|||50|]Metagross||WideLens|ClearBody|ZenHeadbutt,MeteorMash,Earthquake,Protect|Adamant|||||50|\n|inactive|Battle timer is ON: inactive players will automatically lose when time's up. (requested by humania1)\n|l|☆glofer\n|inactive|glofer disconnected and has a minute to reconnect!\n|player|p2|\n|j|☆glofer\n|inactive|glofer reconnected and has 70 seconds left.\n|player|p2|glofer|blackbelt|\n|inactive|glofer has 60 seconds left.\n|\n|t:|1788183123\n|teamsize|p1|4\n|teamsize|p2|4\n|start\n|switch|p1a: Blastoise|Blastoise, L50, M|100/100\n|switch|p1b: Delphox|Delphox, L50, M, shiny|100/100\n|switch|p2a: Meowstic|Meowstic-F, L50, F|100/100\n|switch|p2b: Oranguru|Oranguru, L50, M|100/100\n|turn|1\n|inactive|glofer has 30 seconds left.\n|\n|t:|1788183155\n|detailschange|p2a: Meowstic|Meowstic-F-Mega, L50, F\n|-mega|p2a: Meowstic|Meowstic|Meowsticite\n|-ability|p2a: Meowstic|Blaze|Trace|[from] ability: Trace|[of] p1b: Delphox\n|move|p2a: Meowstic|Fake Out|p1b: Delphox\n|-damage|p1b: Delphox|92/100\n|cant|p1b: Delphox|flinch\n|move|p1a: Blastoise|Water Spout|p2a: Meowstic|[spread] p2a,p2b\n|-damage|p2a: Meowstic|42/100\n|-damage|p2b: Oranguru|61/100\n|move|p2b: Oranguru|Trick Room|p2b: Oranguru\n|-fieldstart|move: Trick Room|[of] p2b: Oranguru\n|\n|upkeep\n|turn|2\n|inactive|glofer has 30 seconds left.\n|\n|t:|1788183189\n|switch|p1b: Incineroar|Incineroar, L50, M|100/100\n|-ability|p1b: Incineroar|Intimidate|boost\n|-unboost|p2a: Meowstic|atk|1\n|-fail|p2b: Oranguru|unboost|Attack|[from] ability: Inner Focus|[of] p2b: Oranguru\n|move|p2b: Oranguru|Hyper Voice|p1a: Blastoise|[spread] p1a,p1b\n|-damage|p1a: Blastoise|75/100\n|-damage|p1b: Incineroar|80/100\n|move|p1a: Blastoise|Water Spout|p2a: Meowstic|[spread] p2a,p2b\n|-crit|p2a: Meowstic\n|-damage|p2a: Meowstic|0 fnt\n|-damage|p2b: Oranguru|35/100\n|-enditem|p2b: Oranguru|Sitrus Berry|[eat]\n|-heal|p2b: Oranguru|60/100|[from] item: Sitrus Berry\n|faint|p2a: Meowstic\n|\n|upkeep\n|\n|t:|1788183201\n|switch|p2a: Gardevoir|Gardevoir, L50, F|100/100\n|turn|3\n|\n|t:|1788183210\n|move|p2b: Oranguru|Hyper Voice|p1a: Blastoise|[spread] p1a,p1b\n|-damage|p1a: Blastoise|54/100\n|-damage|p1b: Incineroar|58/100\n|move|p2a: Gardevoir|Dazzling Gleam|p1b: Incineroar|[spread] p1a,p1b\n|-crit|p1a: Blastoise\n|-damage|p1a: Blastoise|0 fnt\n|-damage|p1b: Incineroar|19/100\n|faint|p1a: Blastoise\n|-damage|p2a: Gardevoir|90/100|[from] item: Life Orb\n|move|p1b: Incineroar|Flare Blitz|p2b: Oranguru\n|-damage|p2b: Oranguru|20/100y\n|-damage|p1b: Incineroar|6/100|[from] Recoil\n|\n|upkeep\n|\n|t:|1788183210\n|switch|p1a: Delphox|Delphox, L50, M, shiny|92/100\n|turn|4\n|\n|t:|1788183230\n|move|p2b: Oranguru|Instruct|p2a: Gardevoir\n|-singleturn|p2a: Gardevoir|move: Instruct|[of] p2b: Oranguru\n|move|p2a: Gardevoir|Dazzling Gleam|p1b: Incineroar|[spread] p1a,p1b\n|-resisted|p1a: Delphox|1\n|-damage|p1a: Delphox|70/100\n|-damage|p1b: Incineroar|0 fnt\n|faint|p1b: Incineroar\n|-damage|p2a: Gardevoir|80/100|[from] item: Life Orb\n|move|p2a: Gardevoir|Dazzling Gleam|p1a: Delphox\n|-resisted|p1a: Delphox|1\n|-damage|p1a: Delphox|37/100\n|-damage|p2a: Gardevoir|70/100|[from] item: Life Orb\n|move|p1a: Delphox|Psyshock|p2b: Oranguru\n|-resisted|p2b: Oranguru|1\n|-damage|p2b: Oranguru|5/100\n|\n|upkeep\n|\n|t:|1788183231\n|switch|p1b: Sinistcha|Sinistcha, L50|100/100\n|-heal|p1a: Delphox|61/100|[from] ability: Hospitality|[of] p1b: Sinistcha\n|turn|5\n|inactive|glofer has 30 seconds left.\n|\n|t:|1788183256\n|move|p2b: Oranguru|Instruct|p2a: Gardevoir\n|-singleturn|p2a: Gardevoir|move: Instruct|[of] p2b: Oranguru\n|move|p2a: Gardevoir|Dazzling Gleam|p1b: Sinistcha|[spread] p1a,p1b\n|-resisted|p1a: Delphox|1\n|-crit|p1b: Sinistcha\n|-damage|p1a: Delphox|37/100\n|-damage|p1b: Sinistcha|40/100\n|-enditem|p1b: Sinistcha|Sitrus Berry|[eat]\n|-heal|p1b: Sinistcha|65/100|[from] item: Sitrus Berry\n|-damage|p2a: Gardevoir|61/100|[from] item: Life Orb\n|move|p1b: Sinistcha|Matcha Gotcha|p2b: Oranguru|[spread] p2a,p2b\n|-damage|p2a: Gardevoir|40/100\n|-heal|p1b: Sinistcha|75/100|[from] drain|[of] p2a: Gardevoir\n|-damage|p2b: Oranguru|0 fnt\n|-heal|p1b: Sinistcha|78/100|[from] drain|[of] p2b: Oranguru\n|faint|p2b: Oranguru\n|move|p2a: Gardevoir|Mystical Fire|p1b: Sinistcha\n|-supereffective|p1b: Sinistcha|1\n|-crit|p1b: Sinistcha\n|-damage|p1b: Sinistcha|0 fnt\n|faint|p1b: Sinistcha\n|-damage|p2a: Gardevoir|30/100|[from] item: Life Orb\n|move|p1a: Delphox|Psyshock|p2a: Gardevoir\n|-resisted|p2a: Gardevoir|1\n|-damage|p2a: Gardevoir|6/100\n|\n|-fieldend|move: Trick Room\n|upkeep\n|\n|t:|1788183276\n|switch|p2b: Gallade|Gallade, L50, M|100/100\n|turn|6\n|\n|t:|1788183289\n|move|p1a: Delphox|Psyshock|p2a: Gardevoir\n|-resisted|p2a: Gardevoir|1\n|-damage|p2a: Gardevoir|0 fnt\n|faint|p2a: Gardevoir\n|move|p2b: Gallade|Sacred Sword|p1a: Delphox\n|-resisted|p1a: Delphox|1\n|-damage|p1a: Delphox|0 fnt\n|faint|p1a: Delphox\n|\n|win|glofer\n","uploadtime":1788183289,"views":"0","formatid":"gen9championsvgc2026regmbbo3","rating":null,"private":0,"password":null}