{"id":"gen9championsvgc2026regmbbo3-2675025490","format":"[Gen 9 Champions] VGC 2026 Reg M-B (Bo3)","players":["robstopheruzi","IBstudios"],"log":"|j|☆robstopheruzi\n|j|☆IBstudios\n|html|<table width=\"100%\"><tr><td align=\"left\">robstopheruzi</td><td align=\"right\">IBstudios</tr><tr><td align=\"left\"><i class=\"fa fa-circle\"></i> <i class=\"fa fa-circle-o\"></i> </td><td align=\"right\"><i class=\"fa fa-circle-o\"></i> <i class=\"fa fa-circle\"></i> </tr></table>\n|uhtml|bestof|<h2><strong>Game 3</strong> of <a href=\"/game-bestof3-gen9championsvgc2026regmbbo3-2675019759\">a best-of-3</a></h2>\n|t:|1788450129\n|gametype|doubles\n|player|p1|robstopheruzi|burglar|1150\n|player|p2|IBstudios|265|1234\n|gen|9\n|tier|[Gen 9 Champions] VGC 2026 Reg M-B (Bo3)\n|rated|\n|rule|Species Clause: Limit one of each Pokémon\n|rule|Item Clause: Limit 1 of each item\n|clearpoke\n|poke|p1|Whimsicott, L50, M|\n|poke|p1|Sneasler, L50, F|\n|poke|p1|Charizard, L50, F|\n|poke|p1|Garchomp, L50, M|\n|poke|p1|Kingambit, L50, M|\n|poke|p1|Farigiraf, L50, M|\n|poke|p2|Incineroar, L50, M|\n|poke|p2|Dragonite, L50, F|\n|poke|p2|Metagross, L50|\n|poke|p2|Ninetales-Alola, L50, M|\n|poke|p2|Sneasler, L50, F|\n|poke|p2|Milotic, L50, M|\n|teampreview|4\n|showteam|p1|Whimsicott||FocusSash|Prankster|Tailwind,Moonblast,Encore,SunnyDay|Timid||M|||50|]Sneasler||WhiteHerb|PoisonTouch|CloseCombat,Feint,DireClaw,FakeOut|Adamant||F|||50|]Charizard||CharizarditeY|Blaze|Protect,HeatWave,WeatherBall,SolarBeam|Modest||F|||50|]Garchomp||ChoiceScarf|RoughSkin|Earthquake,DragonClaw,RockSlide,StompingTantrum|Adamant||M|||50|]Kingambit||LifeOrb|Defiant|KowtowCleave,SuckerPunch,LowKick,Protect|Adamant||M|||50|]Farigiraf||SitrusBerry|ArmorTail|Psychic,Reflect,LightScreen,TrickRoom|Quiet||M|||50|\n|showteam|p2|Incineroar||SitrusBerry|Intimidate|FakeOut,FlareBlitz,ThroatChop,PartingShot|Adamant||M|||50|]Dragonite||Dragoninite|Multiscale|DragonPulse,HeatWave,Tailwind,Protect|Modest||F|||50|]Metagross||Metagrossite|ClearBody|PsychicFangs,BulletPunch,BodyPress,Protect|Jolly|||||50|]Ninetales-Alola||NeverMeltIce|SnowWarning|FreezeDry,Blizzard,AuroraVeil,Protect|Timid||M|||50|]Sneasler||WhiteHerb|Unburden|CloseCombat,DireClaw,FakeOut,Protect|Jolly||F|||50|]Milotic||Leftovers|Competitive|Scald,LifeDew,HelpingHand,Protect|Modest||M|||50|\n|inactive|Battle timer is ON: inactive players will automatically lose when time's up. (requested by robstopheruzi)\n|\n|t:|1788450166\n|teamsize|p1|4\n|teamsize|p2|4\n|start\n|switch|p1a: Sneasler|Sneasler, L50, F|100/100\n|switch|p1b: Garchomp|Garchomp, L50, M|100/100\n|switch|p2a: Dragonite|Dragonite, L50, F|100/100\n|switch|p2b: Sneasler|Sneasler, L50, F|100/100\n|turn|1\n|\n|t:|1788450186\n|switch|p1b: Whimsicott|Whimsicott, L50, M|100/100\n|detailschange|p2a: Dragonite|Dragonite-Mega, L50, F\n|-mega|p2a: Dragonite|Dragonite|Dragoninite\n|move|p2b: Sneasler|Fake Out|p1a: Sneasler\n|-damage|p1a: Sneasler|73/100\n|cant|p1a: Sneasler|flinch\n|move|p2a: Dragonite|Heat Wave|p1b: Whimsicott|[spread] p1a\n|-miss|p2a: Dragonite|p1b: Whimsicott\n|-damage|p1a: Sneasler|33/100\n|\n|upkeep\n|turn|2\n|inactive|IBstudios has 30 seconds left.\n|inactive|IBstudios has 20 seconds left.\n|\n|t:|1788450221\n|switch|p2b: Incineroar|Incineroar, L50, M|100/100\n|-ability|p2b: Incineroar|Intimidate|boost\n|-unboost|p1a: Sneasler|atk|1\n|-unboost|p1b: Whimsicott|atk|1\n|-enditem|p1a: Sneasler|White Herb\n|-clearnegativeboost|p1a: Sneasler|[silent]\n|switch|p1a: Charizard|Charizard, L50, F|100/100\n|move|p1b: Whimsicott|Encore|p2b: Incineroar\n|-hint|Since gen 7, Dark is immune to Prankster moves.\n|-immune|p2b: Incineroar\n|move|p2a: Dragonite|Heat Wave|p1a: Charizard|[spread] p1a,p1b\n|-resisted|p1a: Charizard|1\n|-supereffective|p1b: Whimsicott|1\n|-damage|p1a: Charizard|79/100\n|-damage|p1b: Whimsicott|3/100\n|\n|upkeep\n|turn|3\n|inactive|robstopheruzi has 30 seconds left.\n|\n|t:|1788450250\n|switch|p1b: Garchomp|Garchomp, L50, M|100/100\n|detailschange|p1a: Charizard|Charizard-Mega-Y, L50, F\n|-mega|p1a: Charizard|Charizard|Charizardite Y\n|-weather|SunnyDay|[from] ability: Drought|[of] p1a: Charizard\n|move|p2b: Incineroar|Fake Out|p1b: Garchomp\n|-damage|p1b: Garchomp|88/100\n|-damage|p2b: Incineroar|87/100|[from] ability: Rough Skin|[of] p1b: Garchomp\n|move|p1a: Charizard|Heat Wave|p2a: Dragonite|[spread] p2a,p2b\n|-resisted|p2a: Dragonite|1\n|-resisted|p2b: Incineroar|1\n|-damage|p2a: Dragonite|83/100\n|-damage|p2b: Incineroar|58/100\n|move|p2a: Dragonite|Tailwind|p2a: Dragonite\n|-sidestart|p2: IBstudios|move: Tailwind\n|\n|-weather|SunnyDay|[upkeep]\n|upkeep\n|turn|4\n|inactive|robstopheruzi has 30 seconds left.\n|\n|t:|1788450283\n|switch|p1b: Whimsicott|Whimsicott, L50, M|3/100\n|move|p2a: Dragonite|Dragon Pulse|p1b: Whimsicott\n|-immune|p1b: Whimsicott\n|move|p2b: Incineroar|Flare Blitz|p1b: Whimsicott\n|-supereffective|p1b: Whimsicott|1\n|-damage|p1b: Whimsicott|0 fnt\n|faint|p1b: Whimsicott\n|-damage|p2b: Incineroar|57/100|[from] Recoil\n|move|p1a: Charizard|Heat Wave|p2a: Dragonite|[spread] p2a,p2b\n|-resisted|p2a: Dragonite|1\n|-resisted|p2b: Incineroar|1\n|-damage|p2a: Dragonite|55/100\n|-damage|p2b: Incineroar|27/100\n|-status|p2a: Dragonite|brn\n|-enditem|p2b: Incineroar|Sitrus Berry|[eat]\n|-heal|p2b: Incineroar|52/100|[from] item: Sitrus Berry\n|\n|-weather|SunnyDay|[upkeep]\n|-damage|p2a: Dragonite|49/100 brn|[from] brn\n|upkeep\n|\n|t:|1788450300\n|switch|p1b: Sneasler|Sneasler, L50, F|33/100\n|turn|5\n|\n|t:|1788450323\n|switch|p1b: Garchomp|Garchomp, L50, M|88/100\n|move|p2a: Dragonite|Heat Wave|p1a: Charizard|[spread] p1b\n|-miss|p2a: Dragonite|p1a: Charizard\n|-resisted|p1b: Garchomp|1\n|-damage|p1b: Garchomp|64/100\n|move|p2b: Incineroar|Flare Blitz|p1b: Garchomp\n|-resisted|p1b: Garchomp|1\n|-crit|p1b: Garchomp\n|-damage|p1b: Garchomp|0 fnt\n|-damage|p2b: Incineroar|40/100|[from] ability: Rough Skin|[of] p1b: Garchomp\n|faint|p1b: Garchomp\n|-damage|p2b: Incineroar|20/100r|[from] Recoil\n|move|p1a: Charizard|Heat Wave|p2a: Dragonite|[spread] p2a,p2b\n|-resisted|p2a: Dragonite|1\n|-resisted|p2b: Incineroar|1\n|-damage|p2a: Dragonite|19/100 brn\n|-damage|p2b: Incineroar|0 fnt\n|faint|p2b: Incineroar\n|\n|-weather|SunnyDay|[upkeep]\n|-damage|p2a: Dragonite|13/100 brn|[from] brn\n|upkeep\n|\n|t:|1788450337\n|switch|p1b: Sneasler|Sneasler, L50, F|33/100\n|switch|p2b: Sneasler|Sneasler, L50, F|100/100\n|turn|6\n|\n|t:|1788450361\n|move|p2b: Sneasler|Fake Out|p1b: Sneasler\n|-damage|p1b: Sneasler|9/100\n|cant|p1b: Sneasler|flinch\n|move|p2a: Dragonite|Heat Wave|p1a: Charizard|[spread] p1b\n|-miss|p2a: Dragonite|p1a: Charizard\n|-damage|p1b: Sneasler|0 fnt\n|faint|p1b: Sneasler\n|move|p1a: Charizard|Heat Wave|p2a: Dragonite|[spread] p2a,p2b\n|-resisted|p2a: Dragonite|1\n|-damage|p2a: Dragonite|0 fnt\n|-damage|p2b: Sneasler|9/100\n|faint|p2a: Dragonite\n|\n|-weather|SunnyDay|[upkeep]\n|-sideend|p2: IBstudios|move: Tailwind\n|upkeep\n|\n|t:|1788450370\n|switch|p2a: Ninetales|Ninetales-Alola, L50, M|100/100\n|-weather|Snowscape|[from] ability: Snow Warning|[of] p2a: Ninetales\n|turn|7\n|\n|t:|1788450389\n|move|p2b: Sneasler|Dire Claw|p1a: Charizard\n|-damage|p1a: Charizard|22/100\n|move|p2a: Ninetales|Blizzard|p1a: Charizard\n|-damage|p1a: Charizard|0 fnt\n|faint|p1a: Charizard\n|\n|win|IBstudios\n|raw|robstopheruzi's rating: 1150 &rarr; <strong>1131</strong><br />(-19 for losing)\n|raw|IBstudios's rating: 1234 &rarr; <strong>1253</strong><br />(+19 for winning)\n|l|☆robstopheruzi\n|player|p1|\n","uploadtime":1788450618,"views":"6","formatid":"gen9championsvgc2026regmbbo3","rating":1131,"private":0,"password":null}