{"id":"gen9championsvgc2026regmb-2674319343","format":"[Gen 9 Champions] VGC 2026 Reg M-B","players":["nanouqj","Martzone"],"log":"|j|☆nanouqj\n|j|☆Martzone\n|t:|1788339939\n|gametype|doubles\n|player|p1|nanouqj|steven|1374\n|player|p2|Martzone|2|1370\n|gen|9\n|tier|[Gen 9 Champions] VGC 2026 Reg M-B\n|rated|\n|rule|Species Clause: Limit one of each Pokémon\n|rule|Item Clause: Limit 1 of each item\n|clearpoke\n|poke|p1|Floette-Eternal, L50, F|\n|poke|p1|Excadrill, L50, M|\n|poke|p1|Whimsicott, L50, M|\n|poke|p1|Garchomp, L50, F|\n|poke|p1|Kingambit, L50, F|\n|poke|p1|Delphox, L50, F|\n|poke|p2|Blaziken, L50, F, shiny|\n|poke|p2|Ninetales-Alola, L50, F|\n|poke|p2|Sinistcha, L50|\n|poke|p2|Milotic, L50, F|\n|poke|p2|Kingambit, L50, F, shiny|\n|poke|p2|Dragonite, L50, F, shiny|\n|teampreview|4\n|inactive|Battle timer is ON: inactive players will automatically lose when time's up. (requested by nanouqj)\nMartzone has agreed to open team sheets.\n|inactive|Martzone has 60 seconds left.\n|inactive|Martzone has 30 seconds left.\nnanouqj rejected open team sheets.\n|inactive|Martzone has 20 seconds left.\n|inactive|Martzone has 15 seconds left.\n|\n|t:|1788340015\n|teamsize|p1|4\n|teamsize|p2|4\n|start\n|switch|p1a: 是好女孩吗？|Whimsicott, L50, M|100/100\n|switch|p1b: 发姐之后的妖精荣光！|Floette-Eternal, L50, F|100/100\n|switch|p2a: Dragonite|Dragonite, L50, F, shiny|100/100\n|switch|p2b: Kingambit|Kingambit, L50, F, shiny|100/100\n|turn|1\n|\n|t:|1788340031\n|detailschange|p1b: 发姐之后的妖精荣光！|Floette-Mega, L50, F\n|-mega|p1b: 发姐之后的妖精荣光！|Floette|Floettite\n|-ability|p1b: 发姐之后的妖精荣光！|Fairy Aura\n|move|p2a: Dragonite|Extreme Speed|p1b: 发姐之后的妖精荣光！\n|-damage|p1b: 发姐之后的妖精荣光！|59/100\n|move|p1a: 是好女孩吗？|Fake Tears|p2a: Dragonite\n|-unboost|p2a: Dragonite|spd|2\n|move|p1b: 发姐之后的妖精荣光！|Dazzling Gleam|p2b: Kingambit|[spread] p2a,p2b\n|-supereffective|p2a: Dragonite|1\n|-damage|p2a: Dragonite|15/100\n|-damage|p2b: Kingambit|54/100\n|-enditem|p2a: Dragonite|Sitrus Berry|[eat]\n|-heal|p2a: Dragonite|39/100|[from] item: Sitrus Berry\n|move|p2b: Kingambit|Iron Head|p1b: 发姐之后的妖精荣光！\n|-supereffective|p1b: 发姐之后的妖精荣光！|1\n|-damage|p1b: 发姐之后的妖精荣光！|0 fnt\n|faint|p1b: 发姐之后的妖精荣光！\n|-damage|p2b: Kingambit|44/100|[from] item: Life Orb\n|\n|upkeep\n|\n|t:|1788340047\n|switch|p1b: 鼠头地龙（龟头？）|Excadrill, L50, M|100/100\n|-ability|p1b: 鼠头地龙（龟头？）|Mold Breaker\n|turn|2\n|\n|t:|1788340055\n|move|p2b: Kingambit|Protect|p2b: Kingambit\n|-singleturn|p2b: Kingambit|Protect\n|move|p2a: Dragonite|Extreme Speed|p1a: 是好女孩吗？\n|-damage|p1a: 是好女孩吗？|54/100\n|move|p1b: 鼠头地龙（龟头？）|High Horsepower|p2b: Kingambit\n|-activate|p2b: Kingambit|move: Protect\n|move|p1a: 是好女孩吗？|Moonblast|p2a: Dragonite\n|-supereffective|p2a: Dragonite|1\n|-damage|p2a: Dragonite|0 fnt\n|faint|p2a: Dragonite\n|\n|upkeep\n|\n|t:|1788340072\n|switch|p2a: Sinistcha|Sinistcha, L50|100/100\n|-heal|p2b: Kingambit|69/100|[from] ability: Hospitality|[of] p2a: Sinistcha\n|turn|3\n|\n|t:|1788340088\n|switch|p1a: 突袭不突袭突袭|Kingambit, L50, F|100/100\n|move|p2a: Sinistcha|Rage Powder|p2a: Sinistcha\n|-singleturn|p2a: Sinistcha|move: Rage Powder\n|move|p1b: 鼠头地龙（龟头？）|High Horsepower|p2a: Sinistcha\n|-resisted|p2a: Sinistcha|1\n|-damage|p2a: Sinistcha|76/100\n|move|p2b: Kingambit|Iron Head|p1a: 突袭不突袭突袭\n|-resisted|p1a: 突袭不突袭突袭|1\n|-damage|p1a: 突袭不突袭突袭|78/100\n|-damage|p2b: Kingambit|59/100|[from] item: Life Orb\n|\n|upkeep\n|turn|4\n|\n|t:|1788340105\n|switch|p1b: 是好女孩吗？|Whimsicott, L50, M|54/100\n|move|p2b: Kingambit|Protect|p2b: Kingambit\n|-singleturn|p2b: Kingambit|Protect\n|move|p2a: Sinistcha|Matcha Gotcha|p1a: 突袭不突袭突袭|[spread] p1a,p1b\n|-resisted|p1a: 突袭不突袭突袭|1\n|-resisted|p1b: 是好女孩吗？|1\n|-damage|p1a: 突袭不突袭突袭|67/100\n|-heal|p2a: Sinistcha|82/100|[from] drain|[of] p1a: 突袭不突袭突袭\n|-damage|p1b: 是好女孩吗？|33/100\n|-heal|p2a: Sinistcha|90/100|[from] drain|[of] p1b: 是好女孩吗？\n|move|p1a: 突袭不突袭突袭|Kowtow Cleave|p2a: Sinistcha\n|-supereffective|p2a: Sinistcha|1\n|-damage|p2a: Sinistcha|4/100\n|\n|upkeep\n|turn|5\n|\n|t:|1788340125\n|move|p2a: Sinistcha|Rage Powder|p2a: Sinistcha\n|-singleturn|p2a: Sinistcha|move: Rage Powder\n|move|p1b: 是好女孩吗？|Moonblast|p2a: Sinistcha\n|-damage|p2a: Sinistcha|0 fnt\n|faint|p2a: Sinistcha\n|move|p2b: Kingambit|Iron Head|p1b: 是好女孩吗？\n|-supereffective|p1b: 是好女孩吗？|1\n|-damage|p1b: 是好女孩吗？|0 fnt\n|faint|p1b: 是好女孩吗？\n|-damage|p2b: Kingambit|50/100g|[from] item: Life Orb\n|move|p1a: 突袭不突袭突袭|Low Kick|p2b: Kingambit\n|-supereffective|p2b: Kingambit|2\n|-damage|p2b: Kingambit|0 fnt\n|faint|p2b: Kingambit\n|\n|upkeep\n|\n|t:|1788340135\n|switch|p1b: 鼠头地龙（龟头？）|Excadrill, L50, M|100/100\n|switch|p2a: Blaziken|Blaziken, L50, F, shiny|100/100\n|-ability|p1b: 鼠头地龙（龟头？）|Mold Breaker\n|turn|6\n|\n|t:|1788340146\n|detailschange|p2a: Blaziken|Blaziken-Mega, L50, F, shiny\n|-mega|p2a: Blaziken|Blaziken|Blazikenite\n|move|p2a: Blaziken|Detect|p2a: Blaziken\n|-singleturn|p2a: Blaziken|Protect\n|move|p1b: 鼠头地龙（龟头？）|High Horsepower|p2a: Blaziken\n|-activate|p2a: Blaziken|move: Protect\n|move|p1a: 突袭不突袭突袭|Kowtow Cleave|p2a: Blaziken\n|-activate|p2a: Blaziken|move: Protect\n|\n|-ability|p2a: Blaziken|Speed Boost|boost\n|-boost|p2a: Blaziken|spe|1\n|upkeep\n|turn|7\n|\n|t:|1788340155\n|move|p1b: 鼠头地龙（龟头？）|High Horsepower|p2a: Blaziken\n|-supereffective|p2a: Blaziken|1\n|-damage|p2a: Blaziken|0 fnt\n|faint|p2a: Blaziken\n|\n|win|nanouqj\n|raw|nanouqj's rating: 1374 &rarr; <strong>1394</strong><br />(+20 for winning)\n|raw|Martzone's rating: 1370 &rarr; <strong>1350</strong><br />(-20 for losing)\n","uploadtime":1788340160,"views":"9","formatid":"gen9championsvgc2026regmb","rating":1350,"private":0,"password":null}