{"id":"gen9championsvgc2026regmb-2674330628","format":"[Gen 9 Champions] VGC 2026 Reg M-B","players":["Mameon","yanhaoag"],"log":"|j|☆Mameon\n|j|☆yanhaoag\n|t:|1788342530\n|gametype|doubles\n|player|p1|Mameon|101|1419\n|player|p2|yanhaoag|102|1533\n|gen|9\n|tier|[Gen 9 Champions] VGC 2026 Reg M-B\n|rated|\n|rule|Species Clause: Limit one of each Pokémon\n|rule|Item Clause: Limit 1 of each item\n|clearpoke\n|poke|p1|Staraptor, L50, M|\n|poke|p1|Farigiraf, L50, F|\n|poke|p1|Tyranitar, L50, M|\n|poke|p1|Whimsicott, L50, F|\n|poke|p1|Excadrill, L50, M|\n|poke|p1|Gholdengo, L50, shiny|\n|poke|p2|Delphox, L50, F|\n|poke|p2|Pelipper, L50, F|\n|poke|p2|Archaludon, L50, F|\n|poke|p2|Basculegion, L50, M|\n|poke|p2|Staraptor, L50, M|\n|poke|p2|Whimsicott, L50, M|\n|teampreview|4\n|inactive|Battle timer is ON: inactive players will automatically lose when time's up. (requested by yanhaoag)\n|\n|t:|1788342557\n|teamsize|p1|4\n|teamsize|p2|4\n|start\n|switch|p1a: Whimsicott|Whimsicott, L50, F|100/100\n|switch|p1b: Staraptor|Staraptor, L50, M|100/100\n|switch|p2a: Staraptor|Staraptor, L50, M|100/100\n|switch|p2b: Whimsicott|Whimsicott, L50, M|100/100\n|-ability|p1b: Staraptor|Intimidate|boost\n|-unboost|p2a: Staraptor|atk|1\n|-unboost|p2b: Whimsicott|atk|1\n|-ability|p2a: Staraptor|Intimidate|boost\n|-unboost|p1a: Whimsicott|atk|1\n|-unboost|p1b: Staraptor|atk|1\n|turn|1\n|\n|t:|1788342578\n|detailschange|p1b: Staraptor|Staraptor-Mega, L50, M\n|-mega|p1b: Staraptor|Staraptor|Staraptite\n|detailschange|p2a: Staraptor|Staraptor-Mega, L50, M\n|-mega|p2a: Staraptor|Staraptor|Staraptite\n|move|p1a: Whimsicott|Moonblast|p2a: Staraptor\n|-supereffective|p2a: Staraptor|1\n|-damage|p2a: Staraptor|38/100\n|move|p2b: Whimsicott|Moonblast|p1a: Whimsicott\n|-damage|p1a: Whimsicott|40/100\n|move|p1b: Staraptor|Close Combat|p2a: Staraptor\n|-resisted|p2a: Staraptor|1\n|-damage|p2a: Staraptor|20/100y\n|-boost|p1b: Staraptor|def|1\n|-boost|p1b: Staraptor|spd|1\n|move|p2a: Staraptor|Close Combat|p1a: Whimsicott\n|-resisted|p1a: Whimsicott|1\n|-damage|p1a: Whimsicott|10/100\n|-boost|p2a: Staraptor|def|1\n|-boost|p2a: Staraptor|spd|1\n|\n|upkeep\n|turn|2\n|\n|t:|1788342597\n|move|p2a: Staraptor|Protect|p2a: Staraptor\n|-singleturn|p2a: Staraptor|Protect\n|move|p1a: Whimsicott|Tailwind|p1a: Whimsicott\n|-sidestart|p1: Mameon|move: Tailwind\n|move|p1b: Staraptor|Close Combat|p2a: Staraptor\n|-activate|p2a: Staraptor|move: Protect\n|move|p2b: Whimsicott|Moonblast|p1a: Whimsicott\n|-damage|p1a: Whimsicott|0 fnt\n|faint|p1a: Whimsicott\n|\n|upkeep\n|\n|t:|1788342603\n|switch|p1a: Excadrill|Excadrill, L50, M|100/100\n|turn|3\n|\n|t:|1788342621\n|move|p1a: Excadrill|Protect|p1a: Excadrill\n|-singleturn|p1a: Excadrill|Protect\n|move|p2b: Whimsicott|Tailwind|p2b: Whimsicott\n|-sidestart|p2: yanhaoag|move: Tailwind\n|move|p1b: Staraptor|Close Combat|p2a: Staraptor\n|-resisted|p2a: Staraptor|1\n|-damage|p2a: Staraptor|11/100\n|-boost|p1b: Staraptor|def|1\n|-boost|p1b: Staraptor|spd|1\n|move|p2a: Staraptor|Close Combat|p1a: Excadrill\n|-activate|p1a: Excadrill|move: Protect\n|\n|upkeep\n|turn|4\n|\n|t:|1788342634\n|switch|p1b: Tyranitar|Tyranitar, L50, M|100/100\n|-weather|Sandstorm|[from] ability: Sand Stream|[of] p1b: Tyranitar\n|move|p2b: Whimsicott|Charm|p1a: Excadrill\n|-unboost|p1a: Excadrill|atk|2\n|move|p1a: Excadrill|Iron Head|p2a: Staraptor\n|-damage|p2a: Staraptor|0 fnt\n|faint|p2a: Staraptor\n|\n|-weather|Sandstorm|[upkeep]\n|-damage|p2b: Whimsicott|94/100|[from] Sandstorm\n|upkeep\n|\n|t:|1788342657\n|switch|p2a: Basculegion|Basculegion, L50, M|100/100\n|turn|5\n|\n|t:|1788342675\n|switch|p1a: Staraptor|Staraptor-Mega, L50, M|100/100\n|switch|p2b: Pelipper|Pelipper, L50, F|100/100\n|-weather|RainDance|[from] ability: Drizzle|[of] p2b: Pelipper\n|move|p2a: Basculegion|Flip Turn|p1a: Staraptor\n|-damage|p1a: Staraptor|53/100\n|\n|t:|1788342683\n|switch|p2a: Whimsicott|Whimsicott, L50, M|94/100|[from] Flip Turn\n|move|p1b: Tyranitar|Knock Off|p2a: Whimsicott\n|-resisted|p2a: Whimsicott|1\n|-damage|p2a: Whimsicott|55/100\n|-enditem|p2a: Whimsicott|Focus Sash|[from] move: Knock Off|[of] p1b: Tyranitar\n|\n|-weather|RainDance|[upkeep]\n|-sideend|p1: Mameon|move: Tailwind\n|upkeep\n|turn|6\n|\n|t:|1788342704\n|switch|p1b: Excadrill|Excadrill, L50, M|100/100\n|move|p1a: Staraptor|Protect|p1a: Staraptor\n|-singleturn|p1a: Staraptor|Protect\n|move|p2a: Whimsicott|Moonblast|p1b: Excadrill\n|-resisted|p1b: Excadrill|1\n|-damage|p1b: Excadrill|79/100\n|move|p2b: Pelipper|Hurricane|p1a: Staraptor\n|-activate|p1a: Staraptor|move: Protect\n|\n|-weather|RainDance|[upkeep]\n|-sideend|p2: yanhaoag|move: Tailwind\n|upkeep\n|turn|7\n|inactive|yanhaoag has 30 seconds left.\n|\n|t:|1788342739\n|switch|p2a: Basculegion|Basculegion, L50, M|100/100\n|switch|p1a: Tyranitar|Tyranitar, L50, M|100/100\n|-weather|Sandstorm|[from] ability: Sand Stream|[of] p1a: Tyranitar\n|move|p1b: Excadrill|Iron Head|p2a: Basculegion\n|-resisted|p2a: Basculegion|1\n|-damage|p2a: Basculegion|75/100\n|move|p2b: Pelipper|Tailwind|p2b: Pelipper\n|-sidestart|p2: yanhaoag|move: Tailwind\n|\n|-weather|Sandstorm|[upkeep]\n|-damage|p2a: Basculegion|69/100|[from] Sandstorm\n|-damage|p2b: Pelipper|93/100|[from] Sandstorm\n|upkeep\n|turn|8\n|inactive|Mameon has 30 seconds left.\n|\n|t:|1788342765\n|switch|p2b: Whimsicott|Whimsicott, L50, M|55/100\n|move|p2a: Basculegion|Flip Turn|p1a: Tyranitar\n|-supereffective|p1a: Tyranitar|1\n|-damage|p1a: Tyranitar|40/100\n|\n|t:|1788342770\n|switch|p2a: Pelipper|Pelipper, L50, F|93/100|[from] Flip Turn\n|-weather|RainDance|[from] ability: Drizzle|[of] p2a: Pelipper\n|move|p1b: Excadrill|Iron Head|p2b: Whimsicott\n|-supereffective|p2b: Whimsicott|1\n|-damage|p2b: Whimsicott|0 fnt\n|faint|p2b: Whimsicott\n|move|p1a: Tyranitar|Knock Off|p2a: Pelipper\n|-crit|p2a: Pelipper\n|-damage|p2a: Pelipper|32/100\n|-enditem|p2a: Pelipper|Sitrus Berry|[from] move: Knock Off|[of] p1a: Tyranitar\n|\n|-weather|RainDance|[upkeep]\n|upkeep\n|\n|t:|1788342781\n|switch|p2b: Basculegion|Basculegion, L50, M|69/100\n|turn|9\n|\n|t:|1788342789\n|switch|p1a: Staraptor|Staraptor-Mega, L50, M|53/100\n|move|p1b: Excadrill|Protect|p1b: Excadrill\n|-singleturn|p1b: Excadrill|Protect\n|move|p2b: Basculegion|Wave Crash|p1a: Staraptor\n|-crit|p1a: Staraptor\n|-damage|p1a: Staraptor|0 fnt\n|faint|p1a: Staraptor\n|-damage|p2b: Basculegion|51/100|[from] Recoil\n|move|p2a: Pelipper|Weather Ball|p1b: Excadrill\n|-activate|p1b: Excadrill|move: Protect\n|\n|-weather|RainDance|[upkeep]\n|upkeep\n|\n|t:|1788342801\n|switch|p1a: Tyranitar|Tyranitar, L50, M|40/100\n|-weather|Sandstorm|[from] ability: Sand Stream|[of] p1a: Tyranitar\n|turn|10\n|\n|t:|1788342818\n|move|p2b: Basculegion|Wave Crash|p1a: Tyranitar\n|-supereffective|p1a: Tyranitar|1\n|-damage|p1a: Tyranitar|0 fnt\n|faint|p1a: Tyranitar\n|-damage|p2b: Basculegion|37/100|[from] Recoil\n|move|p1b: Excadrill|High Horsepower|p2b: Basculegion\n|-crit|p2b: Basculegion\n|-damage|p2b: Basculegion|0 fnt\n|faint|p2b: Basculegion\n|move|p2a: Pelipper|Hurricane|p1b: Excadrill\n|-resisted|p1b: Excadrill|1\n|-damage|p1b: Excadrill|59/100\n|\n|-weather|Sandstorm|[upkeep]\n|-damage|p2a: Pelipper|26/100|[from] Sandstorm\n|-sideend|p2: yanhaoag|move: Tailwind\n|upkeep\n|turn|11\n|-message|yanhaoag forfeited.\n|\n|win|Mameon\n|raw|Mameon's rating: 1419 &rarr; <strong>1445</strong><br />(+26 for winning)\n|raw|yanhaoag's rating: 1533 &rarr; <strong>1507</strong><br />(-26 for losing)\n|l|☆yanhaoag\n|player|p2|\n","uploadtime":1788342833,"views":"0","formatid":"gen9championsvgc2026regmb","rating":1445,"private":0,"password":null}