{"id":"gen9championsvgc2026regmb-2674259091","format":"[Gen 9 Champions] VGC 2026 Reg M-B","players":["hasmondgoat","Thornlace48812"],"log":"|j|☆hasmondgoat\n|j|☆Thornlace48812\n|t:|1788325319\n|gametype|doubles\n|player|p1|hasmondgoat|102|1041\n|player|p2|Thornlace48812|1|1115\n|gen|9\n|tier|[Gen 9 Champions] VGC 2026 Reg M-B\n|rated|\n|rule|Species Clause: Limit one of each Pokémon\n|rule|Item Clause: Limit 1 of each item\n|clearpoke\n|poke|p1|Glaceon, L50, F|\n|poke|p1|Ninetales-Alola, L50, F|\n|poke|p1|Sinistcha, L50|\n|poke|p1|Incineroar, L50, M|\n|poke|p1|Aerodactyl, L50, F|\n|poke|p1|Staraptor, L50, F|\n|poke|p2|Garchomp, L50, M|\n|poke|p2|Charizard, L50, M|\n|poke|p2|Whimsicott, L50, M|\n|poke|p2|Sylveon, L50, F|\n|poke|p2|Kingambit, L50, F|\n|poke|p2|Basculegion, L50, M|\n|teampreview|4\n|inactive|Battle timer is ON: inactive players will automatically lose when time's up. (requested by Thornlace48812)\nThornlace48812 rejected open team sheets.\n|\n|t:|1788325339\n|teamsize|p1|4\n|teamsize|p2|4\n|start\n|switch|p1a: Aerodactyl|Aerodactyl, L50, F|100/100\n|switch|p1b: Staraptor|Staraptor, L50, F|100/100\n|switch|p2a: Charizard|Charizard, L50, M|100/100\n|switch|p2b: Sylveon|Sylveon, L50, F|100/100\n|-ability|p1b: Staraptor|Intimidate|boost\n|-unboost|p2a: Charizard|atk|1\n|-unboost|p2b: Sylveon|atk|1\n|turn|1\n|\n|t:|1788325363\n|switch|p1b: Incineroar|Incineroar, L50, M|100/100\n|-ability|p1b: Incineroar|Intimidate|boost\n|-unboost|p2a: Charizard|atk|1\n|-unboost|p2b: Sylveon|atk|1\n|detailschange|p2a: Charizard|Charizard-Mega-Y, L50, M\n|-mega|p2a: Charizard|Charizard|Charizardite Y\n|-weather|SunnyDay|[from] ability: Drought|[of] p2a: Charizard\n|move|p2a: Charizard|Protect|p2a: Charizard\n|-singleturn|p2a: Charizard|Protect\n|move|p1a: Aerodactyl|Tailwind|p1a: Aerodactyl\n|-sidestart|p1: hasmondgoat|move: Tailwind\n|move|p2b: Sylveon|Hyper Voice|p1b: Incineroar|[spread] p1a,p1b\n|-damage|p1a: Aerodactyl|31/100\n|-damage|p1b: Incineroar|65/100\n|\n|-weather|SunnyDay|[upkeep]\n|upkeep\n|turn|2\n|\n|t:|1788325382\n|move|p2a: Charizard|Protect||[still]\n|-fail|p2a: Charizard\n|move|p2b: Sylveon|Detect|p2b: Sylveon\n|-singleturn|p2b: Sylveon|Protect\n|move|p1b: Incineroar|Fake Out|p2b: Sylveon\n|-activate|p2b: Sylveon|move: Protect\n|move|p1a: Aerodactyl|Rock Slide|p2a: Charizard|[spread] p2a\n|-activate|p2b: Sylveon|move: Protect\n|-supereffective|p2a: Charizard|2\n|-damage|p2a: Charizard|0 fnt\n|faint|p2a: Charizard\n|\n|-weather|SunnyDay|[upkeep]\n|upkeep\n|\n|t:|1788325383\n|switch|p2a: Whimsicott|Whimsicott, L50, M|100/100\n|turn|3\n|\n|t:|1788325404\n|move|p2a: Whimsicott|Protect|p2a: Whimsicott\n|-singleturn|p2a: Whimsicott|Protect\n|move|p1a: Aerodactyl|Protect|p1a: Aerodactyl\n|-singleturn|p1a: Aerodactyl|Protect\n|move|p2b: Sylveon|Detect||[still]\n|-fail|p2b: Sylveon\n|move|p1b: Incineroar|Flare Blitz|p2a: Whimsicott\n|-activate|p2a: Whimsicott|move: Protect\n|\n|-weather|SunnyDay|[upkeep]\n|upkeep\n|turn|4\n|\n|t:|1788325417\n|move|p2a: Whimsicott|Tailwind|p2a: Whimsicott\n|-sidestart|p2: Thornlace48812|move: Tailwind\n|move|p1a: Aerodactyl|Dual Wingbeat|p2a: Whimsicott\n|-supereffective|p2a: Whimsicott|1\n|-damage|p2a: Whimsicott|45/100\n|-supereffective|p2a: Whimsicott|1\n|-damage|p2a: Whimsicott|0 fnt\n|faint|p2a: Whimsicott\n|-hitcount|p2: Whimsicott|2\n|move|p2b: Sylveon|Hyper Voice|p1a: Aerodactyl|[spread] p1a,p1b\n|-damage|p1a: Aerodactyl|0 fnt\n|-damage|p1b: Incineroar|31/100\n|faint|p1a: Aerodactyl\n|move|p1b: Incineroar|Parting Shot|p2b: Sylveon\n|-unboost|p2b: Sylveon|atk|1\n|-unboost|p2b: Sylveon|spa|1\n|\n|t:|1788325430\n|switch|p1b: Staraptor|Staraptor, L50, F|100/100|[from] Parting Shot\n|-ability|p1b: Staraptor|Intimidate|boost\n|-unboost|p2b: Sylveon|atk|1\n|\n|-weather|SunnyDay|[upkeep]\n|-sideend|p1: hasmondgoat|move: Tailwind\n|upkeep\n|\n|t:|1788325438\n|switch|p1a: Sinistcha|Sinistcha, L50|100/100\n|switch|p2a: Kingambit|Kingambit, L50, F|100/100\n|-activate|p2a: Kingambit|ability: Supreme Overlord\n|-start|p2a: Kingambit|fallen2|[silent]\n|turn|5\n|\n|t:|1788325460\n|detailschange|p1b: Staraptor|Staraptor-Mega, L50, F\n|-mega|p1b: Staraptor|Staraptor|Staraptite\n|move|p1a: Sinistcha|Protect|p1a: Sinistcha\n|-singleturn|p1a: Sinistcha|Protect\n|move|p2a: Kingambit|Kowtow Cleave|p1a: Sinistcha\n|-activate|p1a: Sinistcha|move: Protect\n|move|p2b: Sylveon|Hyper Voice|p1b: Staraptor|[spread] p1b\n|-activate|p1a: Sinistcha|move: Protect\n|-supereffective|p1b: Staraptor|1\n|-damage|p1b: Staraptor|20/100y\n|move|p1b: Staraptor|Brave Bird|p2b: Sylveon\n|-damage|p2b: Sylveon|6/100\n|-damage|p1b: Staraptor|0 fnt|[from] Recoil\n|faint|p1b: Staraptor\n|\n|-weather|none\n|upkeep\n|\n|t:|1788325475\n|switch|p1b: Incineroar|Incineroar, L50, M|31/100\n|-ability|p1b: Incineroar|Intimidate|boost\n|-unboost|p2a: Kingambit|atk|1\n|-unboost|p2b: Sylveon|atk|1\n|turn|6\n|\n|t:|1788325490\n|move|p1b: Incineroar|Fake Out|p2b: Sylveon\n|-crit|p2b: Sylveon\n|-damage|p2b: Sylveon|0 fnt\n|faint|p2b: Sylveon\n|move|p2a: Kingambit|Kowtow Cleave|p1b: Incineroar\n|-resisted|p1b: Incineroar|1\n|-damage|p1b: Incineroar|10/100\n|move|p1a: Sinistcha|Matcha Gotcha|p2a: Kingambit\n|-resisted|p2a: Kingambit|1\n|-damage|p2a: Kingambit|81/100\n|\n|upkeep\n|turn|7\n|\n|t:|1788325507\n|move|p2a: Kingambit|Iron Head|p1b: Incineroar\n|-resisted|p1b: Incineroar|1\n|-damage|p1b: Incineroar|0 fnt\n|faint|p1b: Incineroar\n|move|p1a: Sinistcha|Energy Ball|p2a: Kingambit\n|-resisted|p2a: Kingambit|1\n|-damage|p2a: Kingambit|60/100\n|\n|-sideend|p2: Thornlace48812|move: Tailwind\n|upkeep\n|turn|8\n|\n|t:|1788325516\n|move|p1a: Sinistcha|Matcha Gotcha|p2a: Kingambit\n|-resisted|p2a: Kingambit|1\n|-damage|p2a: Kingambit|42/100\n|move|p2a: Kingambit|Kowtow Cleave|p1a: Sinistcha\n|-supereffective|p1a: Sinistcha|1\n|-damage|p1a: Sinistcha|12/100\n|\n|-heal|p1a: Sinistcha|18/100|[from] item: Leftovers\n|upkeep\n|turn|9\n|\n|t:|1788325524\n|move|p1a: Sinistcha|Matcha Gotcha|p2a: Kingambit\n|-resisted|p2a: Kingambit|1\n|-damage|p2a: Kingambit|23/100\n|-heal|p1a: Sinistcha|28/100|[from] drain|[of] p2a: Kingambit\n|move|p2a: Kingambit|Kowtow Cleave|p1a: Sinistcha\n|-supereffective|p1a: Sinistcha|1\n|-damage|p1a: Sinistcha|0 fnt\n|faint|p1a: Sinistcha\n|\n|win|Thornlace48812\n|raw|hasmondgoat's rating: 1041 &rarr; <strong>1026</strong><br />(-15 for losing)\n|raw|Thornlace48812's rating: 1066 &rarr; <strong>1094</strong><br />(+28 for winning)\n","uploadtime":1788325525,"views":"0","formatid":"gen9championsvgc2026regmb","rating":1026,"private":0,"password":null}