{"id":"gen9championsvgc2026regmb-2674448706","format":"[Gen 9 Champions] VGC 2026 Reg M-B","players":["pranay showdown","vanthoci"],"log":"|j|☆pranay showdown\n|j|☆vanthoci\n|t:|1788361081\n|gametype|doubles\n|player|p1|pranay showdown|101|1602\n|player|p2|vanthoci|liko|1751\n|gen|9\n|tier|[Gen 9 Champions] VGC 2026 Reg M-B\n|rated|\n|rule|Species Clause: Limit one of each Pokémon\n|rule|Item Clause: Limit 1 of each item\n|clearpoke\n|poke|p1|Charizard, L50, M|\n|poke|p1|Whimsicott, L50, M|\n|poke|p1|Kingambit, L50, M|\n|poke|p1|Basculegion, L50, M|\n|poke|p1|Garchomp, L50, F|\n|poke|p1|Glimmora, L50, F|\n|poke|p2|Raichu, L50, F|\n|poke|p2|Incineroar, L50, M|\n|poke|p2|Vanilluxe, L50, M|\n|poke|p2|Basculegion, L50, M|\n|poke|p2|Sneasler, L50, M|\n|poke|p2|Kingambit, L50, M|\n|teampreview|4\n|\n|t:|1788361144\n|teamsize|p1|4\n|teamsize|p2|4\n|start\n|switch|p1a: Whimsicott|Whimsicott, L50, M|100/100\n|switch|p1b: Glimmora|Glimmora, L50, F|100/100\n|switch|p2a: Sneasler|Sneasler, L50, M|100/100\n|switch|p2b: Raichu|Raichu, L50, F|100/100\n|turn|1\n|\n|t:|1788361151\n|detailschange|p2b: Raichu|Raichu-Mega-Y, L50, F\n|-mega|p2b: Raichu|Raichu|Raichunite Y\n|move|p1a: Whimsicott|Protect|p1a: Whimsicott\n|-singleturn|p1a: Whimsicott|Protect\n|move|p1b: Glimmora|Spiky Shield|p1b: Glimmora\n|-singleturn|p1b: Glimmora|move: Protect\n|move|p2a: Sneasler|Fake Out|p1a: Whimsicott\n|-activate|p1a: Whimsicott|move: Protect\n|move|p2b: Raichu|Substitute|p2b: Raichu\n|-start|p2b: Raichu|Substitute\n|-damage|p2b: Raichu|75/100\n|\n|upkeep\n|turn|2\n|\n|t:|1788361174\n|switch|p2a: Kingambit|Kingambit, L50, M|100/100\n|move|p2b: Raichu|Protect|p2b: Raichu\n|-singleturn|p2b: Raichu|Protect\n|move|p1a: Whimsicott|Encore|p2a: Kingambit\n|-hint|Since gen 7, Dark is immune to Prankster moves.\n|-immune|p2a: Kingambit\n|move|p1b: Glimmora|Earth Power|p2b: Raichu\n|-activate|p2b: Raichu|move: Protect\n|\n|upkeep\n|turn|3\n|\n|t:|1788361199\n|move|p1a: Whimsicott|Protect|p1a: Whimsicott\n|-singleturn|p1a: Whimsicott|Protect\n|move|p2a: Kingambit|Quick Guard|p2a: Kingambit\n|-singleturn|p2a: Kingambit|Quick Guard\n|move|p2b: Raichu|Zap Cannon|p1b: Glimmora\n|-damage|p1b: Glimmora|16/100\n|-status|p1b: Glimmora|par\n|move|p1b: Glimmora|Earth Power|p2b: Raichu\n|-supereffective|p2b: Raichu|1\n|-end|p2b: Raichu|Substitute\n|\n|upkeep\n|turn|4\n|\n|t:|1788361223\n|move|p1a: Whimsicott|Tailwind|p1a: Whimsicott\n|-sidestart|p1: pranay showdown|move: Tailwind\n|move|p2b: Raichu|Zap Cannon|p1b: Glimmora\n|-damage|p1b: Glimmora|0 fnt\n|faint|p1b: Glimmora\n|move|p2a: Kingambit|Iron Head|p1a: Whimsicott\n|-supereffective|p1a: Whimsicott|1\n|-damage|p1a: Whimsicott|0 fnt\n|faint|p1a: Whimsicott\n|\n|upkeep\n|\n|t:|1788361230\n|switch|p1a: Kingambit|Kingambit, L50, M|100/100\n|switch|p1b: Charizard|Charizard, L50, M|100/100\n|turn|5\n|\n|t:|1788361258\n|switch|p2a: Sneasler|Sneasler, L50, M|100/100\n|detailschange|p1b: Charizard|Charizard-Mega-Y, L50, M\n|-mega|p1b: Charizard|Charizard|Charizardite Y\n|-weather|SunnyDay|[from] ability: Drought|[of] p1b: Charizard\n|move|p2b: Raichu|Protect|p2b: Raichu\n|-singleturn|p2b: Raichu|Protect\n|move|p1b: Charizard|Heat Wave|p2a: Sneasler|[spread] p2a\n|-activate|p2b: Raichu|move: Protect\n|-damage|p2a: Sneasler|3/100\n|move|p1a: Kingambit|Kowtow Cleave|p2b: Raichu\n|-activate|p2b: Raichu|move: Protect\n|\n|-weather|SunnyDay|[upkeep]\n|upkeep\n|turn|6\n|\n|t:|1788361287\n|move|p1b: Charizard|Protect|p1b: Charizard\n|-singleturn|p1b: Charizard|Protect\n|move|p1a: Kingambit|Protect|p1a: Kingambit\n|-singleturn|p1a: Kingambit|Protect\n|move|p2a: Sneasler|Fake Out|p1b: Charizard\n|-activate|p1b: Charizard|move: Protect\n|move|p2b: Raichu|Zap Cannon|p1b: Charizard\n|-activate|p1b: Charizard|move: Protect\n|\n|-weather|SunnyDay|[upkeep]\n|upkeep\n|turn|7\n|\n|t:|1788361314\n|switch|p2a: Vanilluxe|Vanilluxe, L50, M|100/100\n|-weather|Snowscape|[from] ability: Snow Warning|[of] p2a: Vanilluxe\n|move|p2b: Raichu|Protect|p2b: Raichu\n|-singleturn|p2b: Raichu|Protect\n|move|p1a: Kingambit|Sucker Punch||[still]\n|-fail|p1a: Kingambit\n|move|p1b: Charizard|Heat Wave|p2a: Vanilluxe|[spread] p2a\n|-activate|p2b: Raichu|move: Protect\n|-supereffective|p2a: Vanilluxe|1\n|-damage|p2a: Vanilluxe|0 fnt\n|faint|p2a: Vanilluxe\n|\n|-weather|Snowscape|[upkeep]\n|-sideend|p1: pranay showdown|move: Tailwind\n|upkeep\n|\n|t:|1788361326\n|switch|p2a: Kingambit|Kingambit, L50, M|100/100\n|turn|8\n|\n|t:|1788361340\n|move|p1b: Charizard|Protect|p1b: Charizard\n|-singleturn|p1b: Charizard|Protect\n|move|p2a: Kingambit|Quick Guard|p2a: Kingambit\n|-singleturn|p2a: Kingambit|Quick Guard\n|move|p2b: Raichu|Substitute|p2b: Raichu\n|-start|p2b: Raichu|Substitute\n|-damage|p2b: Raichu|50/100g\n|move|p1a: Kingambit|Low Kick|p2a: Kingambit\n|-supereffective|p2a: Kingambit|2\n|-enditem|p2a: Kingambit|Chople Berry|[eat]\n|-enditem|p2a: Kingambit|Chople Berry|[weaken]\n|-damage|p2a: Kingambit|42/100\n|\n|-weather|Snowscape|[upkeep]\n|upkeep\n|turn|9\n|\n|t:|1788361360\n|move|p2b: Raichu|Zap Cannon|p1b: Charizard\n|-supereffective|p1b: Charizard|1\n|-damage|p1b: Charizard|0 fnt\n|faint|p1b: Charizard\n|move|p1a: Kingambit|Kowtow Cleave|p2b: Raichu\n|-end|p2b: Raichu|Substitute\n|move|p2a: Kingambit|Kowtow Cleave|p1a: Kingambit\n|-resisted|p1a: Kingambit|1\n|-damage|p1a: Kingambit|82/100\n|\n|-weather|Snowscape|[upkeep]\n|upkeep\n|turn|10\n|\n|t:|1788361371\n|move|p2a: Kingambit|Quick Guard|p2a: Kingambit\n|-singleturn|p2a: Kingambit|Quick Guard\n|move|p2b: Raichu|Focus Blast|p1a: Kingambit\n|-supereffective|p1a: Kingambit|2\n|-enditem|p1a: Kingambit|Chople Berry|[eat]\n|-enditem|p1a: Kingambit|Chople Berry|[weaken]\n|-damage|p1a: Kingambit|0 fnt\n|faint|p1a: Kingambit\n|\n|win|vanthoci\n|raw|pranay showdown's rating: 1602 &rarr; <strong>1590</strong><br />(-12 for losing)\n|raw|vanthoci's rating: 1751 &rarr; <strong>1763</strong><br />(+12 for winning)\n|l|☆pranay showdown\n|player|p1|\n","uploadtime":1788361381,"views":"6","formatid":"gen9championsvgc2026regmb","rating":1590,"private":0,"password":null}