{"id":"gen9championsvgc2026regmbbo3-2674147966","format":"[Gen 9 Champions] VGC 2026 Reg M-B (Bo3)","players":["BuffGyarados","Dkelly1126"],"log":"|j|☆BuffGyarados\n|j|☆Dkelly1126\n|html|<table width=\"100%\"><tr><td align=\"left\">BuffGyarados</td><td align=\"right\">Dkelly1126</tr><tr><td align=\"left\"><i class=\"fa fa-circle-o\"></i> <i class=\"fa fa-circle-o\"></i> </td><td align=\"right\"><i class=\"fa fa-circle-o\"></i> <i class=\"fa fa-circle-o\"></i> </tr></table>\n|uhtml|bestof|<h2><strong>Game 1</strong> of <a href=\"/game-bestof3-gen9championsvgc2026regmbbo3-2674147965\">a best-of-3</a></h2>\n|t:|1788306269\n|gametype|doubles\n|player|p1|BuffGyarados|cyrus|1041\n|player|p2|Dkelly1126|blue|1049\n|gen|9\n|tier|[Gen 9 Champions] VGC 2026 Reg M-B (Bo3)\n|rated|\n|rule|Species Clause: Limit one of each Pokémon\n|rule|Item Clause: Limit 1 of each item\n|clearpoke\n|poke|p1|Floette-Eternal, L50, F|\n|poke|p1|Basculegion, L50, M|\n|poke|p1|Kingambit, L50, M|\n|poke|p1|Dragonite, L50, M|\n|poke|p1|Garchomp, L50, F|\n|poke|p1|Sneasler, L50, F|\n|poke|p2|Charizard, L50, F|\n|poke|p2|Archaludon, L50, M|\n|poke|p2|Pelipper, L50, F|\n|poke|p2|Grimmsnarl, L50, M|\n|poke|p2|Venusaur, L50, F|\n|poke|p2|Swampert, L50, M|\n|teampreview|4\n|showteam|p1|Floette-Eternal||Floettite|FlowerVeil|Moonblast,DazzlingGleam,LightofRuin,Protect|Timid||F|||50|]Basculegion||LifeOrb|SwiftSwim|WaveCrash,AquaJet,LastRespects,Protect|Adamant||M|||50|]Kingambit||ChopleBerry|Defiant|SuckerPunch,KowtowCleave,LowKick,IronHead|Adamant||M|||50|]Dragonite||Dragoninite|Multiscale|DragonPulse,HeatWave,ExtremeSpeed,Protect|Modest||M|||50|]Garchomp||ChoiceScarf|RoughSkin|DragonClaw,StompingTantrum,Earthquake,RockSlide|Adamant||F|||50|]Sneasler||FocusSash|PoisonTouch|CloseCombat,DireClaw,FakeOut,Feint|Jolly||F|||50|\n|showteam|p2|Charizard||CharizarditeY|SolarPower|Protect,HeatWave,WeatherBall,Hurricane|Modest||F|||50|]Archaludon||Leftovers|Stamina|ElectroShot,Protect,FlashCannon,DragonPulse|Calm||M|||50|]Pelipper||SitrusBerry|Drizzle|Hurricane,WeatherBall,Tailwind,WideGuard|Bold||F|||50|]Grimmsnarl||LightClay|Prankster|LightScreen,Reflect,SpiritBreak,PartingShot|Sassy||M|||50|]Venusaur||FocusSash|Chlorophyll|Protect,SludgeBomb,LeafStorm,SleepPowder|Modest||F|||50|]Swampert||Swampertite|Torrent|Protect,WaveCrash,Earthquake,IcePunch|Adamant||M|||50|\n|inactive|Battle timer is ON: inactive players will automatically lose when time's up. (requested by BuffGyarados)\n|inactive|BuffGyarados has 60 seconds left.\n|inactive|Dkelly1126 has 60 seconds left.\n|\n|t:|1788306309\n|teamsize|p1|4\n|teamsize|p2|4\n|start\n|switch|p1a: Floette|Floette-Eternal, L50, F|100/100\n|switch|p1b: Sneasler|Sneasler, L50, F|100/100\n|switch|p2a: Venusaur|Venusaur, L50, F|100/100\n|switch|p2b: Charizard|Charizard, L50, F|100/100\n|turn|1\n|inactive|BuffGyarados has 30 seconds left.\n|\n|t:|1788306342\n|detailschange|p1a: Floette|Floette-Mega, L50, F\n|-mega|p1a: Floette|Floette|Floettite\n|-ability|p1a: Floette|Fairy Aura\n|detailschange|p2b: Charizard|Charizard-Mega-Y, L50, F\n|-mega|p2b: Charizard|Charizard|Charizardite Y\n|-weather|SunnyDay|[from] ability: Drought|[of] p2b: Charizard\n|move|p2a: Venusaur|Protect|p2a: Venusaur\n|-singleturn|p2a: Venusaur|Protect\n|move|p1a: Floette|Protect|p1a: Floette\n|-singleturn|p1a: Floette|Protect\n|move|p1b: Sneasler|Fake Out|p2a: Venusaur\n|-activate|p2a: Venusaur|move: Protect\n|move|p2b: Charizard|Heat Wave|p1b: Sneasler|[spread] \n|-activate|p1a: Floette|move: Protect\n|-miss|p2b: Charizard|p1b: Sneasler\n|\n|-weather|SunnyDay|[upkeep]\n|upkeep\n|turn|2\n|\n|t:|1788306364\n|switch|p1a: Dragonite|Dragonite, L50, M|100/100\n|move|p2a: Venusaur|Sludge Bomb|p1a: Dragonite\n|-damage|p1a: Dragonite|75/100\n|move|p1b: Sneasler|Dire Claw|p2a: Venusaur\n|-damage|p2a: Venusaur|43/100\n|-status|p2a: Venusaur|slp\n|move|p2b: Charizard|Heat Wave|p1b: Sneasler|[spread] p1a,p1b\n|-resisted|p1a: Dragonite|1\n|-damage|p1a: Dragonite|44/100\n|-damage|p1b: Sneasler|19/100\n|\n|-weather|SunnyDay|[upkeep]\n|upkeep\n|turn|3\n|inactive|BuffGyarados has 30 seconds left.\n|inactive|Dkelly1126 has 30 seconds left.\n|\n|t:|1788306401\n|switch|p2a: Grimmsnarl|Grimmsnarl, L50, M|100/100\n|move|p2b: Charizard|Protect|p2b: Charizard\n|-singleturn|p2b: Charizard|Protect\n|move|p1b: Sneasler|Dire Claw|p2b: Charizard\n|-activate|p2b: Charizard|move: Protect\n|move|p1a: Dragonite|Heat Wave|p2a: Grimmsnarl|[spread] \n|-activate|p2b: Charizard|move: Protect\n|-miss|p1a: Dragonite|p2a: Grimmsnarl\n|\n|-weather|SunnyDay|[upkeep]\n|upkeep\n|turn|4\n|\n|t:|1788306417\n|move|p2a: Grimmsnarl|Reflect|p2a: Grimmsnarl\n|-sidestart|p2: Dkelly1126|Reflect\n|move|p1b: Sneasler|Dire Claw|p2a: Grimmsnarl\n|-supereffective|p2a: Grimmsnarl|1\n|-damage|p2a: Grimmsnarl|49/100\n|move|p2b: Charizard|Weather Ball|p1a: Dragonite\n|-resisted|p1a: Dragonite|1\n|-damage|p1a: Dragonite|0 fnt\n|faint|p1a: Dragonite\n|\n|-weather|SunnyDay|[upkeep]\n|upkeep\n|\n|t:|1788306430\n|switch|p1a: Basculegion|Basculegion, L50, M|100/100\n|turn|5\n|\n|t:|1788306442\n|move|p2a: Grimmsnarl|Parting Shot|p1a: Basculegion\n|-unboost|p1a: Basculegion|atk|1\n|-unboost|p1a: Basculegion|spa|1\n|\n|t:|1788306446\n|switch|p2a: Venusaur|Venusaur, L50, F|43/100 slp|[from] Parting Shot\n|move|p1b: Sneasler|Dire Claw|p2a: Venusaur\n|-damage|p2a: Venusaur|8/100 slp\n|move|p2b: Charizard|Heat Wave|p1b: Sneasler|[spread] p1a,p1b\n|-resisted|p1a: Basculegion|1\n|-damage|p1a: Basculegion|66/100\n|-damage|p1b: Sneasler|0 fnt\n|faint|p1b: Sneasler\n|move|p1a: Basculegion|Wave Crash|p2b: Charizard\n|-supereffective|p2b: Charizard|1\n|-damage|p2b: Charizard|64/100\n|-damage|p1a: Basculegion|55/100|[from] Recoil\n|-damage|p1a: Basculegion|46/100|[from] item: Life Orb\n|\n|-weather|none\n|upkeep\n|\n|t:|1788306457\n|switch|p1b: Floette|Floette-Mega, L50, F|100/100\n|-ability|p1b: Floette|Fairy Aura\n|turn|6\n|\n|t:|1788306469\n|switch|p2b: Grimmsnarl|Grimmsnarl, L50, M|49/100\n|move|p1b: Floette|Dazzling Gleam|p2b: Grimmsnarl|[spread] p2a,p2b\n|-resisted|p2a: Venusaur|1\n|-supereffective|p2b: Grimmsnarl|1\n|-damage|p2a: Venusaur|0 fnt\n|-damage|p2b: Grimmsnarl|0 fnt\n|faint|p2a: Venusaur\n|faint|p2b: Grimmsnarl\n|move|p1a: Basculegion|Wave Crash|p2: Venusaur|[notarget]\n|-fail|p1a: Basculegion\n|\n|upkeep\n|\n|t:|1788306474\n|switch|p2a: Charizard|Charizard-Mega-Y, L50, F|64/100\n|switch|p2b: Archaludon|Archaludon, L50, M|100/100\n|-weather|SunnyDay|[from] ability: Drought|[of] p2a: Charizard\n|turn|7\n|\n|t:|1788306506\n|move|p1a: Basculegion|Aqua Jet|p2a: Charizard\n|-supereffective|p2a: Charizard|1\n|-damage|p2a: Charizard|51/100\n|-damage|p1a: Basculegion|36/100|[from] item: Life Orb\n|move|p1b: Floette|Light of Ruin|p2b: Archaludon\n|-damage|p2b: Archaludon|0 fnt\n|faint|p2b: Archaludon\n|-damage|p1b: Floette|34/100|[from] Recoil\n|move|p2a: Charizard|Heat Wave|p1a: Basculegion|[spread] p1a,p1b\n|-resisted|p1a: Basculegion|1\n|-damage|p1a: Basculegion|3/100\n|-damage|p1b: Floette|0 fnt\n|faint|p1b: Floette\n|\n|-weather|SunnyDay|[upkeep]\n|upkeep\n|turn|8\n|\n|t:|1788306522\n|move|p2a: Charizard|Weather Ball|p1a: Basculegion\n|-resisted|p1a: Basculegion|1\n|-damage|p1a: Basculegion|0 fnt\n|faint|p1a: Basculegion\n|\n|win|Dkelly1126\n","uploadtime":1788306525,"views":"3","formatid":"gen9championsvgc2026regmbbo3","rating":null,"private":0,"password":null}