{"id":"gen9championsvgc2026regmb-2673955741","format":"[Gen 9 Champions] VGC 2026 Reg M-B","players":["food14","TreyBayBay"],"log":"|j|☆food14\n|j|☆TreyBayBay\n|t:|1788281495\n|gametype|doubles\n|player|p1|food14|preschooler|1243\n|player|p2|TreyBayBay|ninjaboy|1156\n|gen|9\n|tier|[Gen 9 Champions] VGC 2026 Reg M-B\n|rated|\n|rule|Species Clause: Limit one of each Pokémon\n|rule|Item Clause: Limit 1 of each item\n|clearpoke\n|poke|p1|Dragonite, L50, F|\n|poke|p1|Scovillain, L50, F|\n|poke|p1|Kingambit, L50, F|\n|poke|p1|Garchomp, L50, M|\n|poke|p1|Sneasler, L50, M|\n|poke|p1|Basculegion, L50, M|\n|poke|p2|Pyroar, L50, F|\n|poke|p2|Camerupt, L50, F, shiny|\n|poke|p2|Oranguru, L50, M|\n|poke|p2|Torkoal, L50, F|\n|poke|p2|Vileplume, L50, F|\n|poke|p2|Sableye, L50, F|\n|teampreview|4\n|\n|t:|1788281523\n|teamsize|p1|4\n|teamsize|p2|4\n|start\n|switch|p1a: Dragonite|Dragonite, L50, F|100/100\n|switch|p1b: Garchomp|Garchomp, L50, M|100/100\n|switch|p2a: Pyroar|Pyroar, L50, F|100/100\n|switch|p2b: Sableye|Sableye, L50, F|100/100\n|-ability|p2a: Pyroar|Unnerve\n|turn|1\n|\n|t:|1788281549\n|detailschange|p2a: Pyroar|Pyroar-Mega, L50, F\n|-mega|p2a: Pyroar|Pyroar|Pyroarite\n|detailschange|p1a: Dragonite|Dragonite-Mega, L50, F\n|-mega|p1a: Dragonite|Dragonite|Dragoninite\n|move|p2b: Sableye|Fake Out|p1b: Garchomp\n|-crit|p1b: Garchomp\n|-damage|p1b: Garchomp|89/100\n|-damage|p2b: Sableye|87/100|[from] ability: Rough Skin|[of] p1b: Garchomp\n|cant|p1b: Garchomp|flinch\n|move|p2a: Pyroar|Heat Wave|p1b: Garchomp|[spread] p1a,p1b\n|-resisted|p1a: Dragonite|1\n|-resisted|p1b: Garchomp|1\n|-damage|p1a: Dragonite|89/100\n|-damage|p1b: Garchomp|63/100\n|move|p1a: Dragonite|Dragon Pulse|p2a: Pyroar\n|-damage|p2a: Pyroar|37/100\n|\n|upkeep\n|turn|2\n|\n|t:|1788281576\n|switch|p2a: Vileplume|Vileplume, L50, F|100/100\n|move|p1b: Garchomp|Earthquake|p2a: Vileplume|[spread] p2a,p2b\n|-immune|p1a: Dragonite\n|-damage|p2a: Vileplume|36/100\n|-damage|p2b: Sableye|33/100\n|-enditem|p2b: Sableye|Sitrus Berry|[eat]\n|-heal|p2b: Sableye|58/100|[from] item: Sitrus Berry\n|move|p1a: Dragonite|Dragon Pulse|p2b: Sableye\n|-damage|p2b: Sableye|1/100\n|move|p2b: Sableye|Foul Play|p1b: Garchomp\n|-damage|p1b: Garchomp|16/100\n|-damage|p2b: Sableye|0 fnt|[from] ability: Rough Skin|[of] p1b: Garchomp\n|faint|p2b: Sableye\n|\n|upkeep\n|\n|t:|1788281590\n|switch|p2b: Torkoal|Torkoal, L50, F|100/100\n|-weather|SunnyDay|[from] ability: Drought|[of] p2b: Torkoal\n|turn|3\n|\n|t:|1788281600\n|move|p1a: Dragonite|Extreme Speed|p2a: Vileplume\n|-damage|p2a: Vileplume|10/100\n|move|p2a: Vileplume|After You|p2b: Torkoal\n|-activate|p2b: Torkoal|move: After You\n|move|p2b: Torkoal|Eruption|p1a: Dragonite|[spread] p1a,p1b\n|-resisted|p1a: Dragonite|1\n|-resisted|p1b: Garchomp|1\n|-damage|p1a: Dragonite|57/100\n|-damage|p1b: Garchomp|0 fnt\n|faint|p1b: Garchomp\n|\n|-weather|SunnyDay|[upkeep]\n|upkeep\n|\n|t:|1788281615\n|switch|p1b: Kingambit|Kingambit, L50, F|100/100\n|turn|4\n|\n|t:|1788281623\n|move|p1a: Dragonite|Extreme Speed|p2a: Vileplume\n|-damage|p2a: Vileplume|0 fnt\n|faint|p2a: Vileplume\n|move|p1b: Kingambit|Kowtow Cleave|p2b: Torkoal\n|-damage|p2b: Torkoal|53/100\n|-damage|p1b: Kingambit|90/100|[from] item: Life Orb\n|move|p2b: Torkoal|Weather Ball|p1b: Kingambit\n|-supereffective|p1b: Kingambit|1\n|-damage|p1b: Kingambit|0 fnt\n|faint|p1b: Kingambit\n|\n|-weather|SunnyDay|[upkeep]\n|upkeep\n|\n|t:|1788281635\n|switch|p2a: Pyroar|Pyroar-Mega, L50, F|37/100\n|switch|p1b: Basculegion|Basculegion, L50, M|100/100\n|turn|5\n|\n|t:|1788281647\n|move|p2a: Pyroar|Solar Beam||[still]\n|-prepare|p2a: Pyroar|Solar Beam\n|-anim|p2a: Pyroar|Solar Beam|p1b: Basculegion\n|-supereffective|p1b: Basculegion|1\n|-damage|p1b: Basculegion|8/100\n|move|p1b: Basculegion|Last Respects|p2b: Torkoal\n|-damage|p2b: Torkoal|0 fnt\n|faint|p2b: Torkoal\n|move|p1a: Dragonite|Dragon Pulse|p2a: Pyroar\n|-damage|p2a: Pyroar|0 fnt\n|faint|p2a: Pyroar\n|\n|win|food14\n|raw|food14's rating: 1243 &rarr; <strong>1262</strong><br />(+19 for winning)\n|raw|TreyBayBay's rating: 1156 &rarr; <strong>1137</strong><br />(-19 for losing)\n|l|☆TreyBayBay\n|player|p2|\n","uploadtime":1788281664,"views":"2","formatid":"gen9championsvgc2026regmb","rating":1137,"private":0,"password":null}