{"id":"gen9championsvgc2026regmb-2673876983","format":"[Gen 9 Champions] VGC 2026 Reg M-B","players":["Thornlace48812","bruetc60"],"log":"|j|☆Thornlace48812\n|j|☆bruetc60\n|t:|1788271953\n|gametype|doubles\n|player|p1|Thornlace48812|102|1127\n|player|p2|bruetc60|iono|1045\n|gen|9\n|tier|[Gen 9 Champions] VGC 2026 Reg M-B\n|rated|\n|rule|Species Clause: Limit one of each Pokémon\n|rule|Item Clause: Limit 1 of each item\n|clearpoke\n|poke|p1|Garchomp, L50, M|\n|poke|p1|Charizard, L50, F|\n|poke|p1|Whimsicott, L50, F|\n|poke|p1|Sylveon, L50, F|\n|poke|p1|Kingambit, L50, M|\n|poke|p1|Basculegion, L50, M|\n|poke|p2|Garchomp, L50, M|\n|poke|p2|Sneasler, L50, M|\n|poke|p2|Greninja, L50, M, shiny|\n|poke|p2|Ninetales-Alola, L50, F|\n|poke|p2|Talonflame, L50, M, shiny|\n|poke|p2|Vanilluxe, L50, M|\n|teampreview|4\n|inactive|Battle timer is ON: inactive players will automatically lose when time's up. (requested by bruetc60)\n|inactive|Thornlace48812 also wants the timer to be on.\nThornlace48812 rejected open team sheets.\n|\n|t:|1788271965\n|teamsize|p1|4\n|teamsize|p2|4\n|start\n|switch|p1a: Basculegion|Basculegion, L50, M|100/100\n|switch|p1b: Sylveon|Sylveon, L50, F|100/100\n|switch|p2a: Ben and Jerry's|Vanilluxe, L50, M|100/100\n|switch|p2b: PHOENIX WING|Talonflame, L50, M, shiny|100/100\n|-weather|Snowscape|[from] ability: Snow Warning|[of] p2a: Ben and Jerry's\n|turn|1\n|\n|t:|1788271982\n|move|p1a: Basculegion|Protect|p1a: Basculegion\n|-singleturn|p1a: Basculegion|Protect\n|move|p2b: PHOENIX WING|Taunt|p1b: Sylveon\n|-start|p1b: Sylveon|move: Taunt\n|move|p2a: Ben and Jerry's|Aurora Veil|p2a: Ben and Jerry's\n|-sidestart|p2: bruetc60|move: Aurora Veil\n|move|p1b: Sylveon|Hyper Voice|p2a: Ben and Jerry's|[spread] p2a,p2b\n|-resisted|p2b: PHOENIX WING|1\n|-damage|p2a: Ben and Jerry's|73/100\n|-damage|p2b: PHOENIX WING|76/100\n|\n|-weather|Snowscape|[upkeep]\n|upkeep\n|turn|2\n|\n|t:|1788271994\n|move|p1a: Basculegion|Aqua Jet|p2a: Ben and Jerry's\n|-damage|p2a: Ben and Jerry's|55/100\n|move|p2b: PHOENIX WING|Tailwind|p2b: PHOENIX WING\n|-sidestart|p2: bruetc60|move: Tailwind\n|move|p2a: Ben and Jerry's|Freeze-Dry|p1a: Basculegion\n|-supereffective|p1a: Basculegion|1\n|-damage|p1a: Basculegion|27/100\n|move|p1b: Sylveon|Hyper Beam|p2b: PHOENIX WING\n|-resisted|p2b: PHOENIX WING|1\n|-damage|p2b: PHOENIX WING|18/100\n|-mustrecharge|p1b: Sylveon\n|\n|-weather|Snowscape|[upkeep]\n|upkeep\n|turn|3\n|\n|t:|1788272011\n|move|p1a: Basculegion|Protect|p1a: Basculegion\n|-singleturn|p1a: Basculegion|Protect\n|move|p2b: PHOENIX WING|Dual Wingbeat|p1b: Sylveon\n|-damage|p1b: Sylveon|73/100\n|-damage|p1b: Sylveon|46/100\n|-hitcount|p1b: Sylveon|2\n|move|p2a: Ben and Jerry's|Blizzard|p1a: Basculegion|[spread] p1b\n|-activate|p1a: Basculegion|move: Protect\n|-damage|p1b: Sylveon|15/100\n|cant|p1b: Sylveon|recharge\n|\n|-weather|Snowscape|[upkeep]\n|-end|p1b: Sylveon|move: Taunt\n|upkeep\n|turn|4\n|\n|t:|1788272026\n|move|p2b: PHOENIX WING|Dual Wingbeat|p1b: Sylveon\n|-damage|p1b: Sylveon|0 fnt\n|faint|p1b: Sylveon\n|-hitcount|p1: Sylveon|1\n|move|p2a: Ben and Jerry's|Freeze-Dry|p1a: Basculegion\n|-supereffective|p1a: Basculegion|1\n|-crit|p1a: Basculegion\n|-damage|p1a: Basculegion|0 fnt\n|faint|p1a: Basculegion\n|\n|-weather|Snowscape|[upkeep]\n|upkeep\n|\n|t:|1788272026\n|switch|p1a: Charizard|Charizard, L50, F|100/100\n|switch|p1b: Whimsicott|Whimsicott, L50, F|100/100\n|turn|5\n|\n|t:|1788272046\n|switch|p2a: Sharknado|Garchomp, L50, M|100/100\n|move|p1a: Charizard|Protect|p1a: Charizard\n|-singleturn|p1a: Charizard|Protect\n|move|p1b: Whimsicott|Tailwind|p1b: Whimsicott\n|-sidestart|p1: Thornlace48812|move: Tailwind\n|move|p2b: PHOENIX WING|Taunt|p1b: Whimsicott\n|-start|p1b: Whimsicott|move: Taunt\n|\n|-weather|none\n|-sideend|p2: bruetc60|move: Tailwind\n|-sideend|p2: bruetc60|move: Aurora Veil\n|upkeep\n|turn|6\n|\n|t:|1788272059\n|detailschange|p1a: Charizard|Charizard-Mega-Y, L50, F\n|-mega|p1a: Charizard|Charizard|Charizardite Y\n|-weather|SunnyDay|[from] ability: Drought|[of] p1a: Charizard\n|move|p1b: Whimsicott|Moonblast|p2a: Sharknado\n|-supereffective|p2a: Sharknado|1\n|-damage|p2a: Sharknado|24/100\n|move|p1a: Charizard|Heat Wave|p2a: Sharknado|[spread] p2a\n|-miss|p1a: Charizard|p2b: PHOENIX WING\n|-resisted|p2a: Sharknado|1\n|-damage|p2a: Sharknado|0 fnt\n|faint|p2a: Sharknado\n|move|p2b: PHOENIX WING|Tailwind|p2b: PHOENIX WING\n|-sidestart|p2: bruetc60|move: Tailwind\n|\n|-weather|SunnyDay|[upkeep]\n|upkeep\n|\n|t:|1788272069\n|switch|p2a: Ben and Jerry's|Vanilluxe, L50, M|55/100\n|-weather|Snowscape|[from] ability: Snow Warning|[of] p2a: Ben and Jerry's\n|turn|7\n|\n|t:|1788272079\n|move|p2b: PHOENIX WING|Dual Wingbeat|p1a: Charizard\n|-damage|p1a: Charizard|77/100\n|-damage|p1a: Charizard|55/100\n|-hitcount|p1a: Charizard|2\n|move|p1b: Whimsicott|Moonblast|p2b: PHOENIX WING\n|-resisted|p2b: PHOENIX WING|1\n|-damage|p2b: PHOENIX WING|0 fnt\n|faint|p2b: PHOENIX WING\n|move|p1a: Charizard|Heat Wave|p2a: Ben and Jerry's\n|-supereffective|p2a: Ben and Jerry's|1\n|-crit|p2a: Ben and Jerry's\n|-damage|p2a: Ben and Jerry's|0 fnt\n|faint|p2a: Ben and Jerry's\n|\n|-weather|Snowscape|[upkeep]\n|upkeep\n|\n|t:|1788272090\n|switch|p2b: Jiraiya|Greninja, L50, M, shiny|100/100\n|turn|8\n|\n|t:|1788272095\n|detailschange|p2b: Jiraiya|Greninja-Mega, L50, M, shiny\n|-mega|p2b: Jiraiya|Greninja|Greninjite\n|move|p2b: Jiraiya|Water Shuriken|p1a: Charizard\n|-start|p2b: Jiraiya|typechange|Water|[from] ability: Protean\n|-supereffective|p1a: Charizard|1\n|-damage|p1a: Charizard|38/100\n|-supereffective|p1a: Charizard|1\n|-damage|p1a: Charizard|22/100\n|-supereffective|p1a: Charizard|1\n|-damage|p1a: Charizard|3/100\n|-supereffective|p1a: Charizard|1\n|-crit|p1a: Charizard\n|-damage|p1a: Charizard|0 fnt\n|faint|p1a: Charizard\n|-hitcount|p1: Charizard|4\n|move|p1b: Whimsicott|Moonblast|p2b: Jiraiya\n|-damage|p2b: Jiraiya|51/100\n|\n|-weather|Snowscape|[upkeep]\n|-end|p1b: Whimsicott|move: Taunt\n|-sideend|p1: Thornlace48812|move: Tailwind\n|upkeep\n|turn|9\n|\n|t:|1788272109\n|move|p2b: Jiraiya|Protect|p2b: Jiraiya\n|-singleturn|p2b: Jiraiya|Protect\n|move|p1b: Whimsicott|Moonblast|p2b: Jiraiya\n|-activate|p2b: Jiraiya|move: Protect\n|\n|-weather|Snowscape|[upkeep]\n|-sideend|p2: bruetc60|move: Tailwind\n|upkeep\n|turn|10\n|\n|t:|1788272113\n|move|p2b: Jiraiya|Blizzard|p1b: Whimsicott\n|-supereffective|p1b: Whimsicott|1\n|-enditem|p1b: Whimsicott|Focus Sash\n|-damage|p1b: Whimsicott|1/100\n|move|p1b: Whimsicott|Moonblast|p2b: Jiraiya\n|-damage|p2b: Jiraiya|0 fnt\n|faint|p2b: Jiraiya\n|\n|win|Thornlace48812\n|raw|Thornlace48812's rating: 1087 &rarr; <strong>1111</strong><br />(+24 for winning)\n|raw|bruetc60's rating: 1045 &rarr; <strong>1030</strong><br />(-15 for losing)\n","uploadtime":1788272113,"views":"0","formatid":"gen9championsvgc2026regmb","rating":1030,"private":0,"password":null}