{"id":"gen9championsvgc2026regmb-2673882775","format":"[Gen 9 Champions] VGC 2026 Reg M-B","players":["LNLZMZT","NegaiFreak"],"log":"|j|☆LNLZMZT\n|j|☆NegaiFreak\n|t:|1788272665\n|gametype|doubles\n|player|p1|LNLZMZT|wallace|1332\n|player|p2|NegaiFreak|101|1357\n|gen|9\n|tier|[Gen 9 Champions] VGC 2026 Reg M-B\n|rated|\n|rule|Species Clause: Limit one of each Pokémon\n|rule|Item Clause: Limit 1 of each item\n|clearpoke\n|poke|p1|Basculegion, L50, M|\n|poke|p1|Garchomp, L50, M|\n|poke|p1|Aerodactyl, L50, F|\n|poke|p1|Charizard, L50, M|\n|poke|p1|Kingambit, L50, F|\n|poke|p1|Sylveon, L50, F|\n|poke|p2|Pelipper, L50, F|\n|poke|p2|Tinkaton, L50, F|\n|poke|p2|Sneasler, L50, M|\n|poke|p2|Sinistcha, L50|\n|poke|p2|Blastoise, L50, M|\n|poke|p2|Farigiraf, L50, M|\n|teampreview|4\n|inactive|Battle timer is ON: inactive players will automatically lose when time's up. (requested by NegaiFreak)\n|inactive|LNLZMZT has 60 seconds left.\n|\n|t:|1788272716\n|teamsize|p1|4\n|teamsize|p2|4\n|start\n|switch|p1a: RNG|Aerodactyl, L50, F|100/100\n|switch|p1b: Chompers|Garchomp, L50, M|100/100\n|switch|p2a: Sneasler|Sneasler, L50, M|100/100\n|switch|p2b: Blastoise|Blastoise, L50, M|100/100\n|-ability|p1a: RNG|Unnerve\n|turn|1\n|inactive|LNLZMZT has 30 seconds left.\n|\n|t:|1788272744\n|detailschange|p2b: Blastoise|Blastoise-Mega, L50, M\n|-mega|p2b: Blastoise|Blastoise|Blastoisinite\n|move|p1a: RNG|Wide Guard|p1a: RNG\n|-singleturn|p1a: RNG|Wide Guard\n|move|p2a: Sneasler|Fake Out|p1a: RNG\n|-resisted|p1a: RNG|1\n|-damage|p1a: RNG|87/100\n|move|p1b: Chompers|Earthquake|p2a: Sneasler|[spread] p2a,p2b\n|-activate|p1a: RNG|move: Wide Guard\n|-supereffective|p2a: Sneasler|1\n|-damage|p2a: Sneasler|0 fnt\n|-damage|p2b: Blastoise|70/100\n|faint|p2a: Sneasler\n|move|p2b: Blastoise|Shell Smash|p2b: Blastoise\n|-unboost|p2b: Blastoise|def|1\n|-unboost|p2b: Blastoise|spd|1\n|-boost|p2b: Blastoise|atk|2\n|-boost|p2b: Blastoise|spa|2\n|-boost|p2b: Blastoise|spe|2\n|\n|upkeep\n|\n|t:|1788272758\n|switch|p2a: Pelipper|Pelipper, L50, F|100/100\n|-weather|RainDance|[from] ability: Drizzle|[of] p2a: Pelipper\n|turn|2\n|\n|t:|1788272775\n|move|p2b: Blastoise|Protect|p2b: Blastoise\n|-singleturn|p2b: Blastoise|Protect\n|move|p1a: RNG|Tailwind|p1a: RNG\n|-sidestart|p1: LNLZMZT|move: Tailwind\n|move|p1b: Chompers|Dragon Claw|p2b: Blastoise\n|-activate|p2b: Blastoise|move: Protect\n|move|p2a: Pelipper|Weather Ball|p1a: RNG\n|-supereffective|p1a: RNG|1\n|-damage|p1a: RNG|0 fnt\n|faint|p1a: RNG\n|\n|-weather|RainDance|[upkeep]\n|upkeep\n|\n|t:|1788272792\n|switch|p1a: Zardslop|Charizard, L50, M|100/100\n|turn|3\n|\n|t:|1788272814\n|switch|p2a: Sinistcha|Sinistcha, L50|100/100\n|-heal|p2b: Blastoise|95/100|[from] ability: Hospitality|[of] p2a: Sinistcha\n|detailschange|p1a: Zardslop|Charizard-Mega-Y, L50, M\n|-mega|p1a: Zardslop|Charizard|Charizardite Y\n|-weather|SunnyDay|[from] ability: Drought|[of] p1a: Zardslop\n|move|p2b: Blastoise|Protect|p2b: Blastoise\n|-singleturn|p2b: Blastoise|Protect\n|move|p1b: Chompers|Rock Slide|p2a: Sinistcha|[spread] \n|-activate|p2b: Blastoise|move: Protect\n|-miss|p1b: Chompers|p2a: Sinistcha\n|move|p1a: Zardslop|Solar Beam||[still]\n|-prepare|p1a: Zardslop|Solar Beam\n|-anim|p1a: Zardslop|Solar Beam|p2b: Blastoise\n|-activate|p2b: Blastoise|move: Protect\n|\n|-weather|SunnyDay|[upkeep]\n|upkeep\n|turn|4\n|inactive|NegaiFreak has 30 seconds left.\n|inactive|LNLZMZT has 30 seconds left.\n|inactive|LNLZMZT has 20 seconds left.\n|inactive|LNLZMZT has 15 seconds left.\n|\n|t:|1788272864\n|switch|p1a: Last respects|Basculegion, L50, M|100/100\n|switch|p2a: Pelipper|Pelipper, L50, F|100/100\n|-weather|RainDance|[from] ability: Drizzle|[of] p2a: Pelipper\n|move|p1b: Chompers|Rock Slide|p2b: Blastoise|[spread] p2a\n|-miss|p1b: Chompers|p2b: Blastoise\n|-supereffective|p2a: Pelipper|1\n|-damage|p2a: Pelipper|48/100\n|move|p2b: Blastoise|Water Spout|p1b: Chompers|[spread] p1a,p1b\n|-resisted|p1a: Last respects|1\n|-damage|p1a: Last respects|3/100\n|-damage|p1b: Chompers|0 fnt\n|faint|p1b: Chompers\n|\n|-weather|RainDance|[upkeep]\n|upkeep\n|\n|t:|1788272878\n|switch|p1b: Zardslop|Charizard-Mega-Y, L50, M|100/100\n|-weather|SunnyDay|[from] ability: Drought|[of] p1b: Zardslop\n|turn|5\n|\n|t:|1788272886\n|switch|p2a: Sinistcha|Sinistcha, L50|100/100\n|-heal|p2b: Blastoise|100/100|[from] ability: Hospitality|[of] p2a: Sinistcha\n|move|p2b: Blastoise|Protect|p2b: Blastoise\n|-singleturn|p2b: Blastoise|Protect\n|move|p1b: Zardslop|Heat Wave|p2a: Sinistcha|[spread] p2a\n|-activate|p2b: Blastoise|move: Protect\n|-supereffective|p2a: Sinistcha|1\n|-damage|p2a: Sinistcha|0 fnt\n|faint|p2a: Sinistcha\n|move|p1a: Last respects|Last Respects|p2b: Blastoise\n|-activate|p2b: Blastoise|move: Protect\n|\n|-weather|SunnyDay|[upkeep]\n|-sideend|p1: LNLZMZT|move: Tailwind\n|upkeep\n|\n|t:|1788272902\n|switch|p2a: Pelipper|Pelipper, L50, F|48/100\n|-weather|RainDance|[from] ability: Drizzle|[of] p2a: Pelipper\n|turn|6\n|\n|t:|1788272917\n|move|p1b: Zardslop|Protect|p1b: Zardslop\n|-singleturn|p1b: Zardslop|Protect\n|move|p1a: Last respects|Aqua Jet|p2b: Blastoise\n|-resisted|p2b: Blastoise|1\n|-damage|p2b: Blastoise|71/100\n|move|p2b: Blastoise|Water Spout|p1b: Zardslop|[spread] p1a\n|-activate|p1b: Zardslop|move: Protect\n|-resisted|p1a: Last respects|1\n|-damage|p1a: Last respects|0 fnt\n|faint|p1a: Last respects\n|move|p2a: Pelipper|Hurricane|p1b: Zardslop\n|-activate|p1b: Zardslop|move: Protect\n|\n|-weather|RainDance|[upkeep]\n|upkeep\n|turn|7\n|\n|t:|1788272941\n|move|p2b: Blastoise|Water Spout|p1b: Zardslop\n|-supereffective|p1b: Zardslop|1\n|-crit|p1b: Zardslop\n|-damage|p1b: Zardslop|0 fnt\n|faint|p1b: Zardslop\n|\n|win|NegaiFreak\n|raw|LNLZMZT's rating: 1332 &rarr; <strong>1313</strong><br />(-19 for losing)\n|raw|NegaiFreak's rating: 1357 &rarr; <strong>1376</strong><br />(+19 for winning)\n|c|☆NegaiFreak|GG, WP\n","uploadtime":1788272954,"views":"1","formatid":"gen9championsvgc2026regmb","rating":1313,"private":0,"password":null}