{"id":"gen9championsvgc2026regmb-2674772679","format":"[Gen 9 Champions] VGC 2026 Reg M-B","players":["GenericEdgeLrd","wlewisVGC"],"log":"|j|☆GenericEdgeLrd\n|j|☆wlewisVGC\n|t:|1788403941\n|gametype|doubles\n|player|p1|GenericEdgeLrd|gentleman-gen4|1118\n|player|p2|wlewisVGC|cyrus|1191\n|gen|9\n|tier|[Gen 9 Champions] VGC 2026 Reg M-B\n|rated|\n|rule|Species Clause: Limit one of each Pokémon\n|rule|Item Clause: Limit 1 of each item\n|clearpoke\n|poke|p1|Swampert, L50, F, shiny|\n|poke|p1|Archaludon, L50, F|\n|poke|p1|Sableye, L50, M|\n|poke|p1|Farigiraf, L50, F|\n|poke|p1|Sinistcha, L50|\n|poke|p1|Aggron, L50, F|\n|poke|p2|Whimsicott, L50, M|\n|poke|p2|Staraptor, L50, M|\n|poke|p2|Garchomp, L50, F|\n|poke|p2|Gholdengo, L50|\n|poke|p2|Basculegion, L50, M|\n|poke|p2|Typhlosion-Hisui, L50, F|\n|teampreview|4\n|inactive|Battle timer is ON: inactive players will automatically lose when time's up. (requested by GenericEdgeLrd)\n|\n|t:|1788403967\n|teamsize|p1|4\n|teamsize|p2|4\n|start\n|switch|p1a: Swampert|Swampert, L50, F, shiny|100/100\n|switch|p1b: Sableye|Sableye, L50, M|100/100\n|switch|p2a: Whimsicott|Whimsicott, L50, M|100/100\n|switch|p2b: Staraptor|Staraptor, L50, M|100/100\n|-ability|p2b: Staraptor|Intimidate|boost\n|-unboost|p1a: Swampert|atk|1\n|-unboost|p1b: Sableye|atk|1\n|turn|1\n|\n|t:|1788403981\n|detailschange|p1a: Swampert|Swampert-Mega, L50, F, shiny\n|-mega|p1a: Swampert|Swampert|Swampertite\n|move|p1b: Sableye|Rain Dance|p1b: Sableye\n|-weather|RainDance\n|move|p1a: Swampert|Wave Crash|p2b: Staraptor\n|-damage|p2b: Staraptor|0 fnt\n|faint|p2b: Staraptor\n|-damage|p1a: Swampert|72/100|[from] Recoil\n|move|p2a: Whimsicott|Moonblast|p1b: Sableye\n|-supereffective|p1b: Sableye|1\n|-damage|p1b: Sableye|18/100\n|\n|-weather|RainDance|[upkeep]\n|upkeep\n|\n|t:|1788403992\n|switch|p2b: Garchomp|Garchomp, L50, F|100/100\n|turn|2\n|\n|t:|1788404003\n|switch|p1a: Sinistcha|Sinistcha, L50|100/100\n|-heal|p1b: Sableye|43/100|[from] ability: Hospitality|[of] p1a: Sinistcha\n|move|p1b: Sableye|Will-O-Wisp|p2b: Garchomp\n|-status|p2b: Garchomp|brn\n|move|p2a: Whimsicott|Moonblast|p1b: Sableye\n|-supereffective|p1b: Sableye|1\n|-damage|p1b: Sableye|0 fnt\n|faint|p1b: Sableye\n|move|p2b: Garchomp|Dragon Claw|p1a: Sinistcha\n|-damage|p1a: Sinistcha|86/100\n|\n|-weather|RainDance|[upkeep]\n|-damage|p2b: Garchomp|93/100 brn|[from] brn\n|upkeep\n|\n|t:|1788404005\n|switch|p1b: Swampert|Swampert-Mega, L50, F, shiny|72/100\n|turn|3\n|inactive|wlewisVGC has 30 seconds left.\n|\n|t:|1788404040\n|move|p2a: Whimsicott|Tickle|p1b: Swampert\n|-unboost|p1b: Swampert|atk|1\n|-unboost|p1b: Swampert|def|1\n|move|p1b: Swampert|Ice Punch|p2b: Garchomp\n|-supereffective|p2b: Garchomp|2\n|-damage|p2b: Garchomp|0 fnt\n|-damage|p1b: Swampert|60/100|[from] ability: Rough Skin|[of] p2b: Garchomp\n|faint|p2b: Garchomp\n|move|p1a: Sinistcha|Matcha Gotcha|p2a: Whimsicott\n|-resisted|p2a: Whimsicott|1\n|-damage|p2a: Whimsicott|72/100\n|-heal|p1a: Sinistcha|100/100|[from] drain|[of] p2a: Whimsicott\n|\n|-weather|RainDance|[upkeep]\n|upkeep\n|\n|t:|1788404053\n|switch|p2b: Basculegion|Basculegion, L50, M|100/100\n|turn|4\n|\n|t:|1788404068\n|switch|p1b: Archaludon|Archaludon, L50, F|100/100\n|move|p2a: Whimsicott|Tailwind|p2a: Whimsicott\n|-sidestart|p2: wlewisVGC|move: Tailwind\n|move|p2b: Basculegion|Last Respects|p1a: Sinistcha\n|-supereffective|p1a: Sinistcha|1\n|-crit|p1a: Sinistcha\n|-damage|p1a: Sinistcha|0 fnt\n|faint|p1a: Sinistcha\n|\n|-weather|RainDance|[upkeep]\n|upkeep\n|\n|t:|1788404070\n|switch|p1a: Swampert|Swampert-Mega, L50, F, shiny|60/100\n|turn|5\n|\n|t:|1788404089\n|move|p2a: Whimsicott|Tickle|p1a: Swampert\n|-unboost|p1a: Swampert|atk|1\n|-unboost|p1a: Swampert|def|1\n|move|p2b: Basculegion|Last Respects|p1a: Swampert\n|-damage|p1a: Swampert|0 fnt\n|faint|p1a: Swampert\n|move|p1b: Archaludon|Electro Shot||[still]\n|-prepare|p1b: Archaludon|Electro Shot\n|-boost|p1b: Archaludon|spa|1\n|-anim|p1b: Archaludon|Electro Shot|p2b: Basculegion\n|-supereffective|p2b: Basculegion|1\n|-damage|p2b: Basculegion|0 fnt\n|faint|p2b: Basculegion\n|\n|-weather|none\n|upkeep\n|turn|6\n|\n|t:|1788404104\n|move|p2a: Whimsicott|Fake Tears|p1b: Archaludon\n|-unboost|p1b: Archaludon|spd|2\n|move|p1b: Archaludon|Flash Cannon|p2a: Whimsicott\n|-supereffective|p2a: Whimsicott|1\n|-damage|p2a: Whimsicott|0 fnt\n|faint|p2a: Whimsicott\n|\n|win|GenericEdgeLrd\n|raw|GenericEdgeLrd's rating: 1118 &rarr; <strong>1148</strong><br />(+30 for winning)\n|raw|wlewisVGC's rating: 1191 &rarr; <strong>1161</strong><br />(-30 for losing)\n|l|☆wlewisVGC\n|player|p2|\n","uploadtime":1788404115,"views":"1","formatid":"gen9championsvgc2026regmb","rating":1148,"private":0,"password":null}