{"id":"gen9championsvgc2026regmbbo3-2674466794","format":"[Gen 9 Champions] VGC 2026 Reg M-B (Bo3)","players":["thenamenottaken","simioini"],"log":"|j|☆thenamenottaken\n|j|☆simioini\n|html|<table width=\"100%\"><tr><td align=\"left\">thenamenottaken</td><td align=\"right\">simioini</tr><tr><td align=\"left\"><i class=\"fa fa-circle-o\"></i> <i class=\"fa fa-circle-o\"></i> </td><td align=\"right\"><i class=\"fa fa-circle-o\"></i> <i class=\"fa fa-circle-o\"></i> </tr></table>\n|uhtml|bestof|<h2><strong>Game 1</strong> of <a href=\"/game-bestof3-gen9championsvgc2026regmbbo3-2674466793\">a best-of-3</a></h2>\n|t:|1788363187\n|gametype|doubles\n|player|p1|thenamenottaken|101|1225\n|player|p2|simioini|101|1339\n|gen|9\n|tier|[Gen 9 Champions] VGC 2026 Reg M-B (Bo3)\n|rated|\n|rule|Species Clause: Limit one of each Pokémon\n|rule|Item Clause: Limit 1 of each item\n|clearpoke\n|poke|p1|Sinistcha, L50|\n|poke|p1|Incineroar, L50, F|\n|poke|p1|Milotic, L50, F|\n|poke|p1|Raichu, L50, M|\n|poke|p1|Floette-Eternal, L50, F|\n|poke|p1|Ceruledge, L50, M|\n|poke|p2|Charizard, L50, F|\n|poke|p2|Whimsicott, L50, M|\n|poke|p2|Garchomp, L50, M|\n|poke|p2|Floette-Eternal, L50, F|\n|poke|p2|Kingambit, L50, F|\n|poke|p2|Basculegion, L50, M|\n|teampreview|4\n|showteam|p1|Sinistcha||KasibBerry|Hospitality|MatchaGotcha,LifeDew,RagePowder,Protect|Relaxed|||||50|]Incineroar||SitrusBerry|Intimidate|FlareBlitz,ThroatChop,FakeOut,PartingShot|Impish||F|||50|]Milotic||Leftovers|Competitive|MuddyWater,Coil,Hypnosis,Protect|Calm||F|||50|]Raichu||RaichuniteY|LightningRod|ZapCannon,FocusBlast,FakeOut,Protect|Timid||M|||50|]Floette-Eternal||Floettite|FlowerVeil|DazzlingGleam,DrainingKiss,CalmMind,Protect|Timid||F|||50|]Ceruledge||ColburBerry|FlashFire|BitterBlade,ShadowSneak,BulkUp,Protect|Adamant||M|||50|\n|showteam|p2|Charizard||CharizarditeY|Blaze|HeatWave,WeatherBall,AncientPower,Protect|Timid||F|||50|]Whimsicott||FocusSash|Prankster|Moonblast,Tailwind,Encore,Protect|Timid||M|||50|]Garchomp||SitrusBerry|RoughSkin|Earthquake,DragonClaw,RockSlide,Protect|Jolly||M|||50|]Floette-Eternal||Floettite|FlowerVeil|DazzlingGleam,Moonblast,LightofRuin,Protect|Modest||F|||50|]Kingambit||OccaBerry|Defiant|KowtowCleave,IronHead,SuckerPunch,LowKick|Adamant||F|||50|]Basculegion||LifeOrb|Adaptability|WaveCrash,LastRespects,AquaJet,Protect|Adamant||M|||50|\n|\n|t:|1788363234\n|teamsize|p1|4\n|teamsize|p2|4\n|start\n|switch|p1a: Ceruledge|Ceruledge, L50, M|100/100\n|switch|p1b: Raichu|Raichu, L50, M|100/100\n|switch|p2a: Floette|Floette-Eternal, L50, F|100/100\n|switch|p2b: Whimsicott|Whimsicott, L50, M|100/100\n|turn|1\n|\n|t:|1788363253\n|switch|p1b: Incineroar|Incineroar, L50, F|100/100\n|-ability|p1b: Incineroar|Intimidate|boost\n|-unboost|p2a: Floette|atk|1\n|-block|p2b: Whimsicott|ability: Flower Veil|[of] p2a: Floette\n|switch|p2a: Garchomp|Garchomp, L50, M|100/100\n|move|p2b: Whimsicott|Protect|p2b: Whimsicott\n|-singleturn|p2b: Whimsicott|Protect\n|move|p1a: Ceruledge|Bulk Up|p1a: Ceruledge\n|-boost|p1a: Ceruledge|atk|1\n|-boost|p1a: Ceruledge|def|1\n|\n|upkeep\n|turn|2\n|\n|t:|1788363293\n|move|p1b: Incineroar|Fake Out|p2a: Garchomp\n|-damage|p2a: Garchomp|90/100\n|-damage|p1b: Incineroar|87/100|[from] ability: Rough Skin|[of] p2a: Garchomp\n|move|p2b: Whimsicott|Encore|p1a: Ceruledge\n|-start|p1a: Ceruledge|Encore\n|cant|p2a: Garchomp|flinch\n|move|p1a: Ceruledge|Bulk Up|p1a: Ceruledge\n|-boost|p1a: Ceruledge|atk|1\n|-boost|p1a: Ceruledge|def|1\n|\n|upkeep\n|turn|3\n|\n|t:|1788363308\n|move|p2b: Whimsicott|Moonblast|p1b: Incineroar\n|-damage|p1b: Incineroar|53/100\n|move|p2a: Garchomp|Earthquake|p1b: Incineroar|[spread] p2b,p1a,p1b\n|-resisted|p2b: Whimsicott|1\n|-supereffective|p1a: Ceruledge|1\n|-supereffective|p1b: Incineroar|1\n|-damage|p2b: Whimsicott|75/100\n|-damage|p1a: Ceruledge|59/100\n|-damage|p1b: Incineroar|7/100\n|-enditem|p1b: Incineroar|Sitrus Berry|[eat]\n|-heal|p1b: Incineroar|32/100|[from] item: Sitrus Berry\n|move|p1a: Ceruledge|Bulk Up|p1a: Ceruledge\n|-boost|p1a: Ceruledge|atk|1\n|-boost|p1a: Ceruledge|def|1\n|move|p1b: Incineroar|Parting Shot|p2a: Garchomp\n|-unboost|p2a: Garchomp|atk|1\n|-unboost|p2a: Garchomp|spa|1\n|\n|t:|1788363319\n|switch|p1b: Sinistcha|Sinistcha, L50|100/100|[from] Parting Shot\n|-heal|p1a: Ceruledge|83/100|[from] ability: Hospitality|[of] p1b: Sinistcha\n|\n|upkeep\n|turn|4\n|\n|t:|1788363339\n|switch|p2a: Basculegion|Basculegion, L50, M|100/100\n|switch|p1b: Incineroar|Incineroar, L50, F|32/100\n|-ability|p1b: Incineroar|Intimidate|boost\n|-unboost|p2a: Basculegion|atk|1\n|-unboost|p2b: Whimsicott|atk|1\n|move|p2b: Whimsicott|Moonblast|p1b: Incineroar\n|-damage|p1b: Incineroar|2/100\n|move|p1a: Ceruledge|Bulk Up|p1a: Ceruledge\n|-boost|p1a: Ceruledge|atk|1\n|-boost|p1a: Ceruledge|def|1\n|\n|-end|p1a: Ceruledge|Encore\n|upkeep\n|turn|5\n|\n|t:|1788363358\n|move|p2b: Whimsicott|Protect|p2b: Whimsicott\n|-singleturn|p2b: Whimsicott|Protect\n|move|p2a: Basculegion|Protect|p2a: Basculegion\n|-singleturn|p2a: Basculegion|Protect\n|move|p1b: Incineroar|Fake Out|p2b: Whimsicott\n|-activate|p2b: Whimsicott|move: Protect\n|move|p1a: Ceruledge|Shadow Sneak|p2a: Basculegion\n|-activate|p2a: Basculegion|move: Protect\n|\n|upkeep\n|turn|6\n|\n|t:|1788363369\n|switch|p1b: Sinistcha|Sinistcha, L50|100/100\n|-heal|p1a: Ceruledge|100/100|[from] ability: Hospitality|[of] p1b: Sinistcha\n|move|p2b: Whimsicott|Tailwind|p2b: Whimsicott\n|-sidestart|p2: simioini|move: Tailwind\n|move|p1a: Ceruledge|Shadow Sneak|p2a: Basculegion\n|-supereffective|p2a: Basculegion|1\n|-damage|p2a: Basculegion|0 fnt\n|faint|p2a: Basculegion\n|\n|upkeep\n|\n|t:|1788363378\n|switch|p2a: Floette|Floette-Eternal, L50, F|100/100\n|turn|7\n|\n|t:|1788363387\n|detailschange|p2a: Floette|Floette-Mega, L50, F\n|-mega|p2a: Floette|Floette|Floettite\n|-ability|p2a: Floette|Fairy Aura\n|move|p1b: Sinistcha|Rage Powder|p1b: Sinistcha\n|-singleturn|p1b: Sinistcha|move: Rage Powder\n|move|p2b: Whimsicott|Moonblast|p1a: Ceruledge\n|-resisted|p1a: Ceruledge|1\n|-damage|p1a: Ceruledge|76/100\n|move|p2a: Floette|Dazzling Gleam|p1a: Ceruledge|[spread] p1a,p1b\n|-resisted|p1a: Ceruledge|1\n|-damage|p1a: Ceruledge|50/100g\n|-damage|p1b: Sinistcha|50/100g\n|move|p1a: Ceruledge|Bitter Blade|p2a: Floette\n|-damage|p2a: Floette|0 fnt\n|-heal|p1a: Ceruledge|96/100|[from] drain|[of] p2a: Floette\n|faint|p2a: Floette\n|\n|upkeep\n|\n|t:|1788363398\n|switch|p2a: Garchomp|Garchomp, L50, M|90/100\n|turn|8\n|\n|t:|1788363409\n|move|p2b: Whimsicott|Moonblast|p1b: Sinistcha\n|-damage|p1b: Sinistcha|17/100\n|move|p2a: Garchomp|Rock Slide|p1a: Ceruledge|[spread] p1a,p1b\n|-supereffective|p1a: Ceruledge|1\n|-damage|p1a: Ceruledge|83/100\n|-damage|p1b: Sinistcha|3/100\n|move|p1a: Ceruledge|Bitter Blade|p2a: Garchomp\n|-resisted|p2a: Garchomp|1\n|-damage|p2a: Garchomp|31/100\n|-heal|p1a: Ceruledge|100/100|[from] drain|[of] p2a: Garchomp\n|-damage|p1a: Ceruledge|87/100|[from] ability: Rough Skin|[of] p2a: Garchomp\n|-enditem|p2a: Garchomp|Sitrus Berry|[eat]\n|-heal|p2a: Garchomp|56/100|[from] item: Sitrus Berry\n|move|p1b: Sinistcha|Matcha Gotcha|p2b: Whimsicott|[spread] p2a,p2b\n|-resisted|p2b: Whimsicott|1\n|-damage|p2a: Garchomp|31/100\n|-heal|p1b: Sinistcha|18/100|[from] drain|[of] p2a: Garchomp\n|-damage|p2b: Whimsicott|54/100\n|-heal|p1b: Sinistcha|26/100|[from] drain|[of] p2b: Whimsicott\n|-status|p2b: Whimsicott|brn\n|\n|-damage|p2b: Whimsicott|48/100 brn|[from] brn\n|upkeep\n|turn|9\n|\n|t:|1788363422\n|move|p1a: Ceruledge|Shadow Sneak|p2a: Garchomp\n|-damage|p2a: Garchomp|0 fnt\n|-damage|p1a: Ceruledge|75/100|[from] ability: Rough Skin|[of] p2a: Garchomp\n|faint|p2a: Garchomp\n|move|p2b: Whimsicott|Moonblast|p1a: Ceruledge\n|-resisted|p1a: Ceruledge|1\n|-damage|p1a: Ceruledge|58/100\n|move|p1b: Sinistcha|Life Dew|p1b: Sinistcha|[spread] p1a,p1b\n|-heal|p1a: Ceruledge|82/100\n|-heal|p1b: Sinistcha|52/100\n|\n|-damage|p2b: Whimsicott|42/100 brn|[from] brn\n|-sideend|p2: simioini|move: Tailwind\n|upkeep\n|turn|10\n|\n|t:|1788363431\n|move|p2b: Whimsicott|Encore|p1a: Ceruledge\n|-start|p1a: Ceruledge|Encore\n|move|p1a: Ceruledge|Shadow Sneak|p2b: Whimsicott\n|-damage|p2b: Whimsicott|0 fnt\n|faint|p2b: Whimsicott\n|\n|win|thenamenottaken\n","uploadtime":1788363431,"views":"4","formatid":"gen9championsvgc2026regmbbo3","rating":null,"private":0,"password":null}