{"id":"gen9championsvgc2026regmb-2674040751","format":"[Gen 9 Champions] VGC 2026 Reg M-B","players":["ScraggyFan","MilkTeaWayGalaxy"],"log":"|j|‽ScraggyFan\n|j|☆MilkTeaWayGalaxy\n|t:|1788291488\n|gametype|doubles\n|player|p1|ScraggyFan|101|1637\n|player|p2|MilkTeaWayGalaxy|rosa-pokestar3|1689\n|gen|9\n|tier|[Gen 9 Champions] VGC 2026 Reg M-B\n|rated|\n|rule|Species Clause: Limit one of each Pokémon\n|rule|Item Clause: Limit 1 of each item\n|clearpoke\n|poke|p1|Archaludon, L50, M|\n|poke|p1|Dragonite, L50, F|\n|poke|p1|Sinistcha, L50|\n|poke|p1|Politoed, L50, M|\n|poke|p1|Sableye, L50, F, shiny|\n|poke|p1|Venusaur, L50, M|\n|poke|p2|Sableye, L50, F|\n|poke|p2|Archaludon, L50, M|\n|poke|p2|Pelipper, L50, F|\n|poke|p2|Maushold, L50|\n|poke|p2|Swampert, L50, M|\n|poke|p2|Sinistcha, L50|\n|teampreview|4\n|inactive|Battle timer is ON: inactive players will automatically lose when time's up. (requested by ScraggyFan)\n|inactive|MilkTeaWayGalaxy has 60 seconds left.\n|\n|t:|1788291530\n|teamsize|p1|4\n|teamsize|p2|4\n|start\n|switch|p1a: Venusaur|Venusaur, L50, M|100/100\n|switch|p1b: Sableye|Sableye, L50, F, shiny|100/100\n|switch|p2a: Sableye|Sableye, L50, F|100/100\n|switch|p2b: Maushold|Maushold, L50|100/100\n|turn|1\n|\n|t:|1788291553\n|switch|p2b: Archaludon|Archaludon, L50, M|100/100\n|switch|p1a: Archaludon|Archaludon, L50, M|100/100\n|move|p2a: Sableye|Light Screen|p2a: Sableye\n|-sidestart|p2: MilkTeaWayGalaxy|move: Light Screen\n|move|p1b: Sableye|Will-O-Wisp|p2b: Archaludon\n|-status|p2b: Archaludon|brn\n|\n|-damage|p2b: Archaludon|93/100 brn|[from] brn\n|upkeep\n|turn|2\n|\n|t:|1788291575\n|move|p1b: Sableye|Light Screen|p1b: Sableye\n|-sidestart|p1: ScraggyFan|move: Light Screen\n|move|p2a: Sableye|Rain Dance|p2a: Sableye\n|-weather|RainDance\n|move|p1a: Archaludon|Dragon Pulse|p2b: Archaludon\n|-damage|p2b: Archaludon|64/100 brn\n|-ability|p2b: Archaludon|Stamina|boost\n|-boost|p2b: Archaludon|def|1\n|move|p2b: Archaludon|Electro Shot||[still]\n|-prepare|p2b: Archaludon|Electro Shot\n|-boost|p2b: Archaludon|spa|1\n|-anim|p2b: Archaludon|Electro Shot|p1a: Archaludon\n|-resisted|p1a: Archaludon|1\n|-damage|p1a: Archaludon|76/100\n|-ability|p1a: Archaludon|Stamina|boost\n|-boost|p1a: Archaludon|def|1\n|\n|-weather|RainDance|[upkeep]\n|-heal|p1a: Archaludon|82/100|[from] item: Leftovers\n|-heal|p2b: Archaludon|71/100 brn|[from] item: Leftovers\n|-damage|p2b: Archaludon|64/100 brn|[from] brn\n|upkeep\n|turn|3\n|\n|t:|1788291592\n|switch|p1b: Sinistcha|Sinistcha, L50|100/100\n|-heal|p1a: Archaludon|100/100|[from] ability: Hospitality|[of] p1b: Sinistcha\n|switch|p2a: Sinistcha|Sinistcha, L50|100/100\n|-heal|p2b: Archaludon|89/100 brn|[from] ability: Hospitality|[of] p2a: Sinistcha\n|move|p1a: Archaludon|Electro Shot||[still]\n|-prepare|p1a: Archaludon|Electro Shot\n|-boost|p1a: Archaludon|spa|1\n|-anim|p1a: Archaludon|Electro Shot|p2a: Sinistcha\n|-resisted|p2a: Sinistcha|1\n|-damage|p2a: Sinistcha|81/100\n|move|p2b: Archaludon|Electro Shot||[still]\n|-prepare|p2b: Archaludon|Electro Shot\n|-boost|p2b: Archaludon|spa|1\n|-anim|p2b: Archaludon|Electro Shot|p1a: Archaludon\n|-resisted|p1a: Archaludon|1\n|-damage|p1a: Archaludon|73/100\n|-ability|p1a: Archaludon|Stamina|boost\n|-boost|p1a: Archaludon|def|1\n|\n|-weather|RainDance|[upkeep]\n|-heal|p1a: Archaludon|79/100|[from] item: Leftovers\n|-heal|p2b: Archaludon|95/100 brn|[from] item: Leftovers\n|-damage|p2b: Archaludon|89/100 brn|[from] brn\n|upkeep\n|turn|4\n|j| GoPlayCatch\n|\n|t:|1788291621\n|switch|p1b: Venusaur|Venusaur, L50, M|100/100\n|move|p2a: Sinistcha|Rage Powder|p2a: Sinistcha\n|-singleturn|p2a: Sinistcha|move: Rage Powder\n|move|p1a: Archaludon|Electro Shot||[still]\n|-prepare|p1a: Archaludon|Electro Shot\n|-boost|p1a: Archaludon|spa|1\n|-anim|p1a: Archaludon|Electro Shot|p2a: Sinistcha\n|-resisted|p2a: Sinistcha|1\n|-damage|p2a: Sinistcha|57/100\n|move|p2b: Archaludon|Electro Shot||[still]\n|-prepare|p2b: Archaludon|Electro Shot\n|-boost|p2b: Archaludon|spa|1\n|-anim|p2b: Archaludon|Electro Shot|p1a: Archaludon\n|-resisted|p1a: Archaludon|1\n|-damage|p1a: Archaludon|41/100\n|-ability|p1a: Archaludon|Stamina|boost\n|-boost|p1a: Archaludon|def|1\n|\n|-weather|RainDance|[upkeep]\n|-heal|p1a: Archaludon|47/100|[from] item: Leftovers\n|-heal|p2b: Archaludon|95/100 brn|[from] item: Leftovers\n|-damage|p2b: Archaludon|89/100 brn|[from] brn\n|upkeep\n|turn|5\n|\n|t:|1788291643\n|switch|p1b: Sinistcha|Sinistcha, L50|100/100\n|-heal|p1a: Archaludon|72/100|[from] ability: Hospitality|[of] p1b: Sinistcha\n|switch|p2a: Sableye|Sableye, L50, F|100/100\n|move|p1a: Archaludon|Electro Shot||[still]\n|-prepare|p1a: Archaludon|Electro Shot\n|-boost|p1a: Archaludon|spa|1\n|-anim|p1a: Archaludon|Electro Shot|p2b: Archaludon\n|-resisted|p2b: Archaludon|1\n|-damage|p2b: Archaludon|56/100 brn\n|-ability|p2b: Archaludon|Stamina|boost\n|-boost|p2b: Archaludon|def|1\n|move|p2b: Archaludon|Dragon Pulse|p1a: Archaludon\n|-crit|p1a: Archaludon\n|-damage|p1a: Archaludon|0 fnt\n|faint|p1a: Archaludon\n|\n|-weather|RainDance|[upkeep]\n|-heal|p2b: Archaludon|62/100 brn|[from] item: Leftovers\n|-damage|p2b: Archaludon|56/100 brn|[from] brn\n|upkeep\n|inactive|ScraggyFan has 30 seconds left.\n|inactive|ScraggyFan has 20 seconds left.\n|inactive|ScraggyFan has 15 seconds left.\n|inactive|ScraggyFan has 10 seconds left.\n|inactive|ScraggyFan has 5 seconds left.\n|\n|t:|1788291697\n|switch|p1a: Venusaur|Venusaur, L50, M|100/100\n|turn|6\n|inactive|ScraggyFan has 30 seconds left.\n|inactive|ScraggyFan has 20 seconds left.\n|inactive|ScraggyFan has 15 seconds left.\n|inactive|ScraggyFan has 10 seconds left.\n|inactive|ScraggyFan has 5 seconds left.\n|\n|t:|1788291750\n|switch|p2a: Sinistcha|Sinistcha, L50|57/100\n|-heal|p2b: Archaludon|81/100 brn|[from] ability: Hospitality|[of] p2a: Sinistcha\n|detailschange|p1a: Venusaur|Venusaur-Mega, L50, M\n|-mega|p1a: Venusaur|Venusaur|Venusaurite\n|move|p1b: Sinistcha|Rage Powder|p1b: Sinistcha\n|-singleturn|p1b: Sinistcha|move: Rage Powder\n|move|p1a: Venusaur|Earth Power|p2b: Archaludon\n|-supereffective|p2b: Archaludon|1\n|-damage|p2b: Archaludon|42/100 brn\n|-ability|p2b: Archaludon|Stamina|boost\n|-boost|p2b: Archaludon|def|1\n|move|p2b: Archaludon|Electro Shot||[still]\n|-prepare|p2b: Archaludon|Electro Shot\n|-boost|p2b: Archaludon|spa|1\n|-anim|p2b: Archaludon|Electro Shot|p1b: Sinistcha\n|-resisted|p1b: Sinistcha|1\n|-damage|p1b: Sinistcha|62/100\n|\n|-weather|none\n|-heal|p2b: Archaludon|48/100 brn|[from] item: Leftovers\n|-damage|p2b: Archaludon|42/100 brn|[from] brn\n|upkeep\n|turn|7\n|inactive|ScraggyFan has 30 seconds left.\n|inactive|ScraggyFan has 20 seconds left.\n|inactive|ScraggyFan has 15 seconds left.\n|\n|t:|1788291795\n|move|p2b: Archaludon|Protect|p2b: Archaludon\n|-singleturn|p2b: Archaludon|Protect\n|move|p1a: Venusaur|Sludge Bomb|p2a: Sinistcha\n|-damage|p2a: Sinistcha|28/100\n|move|p1b: Sinistcha|Life Dew||[still]|[spread] p1a,p1b\n|-fail|p1a: Venusaur|heal\n|-heal|p1b: Sinistcha|87/100\n|move|p2a: Sinistcha|Life Dew|p2a: Sinistcha|[spread] p2a,p2b\n|-heal|p2a: Sinistcha|53/100\n|-heal|p2b: Archaludon|67/100 brn\n|\n|-heal|p2b: Archaludon|73/100 brn|[from] item: Leftovers\n|-damage|p2b: Archaludon|67/100 brn|[from] brn\n|upkeep\n|turn|8\n|inactive|ScraggyFan has 30 seconds left.\n|inactive|ScraggyFan has 20 seconds left.\n|inactive|ScraggyFan has 15 seconds left.\n|inactive|ScraggyFan has 10 seconds left.\n|inactive|ScraggyFan has 5 seconds left.\n|\n|t:|1788291849\n|move|p1a: Venusaur|Protect|p1a: Venusaur\n|-singleturn|p1a: Venusaur|Protect\n|move|p2b: Archaludon|Dragon Pulse|p1a: Venusaur\n|-activate|p1a: Venusaur|move: Protect\n|move|p2a: Sinistcha|Life Dew|p2a: Sinistcha|[spread] p2a,p2b\n|-heal|p2a: Sinistcha|78/100\n|-heal|p2b: Archaludon|91/100 brn\n|move|p1b: Sinistcha|Matcha Gotcha|p2a: Sinistcha|[spread] p2a,p2b\n|-resisted|p2a: Sinistcha|1\n|-resisted|p2b: Archaludon|2\n|-damage|p2a: Sinistcha|71/100\n|-heal|p1b: Sinistcha|91/100|[from] drain|[of] p2a: Sinistcha\n|-damage|p2b: Archaludon|87/100 brn\n|-heal|p1b: Sinistcha|94/100|[from] drain|[of] p2b: Archaludon\n|-ability|p2b: Archaludon|Stamina|boost\n|-boost|p2b: Archaludon|def|1\n|\n|-heal|p2b: Archaludon|93/100 brn|[from] item: Leftovers\n|-damage|p2b: Archaludon|87/100 brn|[from] brn\n|-sideend|p2: MilkTeaWayGalaxy|move: Light Screen\n|upkeep\n|turn|9\n|inactive|ScraggyFan has 30 seconds left.\n|inactive|ScraggyFan has 20 seconds left.\n|inactive|ScraggyFan has 15 seconds left.\n|inactive|ScraggyFan has 10 seconds left.\n|inactive|ScraggyFan has 5 seconds left.\n|\n|t:|1788291903\n|switch|p2a: Sableye|Sableye, L50, F|100/100\n|move|p2b: Archaludon|Protect|p2b: Archaludon\n|-singleturn|p2b: Archaludon|Protect\n|move|p1b: Sinistcha|Rage Powder|p1b: Sinistcha\n|-singleturn|p1b: Sinistcha|move: Rage Powder\n|move|p1a: Venusaur|Earth Power|p2b: Archaludon\n|-activate|p2b: Archaludon|move: Protect\n|\n|-heal|p2b: Archaludon|93/100 brn|[from] item: Leftovers\n|-damage|p2b: Archaludon|87/100 brn|[from] brn\n|-sideend|p1: ScraggyFan|move: Light Screen\n|upkeep\n|turn|10\n|\n|t:|1788291918\n|move|p1b: Sinistcha|Rage Powder|p1b: Sinistcha\n|-singleturn|p1b: Sinistcha|move: Rage Powder\n|move|p2a: Sableye|Light Screen|p2a: Sableye\n|-sidestart|p2: MilkTeaWayGalaxy|move: Light Screen\n|move|p1a: Venusaur|Earth Power|p2b: Archaludon\n|-supereffective|p2b: Archaludon|1\n|-damage|p2b: Archaludon|49/100 brn\n|-ability|p2b: Archaludon|Stamina|boost\n|-boost|p2b: Archaludon|def|1\n|move|p2b: Archaludon|Dragon Pulse|p1b: Sinistcha\n|-damage|p1b: Sinistcha|0 fnt\n|faint|p1b: Sinistcha\n|\n|-heal|p2b: Archaludon|55/100 brn|[from] item: Leftovers\n|-damage|p2b: Archaludon|49/100 brn|[from] brn\n|upkeep\n|\n|t:|1788291925\n|switch|p1b: Sableye|Sableye, L50, F, shiny|100/100\n|turn|11\n|inactive|ScraggyFan has 30 seconds left.\n|inactive|ScraggyFan has 20 seconds left.\n|inactive|ScraggyFan has 15 seconds left.\n|inactive|ScraggyFan has 10 seconds left.\n|inactive|ScraggyFan has 5 seconds left.\n|\n|t:|1788291980\n|move|p2a: Sableye|Quash|p1a: Venusaur\n|-activate|p1a: Venusaur|move: Quash\n|move|p1b: Sableye|Light Screen|p1b: Sableye\n|-sidestart|p1: ScraggyFan|move: Light Screen\n|move|p2b: Archaludon|Dragon Pulse|p1a: Venusaur\n|-damage|p1a: Venusaur|16/100\n|move|p1a: Venusaur|Earth Power|p2b: Archaludon\n|-supereffective|p2b: Archaludon|1\n|-damage|p2b: Archaludon|5/100 brn\n|-ability|p2b: Archaludon|Stamina|boost\n|-boost|p2b: Archaludon|def|1\n|\n|-heal|p2b: Archaludon|11/100 brn|[from] item: Leftovers\n|-damage|p2b: Archaludon|5/100 brn|[from] brn\n|upkeep\n|turn|12\n|inactive|ScraggyFan has 15 seconds left this turn.\n|inactive|ScraggyFan has 10 seconds left.\n|inactive|ScraggyFan has 5 seconds left.\n|-message|ScraggyFan lost due to inactivity.\n|\n|win|MilkTeaWayGalaxy\n|raw|ScraggyFan's rating: 1637 &rarr; <strong>1620</strong><br />(-17 for losing)\n|raw|MilkTeaWayGalaxy's rating: 1689 &rarr; <strong>1706</strong><br />(+17 for winning)\n|l|☆MilkTeaWayGalaxy\n|player|p2|\n","uploadtime":1788291998,"views":"0","formatid":"gen9championsvgc2026regmb","rating":1620,"private":0,"password":null}