{"id":"gen9championsvgc2026regmbbo3-2673664424","format":"[Gen 9 Champions] VGC 2026 Reg M-B (Bo3)","players":["bernardomgj","losandy"],"log":"|j|☆bernardomgj\n|j|☆losandy\n|html|<table width=\"100%\"><tr><td align=\"left\">bernardomgj</td><td align=\"right\">losandy</tr><tr><td align=\"left\"><i class=\"fa fa-circle-o\"></i> <i class=\"fa fa-circle-o\"></i> </td><td align=\"right\"><i class=\"fa fa-circle-o\"></i> <i class=\"fa fa-circle-o\"></i> </tr></table>\n|uhtml|bestof|<h2><strong>Game 1</strong> of <a href=\"/game-bestof3-gen9championsvgc2026regmbbo3-2673664423\">a best-of-3</a></h2>\n|t:|1788229410\n|gametype|doubles\n|player|p1|bernardomgj|169|1052\n|player|p2|losandy|acetrainer-gen4dp|1105\n|gen|9\n|tier|[Gen 9 Champions] VGC 2026 Reg M-B (Bo3)\n|rated|\n|rule|Species Clause: Limit one of each Pokémon\n|rule|Item Clause: Limit 1 of each item\n|clearpoke\n|poke|p1|Garchomp, L50, M|\n|poke|p1|Tyranitar, L50, M|\n|poke|p1|Excadrill, L50, M|\n|poke|p1|Sinistcha, L50|\n|poke|p1|Rotom-Wash, L50|\n|poke|p1|Milotic, L50, M, shiny|\n|poke|p2|Drampa, L50, F|\n|poke|p2|Staraptor, L50, M|\n|poke|p2|Farigiraf, L50, F|\n|poke|p2|Blastoise, L50, F|\n|poke|p2|Sylveon, L50, F|\n|poke|p2|Torkoal, L50, F|\n|teampreview|4\n|showteam|p1|Garchomp||Garchompite|SandVeil|EarthPower,PowerGem,DracoMeteor,Protect|Modest||M|||50|]Tyranitar||ChopleBerry|SandStream|RockSlide,LowKick,DragonDance,Protect|Adamant||M|||50|]Excadrill||FocusSash|SandRush|HighHorsepower,IronHead,RockSlide,Protect|Jolly||M|||50|]Sinistcha||ColburBerry|Hospitality|MatchaGotcha,TrickRoom,RagePowder,Protect|Bold|||||50|]Rotom-Wash||SitrusBerry|Levitate|HydroPump,VoltSwitch,WillOWisp,Protect|Modest|||||50|]Milotic||Leftovers|Competitive|Scald,IceBeam,Recover,Protect|Bold||M|||50|\n|showteam|p2|Drampa||Drampanite|CloudNine|DragonPulse,EarthPower,HyperVoice,Protect|Quiet||F|||50|]Staraptor||ChoiceScarf|Intimidate|CloseCombat,FinalGambit,Uturn,DualWingbeat|Adamant||M|||50|]Farigiraf||SitrusBerry|ArmorTail|Thunderbolt,TwinBeam,TrickRoom,Protect|Quiet||F|||50|]Blastoise||IronBall|RainDish|WaterSpout,FakeOut,IceBeam,Protect|Quiet||F|||50|]Sylveon||FairyFeather|Pixilate|HyperVoice,HyperBeam,QuickAttack,Protect|Quiet||F|||50|]Torkoal||Charcoal|Drought|Eruption,EarthPower,WeatherBall,Protect|Quiet||F|||50|\n|\n|t:|1788229470\n|teamsize|p1|4\n|teamsize|p2|4\n|start\n|switch|p1a: Sinistcha|Sinistcha, L50|100/100\n|switch|p1b: Tyranitar|Tyranitar, L50, M|100/100\n|switch|p2a: Staraptor|Staraptor, L50, M|100/100\n|switch|p2b: Farigiraf|Farigiraf, L50, F|100/100\n|-ability|p2a: Staraptor|Intimidate|boost\n|-unboost|p1a: Sinistcha|atk|1\n|-unboost|p1b: Tyranitar|atk|1\n|-weather|Sandstorm|[from] ability: Sand Stream|[of] p1b: Tyranitar\n|turn|1\n|\n|t:|1788229494\n|move|p1b: Tyranitar|Protect|p1b: Tyranitar\n|-singleturn|p1b: Tyranitar|Protect\n|move|p2a: Staraptor|Final Gambit|p1b: Tyranitar\n|-activate|p1b: Tyranitar|move: Protect\n|move|p1a: Sinistcha|Trick Room|p1a: Sinistcha\n|-fieldstart|move: Trick Room|[of] p1a: Sinistcha\n|move|p2b: Farigiraf|Trick Room|p2b: Farigiraf\n|-fieldend|move: Trick Room\n|\n|-weather|Sandstorm|[upkeep]\n|-damage|p2a: Staraptor|93/100|[from] Sandstorm\n|-damage|p1a: Sinistcha|93/100|[from] Sandstorm\n|-damage|p2b: Farigiraf|93/100|[from] Sandstorm\n|upkeep\n|turn|2\n|\n|t:|1788229508\n|move|p1a: Sinistcha|Rage Powder|p1a: Sinistcha\n|-singleturn|p1a: Sinistcha|move: Rage Powder\n|move|p2a: Staraptor|Final Gambit|p1a: Sinistcha\n|-immune|p1a: Sinistcha\n|move|p1b: Tyranitar|Dragon Dance|p1b: Tyranitar\n|-boost|p1b: Tyranitar|atk|1\n|-boost|p1b: Tyranitar|spe|1\n|move|p2b: Farigiraf|Trick Room|p2b: Farigiraf\n|-fieldstart|move: Trick Room|[of] p2b: Farigiraf\n|\n|-weather|Sandstorm|[upkeep]\n|-damage|p2b: Farigiraf|87/100|[from] Sandstorm\n|-damage|p1a: Sinistcha|87/100|[from] Sandstorm\n|-damage|p2a: Staraptor|87/100|[from] Sandstorm\n|upkeep\n|turn|3\n|\n|t:|1788229524\n|switch|p2b: Sylveon|Sylveon, L50, F|100/100\n|move|p1a: Sinistcha|Rage Powder|p1a: Sinistcha\n|-singleturn|p1a: Sinistcha|move: Rage Powder\n|move|p1b: Tyranitar|Dragon Dance|p1b: Tyranitar\n|-boost|p1b: Tyranitar|atk|1\n|-boost|p1b: Tyranitar|spe|1\n|move|p2a: Staraptor|Final Gambit|p1a: Sinistcha\n|-immune|p1a: Sinistcha\n|\n|-weather|Sandstorm|[upkeep]\n|-damage|p2b: Sylveon|94/100|[from] Sandstorm\n|-damage|p1a: Sinistcha|81/100|[from] Sandstorm\n|-damage|p2a: Staraptor|81/100|[from] Sandstorm\n|upkeep\n|turn|4\n|\n|t:|1788229558\n|switch|p2a: Drampa|Drampa, L50, F|100/100\n|-ability|p2a: Drampa|Cloud Nine\n|move|p1b: Tyranitar|Protect|p1b: Tyranitar\n|-singleturn|p1b: Tyranitar|Protect\n|move|p2b: Sylveon|Hyper Beam|p1a: Sinistcha\n|-damage|p1a: Sinistcha|0 fnt\n|-mustrecharge|p2b: Sylveon\n|faint|p1a: Sinistcha\n|\n|-weather|Sandstorm|[upkeep]\n|upkeep\n|\n|t:|1788229569\n|switch|p1a: Garchomp|Garchomp, L50, M|100/100\n|turn|5\n|\n|t:|1788229584\n|detailschange|p2a: Drampa|Drampa-Mega, L50, F\n|-mega|p2a: Drampa|Drampa|Drampanite\n|detailschange|p1a: Garchomp|Garchomp-Mega, L50, M\n|-mega|p1a: Garchomp|Garchomp|Garchompite\n|move|p2a: Drampa|Dragon Pulse|p1a: Garchomp\n|-supereffective|p1a: Garchomp|1\n|-damage|p1a: Garchomp|0 fnt\n|faint|p1a: Garchomp\n|cant|p2b: Sylveon|recharge\n|move|p1b: Tyranitar|Rock Slide|p2b: Sylveon|[spread] p2b\n|-miss|p1b: Tyranitar|p2a: Drampa\n|-crit|p2b: Sylveon\n|-damage|p2b: Sylveon|6/100\n|\n|-weather|none\n|upkeep\n|\n|t:|1788229596\n|switch|p1a: Rotom|Rotom-Wash, L50|100/100\n|turn|6\n|\n|t:|1788229615\n|switch|p2a: Staraptor|Staraptor, L50, M|81/100\n|-ability|p2a: Staraptor|Intimidate|boost\n|-unboost|p1a: Rotom|atk|1\n|-unboost|p1b: Tyranitar|atk|1\n|move|p1b: Tyranitar|Protect|p1b: Tyranitar\n|-singleturn|p1b: Tyranitar|Protect\n|move|p2b: Sylveon|Hyper Voice|p1a: Rotom|[spread] p1a\n|-activate|p1b: Tyranitar|move: Protect\n|-damage|p1a: Rotom|46/100\n|-enditem|p1a: Rotom|Sitrus Berry|[eat]\n|-heal|p1a: Rotom|71/100|[from] item: Sitrus Berry\n|move|p1a: Rotom|Volt Switch|p2b: Sylveon\n|-crit|p2b: Sylveon\n|-damage|p2b: Sylveon|0 fnt\n|faint|p2b: Sylveon\n|\n|-fieldend|move: Trick Room\n|upkeep\n|\n|t:|1788229635\n|switch|p2b: Farigiraf|Farigiraf, L50, F|87/100\n|turn|7\n|\n|t:|1788229645\n|move|p2a: Staraptor|Final Gambit|p1a: Rotom\n|-damage|p1a: Rotom|0 fnt\n|faint|p2a: Staraptor\n|faint|p1a: Rotom\n|move|p1b: Tyranitar|Rock Slide|p2b: Farigiraf\n|-damage|p2b: Farigiraf|54/100\n|move|p2b: Farigiraf|Trick Room|p2b: Farigiraf\n|-fieldstart|move: Trick Room|[of] p2b: Farigiraf\n|\n|upkeep\n|\n|t:|1788229654\n|switch|p2a: Drampa|Drampa-Mega, L50, F|100/100\n|turn|8\n|\n|t:|1788229659\n|move|p2a: Drampa|Earth Power|p1b: Tyranitar\n|-supereffective|p1b: Tyranitar|1\n|-damage|p1b: Tyranitar|32/100\n|move|p2b: Farigiraf|Thunderbolt|p1b: Tyranitar\n|-damage|p1b: Tyranitar|9/100\n|move|p1b: Tyranitar|Low Kick|p2a: Drampa\n|-supereffective|p2a: Drampa|1\n|-damage|p2a: Drampa|26/100\n|-ability|p2a: Drampa|Berserk|boost\n|-boost|p2a: Drampa|spa|1\n|\n|upkeep\n|turn|9\n|\n|t:|1788229670\n|move|p2a: Drampa|Earth Power|p1b: Tyranitar\n|-supereffective|p1b: Tyranitar|1\n|-damage|p1b: Tyranitar|0 fnt\n|faint|p1b: Tyranitar\n|\n|win|losandy\n||losandy is ready for game 2.\n||bernardomgj is ready for game 2.\n|uhtml|next|Next: <a href=\"/battle-gen9championsvgc2026regmbbo3-2673666080\"><strong>Game 2 of 3</strong></a>\n","uploadtime":1788229962,"views":"8","formatid":"gen9championsvgc2026regmbbo3","rating":null,"private":0,"password":null}