{"id":"gen9championsvgc2026regmb-2674201932","format":"[Gen 9 Champions] VGC 2026 Reg M-B","players":["prealpha7","kingsogpopplet"],"log":"|j|☆prealpha7\n|j|☆kingsogpopplet\n|t:|1788314662\n|gametype|doubles\n|player|p1|prealpha7|ghetsis|1346\n|player|p2|kingsogpopplet|170|1270\n|gen|9\n|tier|[Gen 9 Champions] VGC 2026 Reg M-B\n|rated|\n|rule|Species Clause: Limit one of each Pokémon\n|rule|Item Clause: Limit 1 of each item\n|clearpoke\n|poke|p1|Charizard, L50, F|\n|poke|p1|Venusaur, L50, F|\n|poke|p1|Pelipper, L50, M|\n|poke|p1|Archaludon, L50, M|\n|poke|p1|Grimmsnarl, L50, M|\n|poke|p1|Swampert, L50, M|\n|poke|p2|Vivillon-Fancy, L50, F|\n|poke|p2|Garchomp, L50, M|\n|poke|p2|Starmie, L50|\n|poke|p2|Talonflame, L50, F|\n|poke|p2|Pelipper, L50, M|\n|poke|p2|Floette-Eternal, L50, F|\n|teampreview|4\n|inactive|Battle timer is ON: inactive players will automatically lose when time's up. (requested by prealpha7)\n|inactive|kingsogpopplet has 60 seconds left.\n|\n|t:|1788314698\n|teamsize|p1|4\n|teamsize|p2|4\n|start\n|switch|p1a: Charizard|Charizard, L50, F|100/100\n|switch|p1b: Venusaur|Venusaur, L50, F|100/100\n|switch|p2a: Butterfreee|Vivillon-Fancy, L50, F|100/100\n|switch|p2b: Chompcycle|Garchomp, L50, M|100/100\n|turn|1\n|\n|t:|1788314714\n|switch|p2b: Pelipper|Pelipper, L50, M|100/100\n|-weather|RainDance|[from] ability: Drizzle|[of] p2b: Pelipper\n|detailschange|p1a: Charizard|Charizard-Mega-Y, L50, F\n|-mega|p1a: Charizard|Charizard|Charizardite Y\n|-weather|SunnyDay|[from] ability: Drought|[of] p1a: Charizard\n|move|p1a: Charizard|Protect|p1a: Charizard\n|-singleturn|p1a: Charizard|Protect\n|move|p1b: Venusaur|Sleep Powder|p2a: Butterfreee|[miss]\n|-miss|p1b: Venusaur|p2a: Butterfreee\n|move|p2a: Butterfreee|Sleep Powder|p1a: Charizard\n|-activate|p1a: Charizard|move: Protect\n|\n|-weather|SunnyDay|[upkeep]\n|upkeep\n|turn|2\n|j| zeanox\n|\n|t:|1788314730\n|switch|p2b: Chompcycle|Garchomp, L50, M|100/100\n|move|p1b: Venusaur|Sleep Powder|p2a: Butterfreee|[miss]\n|-miss|p1b: Venusaur|p2a: Butterfreee\n|move|p2a: Butterfreee|Sleep Powder|p1a: Charizard\n|-status|p1a: Charizard|slp|[from] move: Sleep Powder\n|cant|p1a: Charizard|slp\n|\n|-weather|SunnyDay|[upkeep]\n|upkeep\n|turn|3\n|\n|t:|1788314745\n|switch|p2a: Pelipper|Pelipper, L50, M|100/100\n|-weather|RainDance|[from] ability: Drizzle|[of] p2a: Pelipper\n|switch|p1a: Archaludon|Archaludon, L50, M|100/100\n|move|p2b: Chompcycle|Rock Slide|p1b: Venusaur|[spread] p1a,p1b\n|-resisted|p1a: Archaludon|1\n|-damage|p1a: Archaludon|92/100\n|-damage|p1b: Venusaur|68/100\n|-ability|p1a: Archaludon|Stamina|boost\n|-boost|p1a: Archaludon|def|1\n|move|p1b: Venusaur|Sleep Powder|p2a: Pelipper\n|-status|p2a: Pelipper|slp|[from] move: Sleep Powder\n|\n|-weather|RainDance|[upkeep]\n|-heal|p1a: Archaludon|98/100|[from] item: Leftovers\n|upkeep\n|turn|4\n|l| zeanox\n|\n|t:|1788314767\n|switch|p2a: Negro long legs|Starmie, L50|100/100\n|move|p1b: Venusaur|Protect|p1b: Venusaur\n|-singleturn|p1b: Venusaur|Protect\n|move|p2b: Chompcycle|Earthquake|p1b: Venusaur|[spread] p2a,p1a\n|-activate|p1b: Venusaur|move: Protect\n|-supereffective|p1a: Archaludon|1\n|-damage|p2a: Negro long legs|38/100\n|-damage|p1a: Archaludon|55/100\n|-ability|p1a: Archaludon|Stamina|boost\n|-boost|p1a: Archaludon|def|1\n|move|p1a: Archaludon|Electro Shot||[still]\n|-prepare|p1a: Archaludon|Electro Shot\n|-boost|p1a: Archaludon|spa|1\n|-anim|p1a: Archaludon|Electro Shot|p2a: Negro long legs\n|-supereffective|p2a: Negro long legs|1\n|-damage|p2a: Negro long legs|0 fnt\n|faint|p2a: Negro long legs\n|\n|-weather|RainDance|[upkeep]\n|-heal|p1a: Archaludon|61/100|[from] item: Leftovers\n|upkeep\n|\n|t:|1788314778\n|switch|p2a: Butterfreee|Vivillon-Fancy, L50, F|100/100\n|turn|5\n|c|☆prealpha7|nice name dude\n|\n|t:|1788314795\n|move|p1a: Archaludon|Protect|p1a: Archaludon\n|-singleturn|p1a: Archaludon|Protect\n|move|p2a: Butterfreee|Sleep Powder|p1a: Archaludon\n|-activate|p1a: Archaludon|move: Protect\n|move|p2b: Chompcycle|Earthquake|p1b: Venusaur|[spread] p1b\n|-activate|p1a: Archaludon|move: Protect\n|-immune|p2a: Butterfreee\n|-damage|p1b: Venusaur|0 fnt\n|faint|p1b: Venusaur\n|\n|-weather|RainDance|[upkeep]\n|-heal|p1a: Archaludon|68/100|[from] item: Leftovers\n|upkeep\n|\n|t:|1788314806\n|switch|p1b: Charizard|Charizard-Mega-Y, L50, F|100/100 slp\n|-weather|SunnyDay|[from] ability: Drought|[of] p1b: Charizard\n|turn|6\n|\n|t:|1788314814\n|switch|p2a: Pelipper|Pelipper, L50, M|100/100 slp\n|-weather|RainDance|[from] ability: Drizzle|[of] p2a: Pelipper\n|switch|p1a: Pelipper|Pelipper, L50, M|100/100\n|move|p2b: Chompcycle|Earthquake|p1a: Pelipper|[spread] \n|-immune|p2a: Pelipper\n|-immune|p1a: Pelipper\n|-immune|p1b: Charizard\n|-curestatus|p1b: Charizard|slp|[msg]\n|move|p1b: Charizard|Heat Wave|p2a: Pelipper|[spread] p2a,p2b\n|-resisted|p2a: Pelipper|1\n|-resisted|p2b: Chompcycle|1\n|-damage|p2a: Pelipper|85/100 slp\n|-damage|p2b: Chompcycle|88/100\n|\n|-weather|RainDance|[upkeep]\n|upkeep\n|turn|7\n|\n|t:|1788314832\n|switch|p1b: Archaludon|Archaludon, L50, M|68/100\n|move|p1a: Pelipper|Wide Guard|p1a: Pelipper\n|-singleturn|p1a: Pelipper|Wide Guard\n|move|p2b: Chompcycle|Rock Slide|p1a: Pelipper|[spread] \n|-activate|p1a: Pelipper|move: Wide Guard\n|-activate|p1b: Archaludon|move: Wide Guard\n|cant|p2a: Pelipper|slp\n|\n|-weather|RainDance|[upkeep]\n|-heal|p1b: Archaludon|74/100|[from] item: Leftovers\n|upkeep\n|turn|8\n|\n|t:|1788314851\n|switch|p2a: Butterfreee|Vivillon-Fancy, L50, F|100/100\n|move|p1b: Archaludon|Electro Shot||[still]\n|-prepare|p1b: Archaludon|Electro Shot\n|-boost|p1b: Archaludon|spa|1\n|-anim|p1b: Archaludon|Electro Shot|p2a: Butterfreee\n|-supereffective|p2a: Butterfreee|1\n|-damage|p2a: Butterfreee|0 fnt\n|faint|p2a: Butterfreee\n|move|p1a: Pelipper|Weather Ball|p2b: Chompcycle\n|-damage|p2b: Chompcycle|32/100\n|move|p2b: Chompcycle|Dragon Tail|p1b: Archaludon\n|-damage|p1b: Archaludon|50/100g\n|-ability|p1b: Archaludon|Stamina|boost\n|-boost|p1b: Archaludon|def|1\n|drag|p1b: Charizard|Charizard-Mega-Y, L50, F|100/100\n|-weather|SunnyDay|[from] ability: Drought|[of] p1b: Charizard\n|\n|-weather|SunnyDay|[upkeep]\n|upkeep\n|\n|t:|1788314861\n|switch|p2a: Pelipper|Pelipper, L50, M|85/100 slp\n|-weather|RainDance|[from] ability: Drizzle|[of] p2a: Pelipper\n|turn|9\n|\n|t:|1788314878\n|switch|p1b: Archaludon|Archaludon, L50, M|50/100g\n|move|p2b: Chompcycle|Rock Slide|p1b: Archaludon|[spread] p1a,p1b\n|-supereffective|p1a: Pelipper|1\n|-resisted|p1b: Archaludon|1\n|-damage|p1a: Pelipper|61/100\n|-damage|p1b: Archaludon|43/100\n|-ability|p1b: Archaludon|Stamina|boost\n|-boost|p1b: Archaludon|def|1\n|cant|p2a: Pelipper|slp\n|move|p1a: Pelipper|Tailwind|p1a: Pelipper\n|-sidestart|p1: prealpha7|move: Tailwind\n|\n|-weather|RainDance|[upkeep]\n|-heal|p1b: Archaludon|49/100|[from] item: Leftovers\n|upkeep\n|turn|10\n|\n|t:|1788314891\n|move|p2b: Chompcycle|Protect|p2b: Chompcycle\n|-singleturn|p2b: Chompcycle|Protect\n|-curestatus|p2a: Pelipper|slp|[msg]\n|move|p2a: Pelipper|Protect|p2a: Pelipper\n|-singleturn|p2a: Pelipper|Protect\n|move|p1b: Archaludon|Electro Shot||[still]\n|-prepare|p1b: Archaludon|Electro Shot\n|-boost|p1b: Archaludon|spa|1\n|-anim|p1b: Archaludon|Electro Shot|p2a: Pelipper\n|-activate|p2a: Pelipper|move: Protect\n|move|p1a: Pelipper|Weather Ball|p2b: Chompcycle\n|-activate|p2b: Chompcycle|move: Protect\n|\n|-weather|RainDance|[upkeep]\n|-heal|p1b: Archaludon|55/100|[from] item: Leftovers\n|upkeep\n|turn|11\n|-message|kingsogpopplet forfeited.\n|\n|win|prealpha7\n|raw|prealpha7's rating: 1346 &rarr; <strong>1362</strong><br />(+16 for winning)\n|raw|kingsogpopplet's rating: 1270 &rarr; <strong>1250</strong><br />(-20 for losing)\n|l|☆kingsogpopplet\n|player|p2|\n","uploadtime":1788314904,"views":"0","formatid":"gen9championsvgc2026regmb","rating":1250,"private":0,"password":null}