{"id":"gen9championsvgc2026regmbbo3-2674965630","format":"[Gen 9 Champions] VGC 2026 Reg M-B (Bo3)","players":["muhc tekhsa123","EDJPP"],"log":"|j|☆muhc tekhsa123\n|j|☆EDJPP\n|html|<table width=\"100%\"><tr><td align=\"left\">muhc tekhsa123</td><td align=\"right\">EDJPP</tr><tr><td align=\"left\"><i class=\"fa fa-circle\"></i> <i class=\"fa fa-circle-o\"></i> </td><td align=\"right\"><i class=\"fa fa-circle-o\"></i> <i class=\"fa fa-circle-o\"></i> </tr></table>\n|uhtml|bestof|<h2><strong>Game 2</strong> of <a href=\"/game-bestof3-gen9championsvgc2026regmbbo3-2674962669\">a best-of-3</a></h2>\n|t:|1788442939\n|gametype|doubles\n|player|p1|muhc tekhsa123|170|1000\n|player|p2|EDJPP|volkner|1043\n|gen|9\n|tier|[Gen 9 Champions] VGC 2026 Reg M-B (Bo3)\n|rated|\n|rule|Species Clause: Limit one of each Pokémon\n|rule|Item Clause: Limit 1 of each item\n|clearpoke\n|poke|p1|Klefki, L50, M|\n|poke|p1|Swampert, L50, M|\n|poke|p1|Scizor, L50, F|\n|poke|p1|Zoroark-Hisui, L50, M|\n|poke|p1|Gliscor, L50, F|\n|poke|p1|Primarina, L50, M|\n|poke|p2|Froslass, L50, F|\n|poke|p2|Lycanroc-Dusk, L50, M|\n|poke|p2|Incineroar, L50, M|\n|poke|p2|Farigiraf, L50, F|\n|poke|p2|Sinistcha, L50|\n|poke|p2|Sylveon, L50, F|\n|teampreview|4\n|showteam|p1|Klefki||LightClay|Prankster|LightScreen,Reflect,FoulPlay,RainDance|Calm||M|||50|]Swampert||Swampertite|Torrent|Protect,WaveCrash,Earthquake,IcePunch|Adamant||M|||50|]Scizor||Scizorite|Technician|BulletPunch,CloseCombat,SwordsDance,BugBite|Adamant||F|||50|]Zoroark-Hisui||FocusSash|Illusion|ShadowBall,HyperVoice,IcyWind,Flamethrower|Timid||M|||50|]Gliscor||LifeOrb|HyperCutter|DualWingbeat,Earthquake,RockSlide,Tailwind|Adamant||F|||50|]Primarina||Leftovers|LiquidVoice|HyperVoice,Protect,Moonblast,EnergyBall|Modest||M|||50|\n|showteam|p2|Froslass||Froslassite|SnowCloak|Blizzard,Protect,ShadowBall,AuroraVeil|Timid||F|||50|]Lycanroc-Dusk||FocusSash|ToughClaws|Accelerock,CloseCombat,Protect,RockSlide|Adamant||M|||50|]Incineroar||PasshoBerry|Intimidate|FakeOut,PartingShot,FlareBlitz,ThroatChop|Adamant||M|||50|]Farigiraf||ColburBerry|ArmorTail|Roar,Thunderbolt,Psychic,Protect|Timid||F|||50|]Sinistcha||KasibBerry|Hospitality|MatchaGotcha,RagePowder,TrickRoom,Protect|Sassy|||||50|]Sylveon||FairyFeather|Pixilate|HyperVoice,QuickAttack,HyperBeam,Detect|Modest||F|||50|\n|inactive|Battle timer is ON: inactive players will automatically lose when time's up. (requested by EDJPP)\n|inactive|muhc tekhsa123 has 60 seconds left.\n|inactive|muhc tekhsa123 has 30 seconds left.\n|inactive|muhc tekhsa123 has 20 seconds left.\n|inactive|muhc tekhsa123 has 15 seconds left.\n|inactive|muhc tekhsa123 has 10 seconds left.\n|\n|t:|1788443025\n|teamsize|p1|4\n|teamsize|p2|4\n|start\n|switch|p1a: Primarina|Primarina, L50, M|100/100\n|switch|p1b: Klefki|Klefki, L50, M|100/100\n|switch|p2a: Froslass|Froslass, L50, F|100/100\n|switch|p2b: Incineroar|Incineroar, L50, M|100/100\n|-ability|p2b: Incineroar|Intimidate|boost\n|-unboost|p1a: Primarina|atk|1\n|-unboost|p1b: Klefki|atk|1\n|turn|1\n|inactive|muhc tekhsa123 has 30 seconds left.\n|inactive|muhc tekhsa123 has 20 seconds left.\n|\n|t:|1788443061\n|detailschange|p2a: Froslass|Froslass-Mega, L50, F\n|-mega|p2a: Froslass|Froslass|Froslassite\n|-weather|Snowscape|[from] ability: Snow Warning|[of] p2a: Froslass\n|move|p2a: Froslass|Aurora Veil|p2a: Froslass\n|-sidestart|p2: EDJPP|move: Aurora Veil\n|move|p1b: Klefki|Shadow Ball|p2a: Froslass\n|-supereffective|p2a: Froslass|1\n|-damage|p2a: Froslass|31/100\n|-unboost|p2a: Froslass|spd|1\n|move|p2b: Incineroar|Throat Chop|p1a: Primarina\n|-resisted|p1a: Primarina|1\n|-damage|p1a: Primarina|72/100\n|-start|p1a: Primarina|Throat Chop|[silent]\n|cant|p1a: Primarina|move: Throat Chop\n|\n|-weather|Snowscape|[upkeep]\n|-heal|p1a: Primarina|78/100|[from] item: Leftovers\n|upkeep\n|turn|2\n|inactive|EDJPP has 30 seconds left.\n|inactive|EDJPP has 20 seconds left.\n|inactive|EDJPP has 15 seconds left.\n|inactive|EDJPP has 10 seconds left.\n|inactive|EDJPP has 5 seconds left.\n|\n|t:|1788443116\n|move|p2a: Froslass|Blizzard|p1a: Primarina|[spread] p1a,p1b\n|-resisted|p1a: Primarina|1\n|-damage|p1a: Primarina|58/100\n|-damage|p1b: Klefki|8/100\n|-status|p1b: Klefki|frz\n|replace|p1b: Zoroark|Zoroark-Hisui, L50, M\n|-end|p1b: Zoroark|Illusion\n|cant|p1b: Zoroark|frz\n|move|p1a: Primarina|Moonblast|p2b: Incineroar\n|-damage|p2b: Incineroar|66/100\n|move|p2b: Incineroar|Parting Shot|p1b: Zoroark\n|-unboost|p1b: Zoroark|atk|1\n|-unboost|p1b: Zoroark|spa|1\n|inactive|EDJPP has 30 seconds left.\n|inactive|EDJPP has 20 seconds left.\n|inactive|EDJPP has 15 seconds left.\n|inactive|EDJPP has 10 seconds left.\n|inactive|EDJPP has 5 seconds left.\n|\n|t:|1788443171\n|switch|p2b: Lycanroc|Lycanroc-Dusk, L50, M|100/100|[from] Parting Shot\n|\n|-weather|Snowscape|[upkeep]\n|-heal|p1a: Primarina|64/100|[from] item: Leftovers\n|-end|p1a: Primarina|Throat Chop|[silent]\n|upkeep\n|turn|3\n|inactive|EDJPP has 30 seconds left.\n|inactive|EDJPP has 20 seconds left.\n|inactive|EDJPP has 15 seconds left.\n|inactive|EDJPP has 10 seconds left.\n|inactive|EDJPP has 5 seconds left.\n|\n|t:|1788443226\n|switch|p1b: Klefki|Klefki, L50, M|100/100\n|move|p1a: Primarina|Protect|p1a: Primarina\n|-singleturn|p1a: Primarina|Protect\n|move|p2b: Lycanroc|Accelerock|p1a: Primarina\n|-activate|p1a: Primarina|move: Protect\n|move|p2a: Froslass|Blizzard|p1b: Klefki|[spread] p1b\n|-activate|p1a: Primarina|move: Protect\n|-resisted|p1b: Klefki|1\n|-damage|p1b: Klefki|80/100\n|\n|-weather|Snowscape|[upkeep]\n|-heal|p1a: Primarina|70/100|[from] item: Leftovers\n|upkeep\n|turn|4\n|inactive|muhc tekhsa123 has 30 seconds left.\n|inactive|EDJPP has 30 seconds left.\n|inactive|EDJPP has 20 seconds left.\n|inactive|EDJPP has 15 seconds left.\n|inactive|EDJPP has 10 seconds left.\n|\n|t:|1788443274\n|move|p2a: Froslass|Protect|p2a: Froslass\n|-singleturn|p2a: Froslass|Protect\n|move|p2b: Lycanroc|Accelerock|p1a: Primarina\n|-damage|p1a: Primarina|34/100\n|move|p1b: Klefki|Rain Dance|p1b: Klefki\n|-weather|RainDance\n|move|p1a: Primarina|Hyper Voice|p2a: Froslass|[spread] p2b\n|-activate|p2a: Froslass|move: Protect\n|-supereffective|p2b: Lycanroc|1\n|-enditem|p2b: Lycanroc|Focus Sash\n|-damage|p2b: Lycanroc|1/100\n|\n|-weather|RainDance|[upkeep]\n|-heal|p1a: Primarina|40/100|[from] item: Leftovers\n|upkeep\n|turn|5\n|\n|t:|1788443296\n|switch|p2a: Sinistcha|Sinistcha, L50|100/100\n|-heal|p2b: Lycanroc|25/100|[from] ability: Hospitality|[of] p2a: Sinistcha\n|move|p2b: Lycanroc|Protect|p2b: Lycanroc\n|-singleturn|p2b: Lycanroc|Protect\n|move|p1a: Primarina|Protect|p1a: Primarina\n|-singleturn|p1a: Primarina|Protect\n|move|p1b: Klefki|Reflect|p1b: Klefki\n|-sidestart|p1: muhc tekhsa123|Reflect\n|\n|-weather|RainDance|[upkeep]\n|-heal|p1a: Primarina|46/100|[from] item: Leftovers\n|-sideend|p2: EDJPP|move: Aurora Veil\n|upkeep\n|turn|6\n|\n|t:|1788443311\n|move|p2b: Lycanroc|Accelerock|p1a: Primarina\n|-damage|p1a: Primarina|23/100\n|move|p1b: Klefki|Light Screen|p1b: Klefki\n|-sidestart|p1: muhc tekhsa123|move: Light Screen\n|move|p2a: Sinistcha|Matcha Gotcha|p1a: Primarina|[spread] p1a,p1b\n|-supereffective|p1a: Primarina|1\n|-resisted|p1b: Klefki|1\n|-damage|p1a: Primarina|0 fnt\n|-damage|p1b: Klefki|72/100\n|faint|p1a: Primarina\n|\n|-weather|RainDance|[upkeep]\n|upkeep\n|\n|t:|1788443327\n|switch|p1a: Scizor|Scizor, L50, F|8/100 frz\n|turn|7\n|inactive|EDJPP has 30 seconds left.\n|inactive|EDJPP has 20 seconds left.\n|inactive|EDJPP has 15 seconds left.\n|inactive|EDJPP has 10 seconds left.\n|inactive|EDJPP has 5 seconds left.\n|\n|t:|1788443382\n|move|p2b: Lycanroc|Accelerock|p1a: Scizor\n|-damage|p1a: Scizor|0 fnt\n|replace|p1a: Zoroark|Zoroark-Hisui, L50, M\n|-end|p1a: Zoroark|Illusion\n|faint|p1a: Zoroark\n|move|p1b: Klefki|Foul Play|p2b: Lycanroc\n|-damage|p2b: Lycanroc|0 fnt\n|faint|p2b: Lycanroc\n|move|p2a: Sinistcha|Matcha Gotcha|p1b: Klefki\n|-resisted|p1b: Klefki|1\n|-damage|p1b: Klefki|60/100\n|\n|-weather|RainDance|[upkeep]\n|upkeep\n|\n|t:|1788443400\n|switch|p1a: Scizor|Scizor, L50, F|100/100\n|switch|p2b: Froslass|Froslass-Mega, L50, F|31/100\n|-weather|Snowscape|[from] ability: Snow Warning|[of] p2b: Froslass\n|turn|8\n|\n|t:|1788443420\n|switch|p2b: Incineroar|Incineroar, L50, M|66/100\n|-ability|p2b: Incineroar|Intimidate|boost\n|-unboost|p1a: Scizor|atk|1\n|-unboost|p1b: Klefki|atk|1\n|detailschange|p1a: Scizor|Scizor-Mega, L50, F\n|-mega|p1a: Scizor|Scizor|Scizorite\n|move|p1b: Klefki|Rain Dance|p1b: Klefki\n|-weather|RainDance\n|move|p1a: Scizor|Swords Dance|p1a: Scizor\n|-boost|p1a: Scizor|atk|2\n|move|p2a: Sinistcha|Matcha Gotcha|p1b: Klefki|[spread] p1a,p1b\n|-resisted|p1a: Scizor|2\n|-resisted|p1b: Klefki|1\n|-damage|p1a: Scizor|95/100\n|-damage|p1b: Klefki|52/100\n|\n|-weather|RainDance|[upkeep]\n|upkeep\n|turn|9\n|inactive|muhc tekhsa123 has 30 seconds left.\n|\n|t:|1788443452\n|move|p1a: Scizor|Close Combat|p2b: Incineroar\n|-supereffective|p2b: Incineroar|1\n|-damage|p2b: Incineroar|0 fnt\n|-unboost|p1a: Scizor|def|1\n|-unboost|p1a: Scizor|spd|1\n|faint|p2b: Incineroar\n|move|p1b: Klefki|Foul Play|p2a: Sinistcha\n|-supereffective|p2a: Sinistcha|1\n|-damage|p2a: Sinistcha|69/100\n|move|p2a: Sinistcha|Matcha Gotcha|p1b: Klefki|[spread] p1a,p1b\n|-resisted|p1a: Scizor|2\n|-resisted|p1b: Klefki|1\n|-damage|p1a: Scizor|89/100\n|-heal|p2a: Sinistcha|72/100|[from] drain|[of] p1a: Scizor\n|-damage|p1b: Klefki|44/100\n|-heal|p2a: Sinistcha|76/100|[from] drain|[of] p1b: Klefki\n|-status|p1a: Scizor|brn\n|\n|-weather|RainDance|[upkeep]\n|-damage|p1a: Scizor|83/100 brn|[from] brn\n|upkeep\n|\n|t:|1788443456\n|switch|p2b: Froslass|Froslass-Mega, L50, F|31/100\n|-weather|Snowscape|[from] ability: Snow Warning|[of] p2b: Froslass\n|turn|10\n|\n|t:|1788443477\n|move|p2a: Sinistcha|Rage Powder|p2a: Sinistcha\n|-singleturn|p2a: Sinistcha|move: Rage Powder\n|move|p1b: Klefki|Rain Dance|p1b: Klefki\n|-weather|RainDance\n|move|p1a: Scizor|Bullet Punch|p2a: Sinistcha\n|-damage|p2a: Sinistcha|48/100\n|move|p2b: Froslass|Blizzard|p1a: Scizor|[spread] p1a,p1b\n|-resisted|p1a: Scizor|1\n|-resisted|p1b: Klefki|1\n|-damage|p1a: Scizor|60/100 brn\n|-damage|p1b: Klefki|30/100\n|\n|-weather|RainDance|[upkeep]\n|-damage|p1a: Scizor|54/100 brn|[from] brn\n|upkeep\n|turn|11\n|\n|t:|1788443497\n|move|p2a: Sinistcha|Rage Powder|p2a: Sinistcha\n|-singleturn|p2a: Sinistcha|move: Rage Powder\n|move|p2b: Froslass|Shadow Ball|p1a: Scizor\n|-damage|p1a: Scizor|9/100 brn\n|move|p1b: Klefki|Foul Play|p2a: Sinistcha\n|-supereffective|p2a: Sinistcha|1\n|-damage|p2a: Sinistcha|18/100\n|move|p1a: Scizor|Bug Bite|p2a: Sinistcha\n|-damage|p2a: Sinistcha|0 fnt\n|-enditem|p2a: Sinistcha|Kasib Berry|[from] stealeat|[move] Bug Bite|[of] p1a: Scizor\n|faint|p2a: Sinistcha\n|\n|-weather|RainDance|[upkeep]\n|-damage|p1a: Scizor|3/100 brn|[from] brn\n|upkeep\n|turn|12\n|\n|t:|1788443514\n|move|p2b: Froslass|Protect|p2b: Froslass\n|-singleturn|p2b: Froslass|Protect\n|move|p1a: Scizor|Bullet Punch|p2b: Froslass\n|-activate|p2b: Froslass|move: Protect\n|move|p1b: Klefki|Foul Play|p2b: Froslass\n|-activate|p2b: Froslass|move: Protect\n|\n|-weather|RainDance|[upkeep]\n|-damage|p1a: Scizor|0 fnt|[from] brn\n|faint|p1a: Scizor\n|-sideend|p1: muhc tekhsa123|Reflect\n|upkeep\n|turn|13\n|\n|t:|1788443525\n|move|p2b: Froslass|Shadow Ball|p1b: Klefki\n|-damage|p1b: Klefki|1/100\n|move|p1b: Klefki|Foul Play|p2b: Froslass\n|-supereffective|p2b: Froslass|1\n|-damage|p2b: Froslass|0 fnt\n|faint|p2b: Froslass\n|\n|win|muhc tekhsa123\n|raw|muhc tekhsa123's rating: 1000 &rarr; <strong>1045</strong><br />(+45 for winning)\n|raw|EDJPP's rating: 1043 &rarr; <strong>1025</strong><br />(-18 for losing)\n","uploadtime":1788443532,"views":"0","formatid":"gen9championsvgc2026regmbbo3","rating":1025,"private":0,"password":null}