{"id":"gen9championsvgc2026regmb-2674002208","format":"[Gen 9 Champions] VGC 2026 Reg M-B","players":["vyoell","tayluhautumn"],"log":"|j|☆vyoell\n|j|☆tayluhautumn\n|t:|1788286912\n|gametype|doubles\n|player|p1|vyoell|265|1085\n|player|p2|tayluhautumn|hilda|1116\n|gen|9\n|tier|[Gen 9 Champions] VGC 2026 Reg M-B\n|rated|\n|rule|Species Clause: Limit one of each Pokémon\n|rule|Item Clause: Limit 1 of each item\n|clearpoke\n|poke|p1|Audino, L50, F|\n|poke|p1|Azumarill, L50, F, shiny|\n|poke|p1|Farigiraf, L50, F|\n|poke|p1|Incineroar, L50, F|\n|poke|p1|Sinistcha, L50|\n|poke|p1|Hydreigon, L50, F|\n|poke|p2|Swampert, L50, M|\n|poke|p2|Dragapult, L50, M|\n|poke|p2|Delphox, L50, M|\n|poke|p2|Sableye, L50, M|\n|poke|p2|Sneasler, L50, M|\n|poke|p2|Sinistcha-Masterpiece, L50|\n|teampreview|4\n|\n|t:|1788286952\n|teamsize|p1|4\n|teamsize|p2|4\n|start\n|switch|p1a: Azumarill|Azumarill, L50, F, shiny|100/100\n|switch|p1b: Hydreigon|Hydreigon, L50, F|100/100\n|switch|p2a: Delphox|Delphox, L50, M|100/100\n|switch|p2b: Sinistcha|Sinistcha-Masterpiece, L50|100/100\n|turn|1\n|\n|t:|1788286979\n|move|p2a: Delphox|Protect|p2a: Delphox\n|-singleturn|p2a: Delphox|Protect\n|move|p1b: Hydreigon|Dragon Pulse|p2b: Sinistcha\n|-damage|p2b: Sinistcha|27/100\n|-damage|p1b: Hydreigon|90/100|[from] item: Life Orb\n|move|p2b: Sinistcha|Matcha Gotcha|p1b: Hydreigon|[spread] p1a,p1b\n|-supereffective|p1a: Azumarill|1\n|-resisted|p1b: Hydreigon|1\n|-damage|p1a: Azumarill|64/100\n|-heal|p2b: Sinistcha|48/100|[from] drain|[of] p1a: Azumarill\n|-damage|p1b: Hydreigon|78/100\n|-heal|p2b: Sinistcha|55/100|[from] drain|[of] p1b: Hydreigon\n|-status|p1a: Azumarill|brn\n|move|p1a: Azumarill|Light Screen|p1a: Azumarill\n|-sidestart|p1: vyoell|move: Light Screen\n|\n|-heal|p2b: Sinistcha|61/100|[from] item: Leftovers\n|-heal|p1a: Azumarill|70/100 brn|[from] item: Leftovers\n|-damage|p1a: Azumarill|64/100 brn|[from] brn\n|upkeep\n|turn|2\n|\n|t:|1788287014\n|switch|p2a: Swampert|Swampert, L50, M|100/100\n|move|p1a: Azumarill|Helping Hand|p1b: Hydreigon\n|-singleturn|p1b: Hydreigon|Helping Hand|[of] p1a: Azumarill\n|move|p2b: Sinistcha|Protect|p2b: Sinistcha\n|-singleturn|p2b: Sinistcha|Protect\n|move|p1b: Hydreigon|Dark Pulse|p2a: Swampert\n|-damage|p2a: Swampert|4/100\n|-damage|p1b: Hydreigon|68/100|[from] item: Life Orb\n|\n|-heal|p2b: Sinistcha|67/100|[from] item: Leftovers\n|-heal|p1a: Azumarill|70/100 brn|[from] item: Leftovers\n|-damage|p1a: Azumarill|64/100 brn|[from] brn\n|upkeep\n|turn|3\n|\n|t:|1788287050\n|move|p2a: Swampert|Protect|p2a: Swampert\n|-singleturn|p2a: Swampert|Protect\n|move|p1b: Hydreigon|Dark Pulse|p2b: Sinistcha\n|-supereffective|p2b: Sinistcha|1\n|-damage|p2b: Sinistcha|0 fnt\n|faint|p2b: Sinistcha\n|-damage|p1b: Hydreigon|59/100|[from] item: Life Orb\n|move|p1a: Azumarill|Waterfall|p2a: Swampert\n|-activate|p2a: Swampert|move: Protect\n|\n|-heal|p1a: Azumarill|70/100 brn|[from] item: Leftovers\n|-damage|p1a: Azumarill|64/100 brn|[from] brn\n|upkeep\n|\n|t:|1788287065\n|switch|p2b: Sneasler|Sneasler, L50, M|100/100\n|turn|4\n|\n|t:|1788287101\n|switch|p1a: Farigiraf|Farigiraf, L50, F|100/100\n|move|p2b: Sneasler|Fake Out||[still]\n|cant|p1a: Farigiraf|ability: Armor Tail|Fake Out|[of] p2b: Sneasler\n|move|p1b: Hydreigon|Earth Power|p2b: Sneasler\n|-supereffective|p2b: Sneasler|1\n|-damage|p2b: Sneasler|0 fnt\n|faint|p2b: Sneasler\n|-damage|p1b: Hydreigon|49/100|[from] item: Life Orb\n|move|p2a: Swampert|Ice Punch|p1b: Hydreigon\n|-supereffective|p1b: Hydreigon|1\n|-damage|p1b: Hydreigon|6/100\n|\n|upkeep\n|\n|t:|1788287115\n|switch|p2b: Delphox|Delphox, L50, M|100/100\n|turn|5\n|\n|t:|1788287146\n|switch|p1b: Audino|Audino, L50, F|100/100\n|detailschange|p2b: Delphox|Delphox-Mega, L50, M\n|-mega|p2b: Delphox|Delphox|Delphoxite\n|move|p2a: Swampert|Protect|p2a: Swampert\n|-singleturn|p2a: Swampert|Protect\n|move|p2b: Delphox|Heat Wave|p1a: Farigiraf|[spread] p1a\n|-miss|p2b: Delphox|p1b: Audino\n|-damage|p1a: Farigiraf|68/100\n|move|p1a: Farigiraf|Trick Room|p1a: Farigiraf\n|-fieldstart|move: Trick Room|[of] p1a: Farigiraf\n|\n|-sideend|p1: vyoell|move: Light Screen\n|upkeep\n|turn|6\n|\n|t:|1788287181\n|switch|p1a: Azumarill|Azumarill, L50, F, shiny|64/100 brn\n|detailschange|p1b: Audino|Audino-Mega, L50, F\n|-mega|p1b: Audino|Audino|Audinite\n|move|p1b: Audino|Skill Swap|p1a: Azumarill\n|-activate|p1b: Audino|Skill Swap|||[of] p1a: Azumarill\n|-hint|Skill Swap does not announce the abilities of the Pokémon when used between allies.\n|move|p2a: Swampert|Earthquake|p1b: Audino|[spread] p1a,p1b\n|-immune|p2b: Delphox|[from] ability: Levitate\n|-crit|p1b: Audino\n|-damage|p1a: Azumarill|24/100 brn\n|-damage|p1b: Audino|62/100\n|move|p2b: Delphox|Heat Wave|p1b: Audino|[spread] p1a,p1b\n|-resisted|p1a: Azumarill|1\n|-damage|p1a: Azumarill|8/100 brn\n|-damage|p1b: Audino|29/100\n|\n|-heal|p1a: Azumarill|14/100 brn|[from] item: Leftovers\n|-damage|p1a: Azumarill|8/100 brn|[from] brn\n|upkeep\n|turn|7\n|\n|t:|1788287232\n|move|p1a: Azumarill|Waterfall|p2a: Swampert\n|-damage|p2a: Swampert|0 fnt\n|faint|p2a: Swampert\n|move|p1b: Audino|Double-Edge|p2b: Delphox\n|-damage|p2b: Delphox|0 fnt\n|faint|p2b: Delphox\n|-damage|p1b: Audino|1/100|[from] Recoil\n|\n|win|vyoell\n|raw|vyoell's rating: 1085 &rarr; <strong>1115</strong><br />(+30 for winning)\n|raw|tayluhautumn's rating: 1116 &rarr; <strong>1089</strong><br />(-27 for losing)\n|l|☆tayluhautumn\n|player|p2|\n","uploadtime":1788287277,"views":"3","formatid":"gen9championsvgc2026regmb","rating":1089,"private":0,"password":null}