{"id":"gen9championsvgc2026regmbbo3-2673701658","format":"[Gen 9 Champions] VGC 2026 Reg M-B (Bo3)","players":["Biboom","aboc2399"],"log":"|j|☆Biboom\n|j|☆aboc2399\n|html|<table width=\"100%\"><tr><td align=\"left\">Biboom</td><td align=\"right\">aboc2399</tr><tr><td align=\"left\"><i class=\"fa fa-circle-o\"></i> <i class=\"fa fa-circle-o\"></i> </td><td align=\"right\"><i class=\"fa fa-circle-o\"></i> <i class=\"fa fa-circle-o\"></i> </tr></table>\n|uhtml|bestof|<h2><strong>Game 1</strong> of <a href=\"/game-bestof3-gen9championsvgc2026regmbbo3-2673701657\">a best-of-3</a></h2>\n|t:|1788236112\n|gametype|doubles\n|player|p1|Biboom|swimmer-gen4dp|\n|player|p2|aboc2399|winona|\n|gen|9\n|tier|[Gen 9 Champions] VGC 2026 Reg M-B (Bo3)\n|rule|Species Clause: Limit one of each Pokémon\n|rule|Item Clause: Limit 1 of each item\n|clearpoke\n|poke|p1|Charizard, L50, M, shiny|\n|poke|p1|Kingambit, L50, F, shiny|\n|poke|p1|Garchomp, L50, M|\n|poke|p1|Slowbro, L50, M, shiny|\n|poke|p1|Sableye, L50, F|\n|poke|p1|Sneasler, L50, M|\n|poke|p2|Maushold, L50, shiny|\n|poke|p2|Delphox, L50, F|\n|poke|p2|Mamoswine, L50, F|\n|poke|p2|Goodra-Hisui, L50, F|\n|poke|p2|Vaporeon, L50, F, shiny|\n|poke|p2|Annihilape, L50, F, shiny|\n|teampreview|4\n|showteam|p1|Charizard||CharizarditeY|Blaze|AirSlash,HeatWave,SolarBeam,Protect|Timid||M|||50|]Kingambit||FocusSash|Defiant|KowtowCleave,SuckerPunch,IronHead,Protect|Adamant||F|||50|]Garchomp||LifeOrb|RoughSkin|Earthquake,Protect,RockSlide,Liquidation|Jolly||M|||50|]Slowbro||Slowbronite|Oblivious|IceBeam,Scald,Psychic,CalmMind|Quiet||M|||50|]Sableye||Sablenite|Prankster|LightScreen,Reflect,Poltergeist,Encore|Careful||F|||50|]Sneasler||MentalHerb|Unburden|CloseCombat,DireClaw,FakeOut,Protect|Jolly||M|||50|\n|showteam|p2|Maushold||WideLens|Technician|PopulationBomb,FollowMe,Feint,Protect|Jolly|||||50|]Delphox||Delphoxite|Magician|HeatWave,Psyshock,Encore,Protect|Timid||F|||50|]Mamoswine||LifeOrb|ThickFat|IceShard,HighHorsepower,RockSlide,Protect|Jolly||F|||50|]Goodra-Hisui||ExpertBelt|ShellArmor|IceBeam,Thunderbolt,Flamethrower,Protect|Modest||F|||50|]Vaporeon||Leftovers|WaterAbsorb|Yawn,IceBeam,ShadowBall,Protect|Modest||F|||50|]Annihilape||FocusSash|Defiant|RockTomb,CloseCombat,PhantomForce,Protect|Jolly||F|||50|\n|j| PorygonTheBot\n|c| PorygonTheBot|Porygon has digitized into the match... booting up... successfully calibrating stats!\n|j| EGG_dude\n|\n|t:|1788236376\n|teamsize|p1|4\n|teamsize|p2|4\n|start\n|switch|p1a: GARCHOMPEADOR|Garchomp, L50, M|100/100\n|switch|p1b: DONDE PONGO EL OJO|Sableye, L50, F|100/100\n|switch|p2a: Maushold|Maushold, L50, shiny|100/100\n|switch|p2b: Delphox|Delphox, L50, F|100/100\n|turn|1\n|\n|t:|1788236431\n|detailschange|p2b: Delphox|Delphox-Mega, L50, F\n|-mega|p2b: Delphox|Delphox|Delphoxite\n|move|p2b: Delphox|Protect|p2b: Delphox\n|-singleturn|p2b: Delphox|Protect\n|move|p1b: DONDE PONGO EL OJO|Light Screen|p1b: DONDE PONGO EL OJO\n|-sidestart|p1: Biboom|move: Light Screen\n|move|p2a: Maushold|Population Bomb|p1a: GARCHOMPEADOR\n|-damage|p1a: GARCHOMPEADOR|88/100\n|-damage|p2a: Maushold|88/100|[from] ability: Rough Skin|[of] p1a: GARCHOMPEADOR\n|-damage|p1a: GARCHOMPEADOR|78/100\n|-damage|p2a: Maushold|76/100|[from] ability: Rough Skin|[of] p1a: GARCHOMPEADOR\n|-damage|p1a: GARCHOMPEADOR|69/100\n|-damage|p2a: Maushold|64/100|[from] ability: Rough Skin|[of] p1a: GARCHOMPEADOR\n|-damage|p1a: GARCHOMPEADOR|58/100\n|-damage|p2a: Maushold|52/100|[from] ability: Rough Skin|[of] p1a: GARCHOMPEADOR\n|-damage|p1a: GARCHOMPEADOR|48/100\n|-damage|p2a: Maushold|40/100|[from] ability: Rough Skin|[of] p1a: GARCHOMPEADOR\n|-damage|p1a: GARCHOMPEADOR|38/100\n|-damage|p2a: Maushold|28/100|[from] ability: Rough Skin|[of] p1a: GARCHOMPEADOR\n|-damage|p1a: GARCHOMPEADOR|28/100\n|-damage|p2a: Maushold|16/100|[from] ability: Rough Skin|[of] p1a: GARCHOMPEADOR\n|-damage|p1a: GARCHOMPEADOR|18/100\n|-damage|p2a: Maushold|4/100|[from] ability: Rough Skin|[of] p1a: GARCHOMPEADOR\n|-damage|p1a: GARCHOMPEADOR|9/100\n|-damage|p2a: Maushold|0 fnt|[from] ability: Rough Skin|[of] p1a: GARCHOMPEADOR\n|faint|p2a: Maushold\n|-hitcount|p1a: GARCHOMPEADOR|9\n|move|p1a: GARCHOMPEADOR|Rock Slide|p2b: Delphox\n|-activate|p2b: Delphox|move: Protect\n|\n|upkeep\n|\n|t:|1788236462\n|switch|p2a: Vaporeon|Vaporeon, L50, F, shiny|100/100\n|turn|2\n|c| EGG_dude|xd\n|\n|t:|1788236545\n|move|p1b: DONDE PONGO EL OJO|Encore|p2b: Delphox\n|-start|p2b: Delphox|Encore\n|move|p2b: Delphox|Protect||[still]\n|-fail|p2b: Delphox\n|move|p1a: GARCHOMPEADOR|Rock Slide|p2a: Vaporeon|[spread] p2a,p2b\n|-supereffective|p2b: Delphox|1\n|-damage|p2a: Vaporeon|78/100\n|-damage|p2b: Delphox|21/100\n|-damage|p1a: GARCHOMPEADOR|0 fnt|[from] item: Life Orb\n|faint|p1a: GARCHOMPEADOR\n|move|p2a: Vaporeon|Ice Beam|p1b: DONDE PONGO EL OJO\n|-damage|p1b: DONDE PONGO EL OJO|82/100\n|\n|-heal|p2a: Vaporeon|84/100|[from] item: Leftovers\n|upkeep\n|\n|t:|1788236607\n|switch|p1a: GATA MICHU MICHU|Sneasler, L50, M|100/100\n|turn|3\n|\n|t:|1788236649\n|move|p2b: Delphox|Protect|p2b: Delphox\n|-singleturn|p2b: Delphox|Protect\n|move|p2a: Vaporeon|Protect|p2a: Vaporeon\n|-singleturn|p2a: Vaporeon|Protect\n|move|p1a: GATA MICHU MICHU|Fake Out|p2b: Delphox\n|-activate|p2b: Delphox|move: Protect\n|move|p1b: DONDE PONGO EL OJO|Poltergeist|p2b: Delphox\n|-activate|p2b: Delphox|move: Protect\n|\n|-heal|p2a: Vaporeon|90/100|[from] item: Leftovers\n|upkeep\n|turn|4\n|\n|t:|1788236679\n|switch|p2b: Mamoswine|Mamoswine, L50, F|100/100\n|move|p1a: GATA MICHU MICHU|Protect|p1a: GATA MICHU MICHU\n|-singleturn|p1a: GATA MICHU MICHU|Protect\n|move|p2a: Vaporeon|Shadow Ball|p1a: GATA MICHU MICHU\n|-activate|p1a: GATA MICHU MICHU|move: Protect\n|move|p1b: DONDE PONGO EL OJO|Poltergeist|p2b: Mamoswine\n|-activate|p2b: Mamoswine|move: Poltergeist|Life Orb\n|-damage|p2b: Mamoswine|70/100\n|\n|-heal|p2a: Vaporeon|96/100|[from] item: Leftovers\n|upkeep\n|turn|5\n|\n|t:|1788236747\n|move|p1b: DONDE PONGO EL OJO|Reflect|p1b: DONDE PONGO EL OJO\n|-sidestart|p1: Biboom|Reflect\n|move|p1a: GATA MICHU MICHU|Close Combat|p2b: Mamoswine\n|-supereffective|p2b: Mamoswine|1\n|-damage|p2b: Mamoswine|0 fnt\n|-unboost|p1a: GATA MICHU MICHU|def|1\n|-unboost|p1a: GATA MICHU MICHU|spd|1\n|faint|p2b: Mamoswine\n|move|p2a: Vaporeon|Yawn|p1a: GATA MICHU MICHU\n|-start|p1a: GATA MICHU MICHU|move: Yawn|[of] p2a: Vaporeon\n|\n|-heal|p2a: Vaporeon|100/100|[from] item: Leftovers\n|-sideend|p1: Biboom|move: Light Screen\n|upkeep\n|\n|t:|1788236758\n|switch|p2b: Delphox|Delphox-Mega, L50, F|21/100\n|turn|6\n|\n|t:|1788236857\n|move|p2b: Delphox|Psyshock|p1a: GATA MICHU MICHU\n|-supereffective|p1a: GATA MICHU MICHU|2\n|-damage|p1a: GATA MICHU MICHU|0 fnt\n|faint|p1a: GATA MICHU MICHU\n|move|p2a: Vaporeon|Shadow Ball|p1b: DONDE PONGO EL OJO\n|-damage|p1b: DONDE PONGO EL OJO|54/100\n|move|p1b: DONDE PONGO EL OJO|Poltergeist|p2b: Delphox\n|-activate|p2b: Delphox|move: Poltergeist|Delphoxite\n|-supereffective|p2b: Delphox|1\n|-damage|p2b: Delphox|0 fnt\n|faint|p2b: Delphox\n|\n|upkeep\n|\n|t:|1788236869\n|switch|p1a: LAGARTIJA COGELONA|Charizard, L50, M, shiny|100/100\n|turn|7\n|\n|t:|1788236952\n|detailschange|p1a: LAGARTIJA COGELONA|Charizard-Mega-Y, L50, M, shiny\n|-mega|p1a: LAGARTIJA COGELONA|Charizard|Charizardite Y\n|-weather|SunnyDay|[from] ability: Drought|[of] p1a: LAGARTIJA COGELONA\n|move|p1b: DONDE PONGO EL OJO|Light Screen|p1b: DONDE PONGO EL OJO\n|-sidestart|p1: Biboom|move: Light Screen\n|move|p1a: LAGARTIJA COGELONA|Solar Beam||[still]\n|-prepare|p1a: LAGARTIJA COGELONA|Solar Beam\n|-anim|p1a: LAGARTIJA COGELONA|Solar Beam|p2a: Vaporeon\n|-supereffective|p2a: Vaporeon|1\n|-damage|p2a: Vaporeon|25/100\n|move|p2a: Vaporeon|Yawn|p1a: LAGARTIJA COGELONA\n|-start|p1a: LAGARTIJA COGELONA|move: Yawn|[of] p2a: Vaporeon\n|\n|-weather|SunnyDay|[upkeep]\n|-heal|p2a: Vaporeon|31/100|[from] item: Leftovers\n|upkeep\n|turn|8\n|\n|t:|1788236976\n|move|p2a: Vaporeon|Protect|p2a: Vaporeon\n|-singleturn|p2a: Vaporeon|Protect\n|move|p1a: LAGARTIJA COGELONA|Solar Beam||[still]\n|-prepare|p1a: LAGARTIJA COGELONA|Solar Beam\n|-anim|p1a: LAGARTIJA COGELONA|Solar Beam|p2a: Vaporeon\n|-activate|p2a: Vaporeon|move: Protect\n|move|p1b: DONDE PONGO EL OJO|Poltergeist|p2a: Vaporeon\n|-activate|p2a: Vaporeon|move: Protect\n|\n|-weather|SunnyDay|[upkeep]\n|-heal|p2a: Vaporeon|37/100|[from] item: Leftovers\n|-end|p1a: LAGARTIJA COGELONA|move: Yawn|[silent]\n|-status|p1a: LAGARTIJA COGELONA|slp\n|upkeep\n|turn|9\n|\n|t:|1788236998\n|move|p1b: DONDE PONGO EL OJO|Encore|p2a: Vaporeon\n|-start|p2a: Vaporeon|Encore\n|move|p2a: Vaporeon|Protect||[still]\n|-fail|p2a: Vaporeon\n|cant|p1a: LAGARTIJA COGELONA|slp\n|\n|-weather|SunnyDay|[upkeep]\n|-heal|p2a: Vaporeon|43/100|[from] item: Leftovers\n|-sideend|p1: Biboom|Reflect\n|upkeep\n|turn|10\n|\n|t:|1788237015\n|move|p2a: Vaporeon|Protect|p2a: Vaporeon\n|-singleturn|p2a: Vaporeon|Protect\n|cant|p1a: LAGARTIJA COGELONA|slp\n|move|p1b: DONDE PONGO EL OJO|Poltergeist|p2a: Vaporeon\n|-activate|p2a: Vaporeon|move: Protect\n|\n|-weather|SunnyDay|[upkeep]\n|-heal|p2a: Vaporeon|49/100|[from] item: Leftovers\n|upkeep\n|turn|11\n|\n|t:|1788237032\n|move|p2a: Vaporeon|Protect||[still]\n|-fail|p2a: Vaporeon\n|-curestatus|p1a: LAGARTIJA COGELONA|slp|[msg]\n|move|p1a: LAGARTIJA COGELONA|Solar Beam||[still]\n|-prepare|p1a: LAGARTIJA COGELONA|Solar Beam\n|-anim|p1a: LAGARTIJA COGELONA|Solar Beam|p2a: Vaporeon\n|-supereffective|p2a: Vaporeon|1\n|-damage|p2a: Vaporeon|0 fnt\n|faint|p2a: Vaporeon\n|\n|win|Biboom\n","uploadtime":1788237032,"views":"1","formatid":"gen9championsvgc2026regmbbo3","rating":null,"private":0,"password":null}