{"id":"gen9championsvgc2026regmb-2673856142","format":"[Gen 9 Champions] VGC 2026 Reg M-B","players":["22151266n","Thornlace48812"],"log":"|j|☆22151266n\n|j|☆Thornlace48812\n|t:|1788269160\n|gametype|doubles\n|player|p1|22151266n|2|1078\n|player|p2|Thornlace48812|102|1117\n|gen|9\n|tier|[Gen 9 Champions] VGC 2026 Reg M-B\n|rated|\n|rule|Species Clause: Limit one of each Pokémon\n|rule|Item Clause: Limit 1 of each item\n|clearpoke\n|poke|p1|Greninja, L50, M|\n|poke|p1|Vanilluxe, L50, F|\n|poke|p1|Klefki, L50, M, shiny|\n|poke|p1|Venusaur, L50, F|\n|poke|p1|Talonflame, L50, F, shiny|\n|poke|p1|Archaludon, L50, F|\n|poke|p2|Garchomp, L50, F|\n|poke|p2|Charizard, L50, F|\n|poke|p2|Whimsicott, L50, F|\n|poke|p2|Sylveon, L50, M|\n|poke|p2|Kingambit, L50, M|\n|poke|p2|Basculegion, L50, M|\n|teampreview|4\n|inactive|Battle timer is ON: inactive players will automatically lose when time's up. (requested by Thornlace48812)\nThornlace48812 rejected open team sheets.\n|inactive|22151266n has 60 seconds left.\n|inactive|22151266n has 30 seconds left.\n|inactive|22151266n has 20 seconds left.\n|inactive|22151266n has 15 seconds left.\n|inactive|22151266n has 10 seconds left.\n|inactive|22151266n has 5 seconds left.\n|\n|t:|1788269245\n|teamsize|p1|4\n|teamsize|p2|4\n|start\n|switch|p1a: Klefki|Klefki, L50, M, shiny|100/100\n|switch|p1b: Talonflame|Talonflame, L50, F, shiny|100/100\n|switch|p2a: Kingambit|Kingambit, L50, M|100/100\n|switch|p2b: Garchomp|Garchomp, L50, F|100/100\n|turn|1\n|inactive|22151266n has 30 seconds left.\n|inactive|22151266n has 20 seconds left.\n|inactive|22151266n has 15 seconds left.\n|inactive|22151266n has 10 seconds left.\n|inactive|22151266n has 5 seconds left.\n|\n|t:|1788269298\n|move|p1b: Talonflame|Tailwind|p1b: Talonflame\n|-sidestart|p1: 22151266n|move: Tailwind\n|move|p2a: Kingambit|Sucker Punch|p1a: Klefki\n|-resisted|p1a: Klefki|1\n|-damage|p1a: Klefki|71/100\n|move|p1a: Klefki|Dazzling Gleam|p2b: Garchomp|[spread] p2a,p2b\n|-supereffective|p2b: Garchomp|1\n|-damage|p2a: Kingambit|79/100\n|-damage|p2b: Garchomp|57/100\n|move|p2b: Garchomp|Dragon Claw|p1a: Klefki\n|-immune|p1a: Klefki\n|\n|upkeep\n|turn|2\n|inactive|22151266n has 30 seconds left.\n|\n|t:|1788269332\n|switch|p1b: Venusaur|Venusaur, L50, F|100/100\n|move|p1a: Klefki|Sunny Day|p1a: Klefki\n|-weather|SunnyDay\n|move|p2a: Kingambit|Sucker Punch||[still]\n|-fail|p2a: Kingambit\n|move|p2b: Garchomp|Dragon Claw|p1b: Venusaur\n|-damage|p1b: Venusaur|33/100\n|-damage|p2b: Garchomp|48/100|[from] item: Life Orb\n|\n|-weather|SunnyDay|[upkeep]\n|upkeep\n|turn|3\n|\n|t:|1788269347\n|move|p1b: Venusaur|Protect|p1b: Venusaur\n|-singleturn|p1b: Venusaur|Protect\n|move|p2b: Garchomp|Protect|p2b: Garchomp\n|-singleturn|p2b: Garchomp|Protect\n|move|p1a: Klefki|Dazzling Gleam|p2a: Kingambit|[spread] p2a\n|-activate|p2b: Garchomp|move: Protect\n|-damage|p2a: Kingambit|60/100\n|move|p2a: Kingambit|Low Kick|p1b: Venusaur\n|-activate|p1b: Venusaur|move: Protect\n|\n|-weather|SunnyDay|[upkeep]\n|upkeep\n|turn|4\n|inactive|22151266n has 30 seconds left.\n|\n|t:|1788269382\n|switch|p1b: Talonflame|Talonflame, L50, F, shiny|100/100\n|move|p2a: Kingambit|Sucker Punch||[still]\n|-fail|p2a: Kingambit\n|move|p1a: Klefki|Dazzling Gleam|p2b: Garchomp|[spread] p2a,p2b\n|-supereffective|p2b: Garchomp|1\n|-damage|p2a: Kingambit|41/100\n|-damage|p2b: Garchomp|5/100\n|move|p2b: Garchomp|Dragon Claw|p1b: Talonflame\n|-damage|p1b: Talonflame|27/100\n|-damage|p2b: Garchomp|0 fnt|[from] item: Life Orb\n|faint|p2b: Garchomp\n|\n|-weather|SunnyDay|[upkeep]\n|-sideend|p1: 22151266n|move: Tailwind\n|upkeep\n|\n|t:|1788269382\n|switch|p2b: Charizard|Charizard, L50, F|100/100\n|turn|5\n|inactive|22151266n has 30 seconds left.\n|\n|t:|1788269415\n|switch|p1b: Archaludon|Archaludon, L50, F|100/100\n|detailschange|p2b: Charizard|Charizard-Mega-Y, L50, F\n|-mega|p2b: Charizard|Charizard|Charizardite Y\n|move|p2a: Kingambit|Sucker Punch||[still]\n|-fail|p2a: Kingambit\n|move|p1a: Klefki|Rain Dance|p1a: Klefki\n|-weather|RainDance\n|move|p2b: Charizard|Heat Wave|p1a: Klefki|[spread] p1a,p1b\n|-supereffective|p1a: Klefki|1\n|-damage|p1a: Klefki|33/100\n|-damage|p1b: Archaludon|78/100\n|-ability|p1b: Archaludon|Stamina|boost\n|-boost|p1b: Archaludon|def|1\n|-enditem|p1a: Klefki|Sitrus Berry|[eat]\n|-heal|p1a: Klefki|58/100|[from] item: Sitrus Berry\n|\n|-weather|RainDance|[upkeep]\n|-heal|p1b: Archaludon|84/100|[from] item: Leftovers\n|upkeep\n|turn|6\n|inactive|22151266n has 30 seconds left.\n|inactive|22151266n has 20 seconds left.\n|\n|t:|1788269454\n|move|p2b: Charizard|Ancient Power|p1b: Archaludon\n|-resisted|p1b: Archaludon|1\n|-damage|p1b: Archaludon|72/100\n|-ability|p1b: Archaludon|Stamina|boost\n|-boost|p1b: Archaludon|def|1\n|move|p1b: Archaludon|Electro Shot||[still]\n|-prepare|p1b: Archaludon|Electro Shot\n|-boost|p1b: Archaludon|spa|1\n|-anim|p1b: Archaludon|Electro Shot|p2a: Kingambit\n|-damage|p2a: Kingambit|0 fnt\n|faint|p2a: Kingambit\n|-end|p2a: Kingambit|fallenundefined|[silent]\n|move|p1a: Klefki|Dazzling Gleam|p2b: Charizard\n|-resisted|p2b: Charizard|1\n|-damage|p2b: Charizard|87/100\n|\n|-weather|RainDance|[upkeep]\n|-heal|p1b: Archaludon|78/100|[from] item: Leftovers\n|upkeep\n|\n|t:|1788269455\n|switch|p2a: Sylveon|Sylveon, L50, M|100/100\n|turn|7\n|inactive|22151266n has 30 seconds left.\n|inactive|22151266n has 20 seconds left.\n|inactive|22151266n has 15 seconds left.\n|inactive|22151266n has 10 seconds left.\n|\n|t:|1788269504\n|switch|p1a: Talonflame|Talonflame, L50, F, shiny|27/100\n|move|p2b: Charizard|Protect|p2b: Charizard\n|-singleturn|p2b: Charizard|Protect\n|move|p1b: Archaludon|Electro Shot||[still]\n|-prepare|p1b: Archaludon|Electro Shot\n|-boost|p1b: Archaludon|spa|1\n|-anim|p1b: Archaludon|Electro Shot|p2b: Charizard\n|-activate|p2b: Charizard|move: Protect\n|move|p2a: Sylveon|Hyper Voice|p1b: Archaludon|[spread] p1a,p1b\n|-resisted|p1a: Talonflame|1\n|-crit|p1a: Talonflame\n|-damage|p1a: Talonflame|0 fnt\n|-damage|p1b: Archaludon|26/100\n|-ability|p1b: Archaludon|Stamina|boost\n|-boost|p1b: Archaludon|def|1\n|faint|p1a: Talonflame\n|\n|-weather|RainDance|[upkeep]\n|-heal|p1b: Archaludon|32/100|[from] item: Leftovers\n|upkeep\n|\n|t:|1788269526\n|switch|p1a: Klefki|Klefki, L50, M, shiny|58/100\n|turn|8\n|\n|t:|1788269541\n|move|p2a: Sylveon|Detect|p2a: Sylveon\n|-singleturn|p2a: Sylveon|Protect\n|move|p2b: Charizard|Ancient Power|p1b: Archaludon\n|-resisted|p1b: Archaludon|1\n|-damage|p1b: Archaludon|20/100y\n|-ability|p1b: Archaludon|Stamina|boost\n|-boost|p1b: Archaludon|def|1\n|move|p1b: Archaludon|Electro Shot||[still]\n|-prepare|p1b: Archaludon|Electro Shot\n|-boost|p1b: Archaludon|spa|1\n|-anim|p1b: Archaludon|Electro Shot|p2b: Charizard\n|-supereffective|p2b: Charizard|1\n|-damage|p2b: Charizard|0 fnt\n|faint|p2b: Charizard\n|move|p1a: Klefki|Dazzling Gleam|p2a: Sylveon\n|-activate|p2a: Sylveon|move: Protect\n|\n|-weather|RainDance|[upkeep]\n|-heal|p1b: Archaludon|26/100|[from] item: Leftovers\n|upkeep\n|turn|9\n|\n|t:|1788269566\n|move|p1b: Archaludon|Flash Cannon|p2a: Sylveon\n|-supereffective|p2a: Sylveon|1\n|-damage|p2a: Sylveon|0 fnt\n|faint|p2a: Sylveon\n|\n|win|22151266n\n|raw|22151266n's rating: 1078 &rarr; <strong>1112</strong><br />(+34 for winning)\n|raw|Thornlace48812's rating: 1149 &rarr; <strong>1119</strong><br />(-30 for losing)\n","uploadtime":1788269566,"views":"1","formatid":"gen9championsvgc2026regmb","rating":1112,"private":0,"password":null}