{"id":"gen9championsvgc2026regmb-2674857582","format":"[Gen 9 Champions] VGC 2026 Reg M-B","players":["Newyiddyboy","slimboy17"],"log":"|j|☆Newyiddyboy\n|j|☆slimboy17\n|t:|1788422652\n|gametype|doubles\n|player|p1|Newyiddyboy|aquagruntf-rse|1340\n|player|p2|slimboy17|ethan|1350\n|gen|9\n|tier|[Gen 9 Champions] VGC 2026 Reg M-B\n|rated|\n|rule|Species Clause: Limit one of each Pokémon\n|rule|Item Clause: Limit 1 of each item\n|clearpoke\n|poke|p1|Incineroar, L50, F|\n|poke|p1|Sinistcha, L50|\n|poke|p1|Annihilape, L50, F|\n|poke|p1|Pelipper, L50, M|\n|poke|p1|Swampert, L50, M|\n|poke|p1|Dragonite, L50, F|\n|poke|p2|Charizard, L50, M|\n|poke|p2|Toxapex, L50, F|\n|poke|p2|Incineroar, L50, M|\n|poke|p2|Venusaur, L50, M|\n|poke|p2|Sylveon, L50, M|\n|poke|p2|Garchomp, L50, M|\n|teampreview|4\n|inactive|Battle timer is ON: inactive players will automatically lose when time's up. (requested by Newyiddyboy)\n|inactive|slimboy17 also wants the timer to be on.\n|inactive|slimboy17 has 60 seconds left.\n|inactive|slimboy17 has 30 seconds left.\n|\n|t:|1788422719\n|teamsize|p1|4\n|teamsize|p2|4\n|start\n|switch|p1a: Incineroar|Incineroar, L50, F|100/100\n|switch|p1b: Annihilape|Annihilape, L50, F|100/100\n|switch|p2a: Incineroar|Incineroar, L50, M|100/100\n|switch|p2b: Sylveon|Sylveon, L50, M|100/100\n|-ability|p1a: Incineroar|Intimidate|boost\n|-unboost|p2a: Incineroar|atk|1\n|-unboost|p2b: Sylveon|atk|1\n|-ability|p2a: Incineroar|Intimidate|boost\n|-unboost|p1a: Incineroar|atk|1\n|-unboost|p1b: Annihilape|atk|1\n|-ability|p1b: Annihilape|Defiant|boost\n|-boost|p1b: Annihilape|atk|2\n|turn|1\n|inactive|Newyiddyboy has 30 seconds left.\n|inactive|slimboy17 has 30 seconds left.\n|inactive|Newyiddyboy has 20 seconds left.\n|inactive|slimboy17 has 20 seconds left.\n|\n|t:|1788422758\n|move|p1a: Incineroar|Fake Out|p2b: Sylveon\n|-damage|p2b: Sylveon|92/100\n|move|p1b: Annihilape|Drain Punch|p2a: Incineroar\n|-supereffective|p2a: Incineroar|1\n|-damage|p2a: Incineroar|28/100\n|-enditem|p2a: Incineroar|Sitrus Berry|[eat]\n|-heal|p2a: Incineroar|53/100|[from] item: Sitrus Berry\n|move|p2a: Incineroar|Parting Shot|p1a: Incineroar\n|-unboost|p1a: Incineroar|atk|1\n|-unboost|p1a: Incineroar|spa|1\n|\n|t:|1788422775\n|switch|p2a: Charizard|Charizard, L50, M|100/100|[from] Parting Shot\n|cant|p2b: Sylveon|flinch\n|\n|upkeep\n|turn|2\n|\n|t:|1788422797\n|detailschange|p2a: Charizard|Charizard-Mega-Y, L50, M\n|-mega|p2a: Charizard|Charizard|Charizardite Y\n|-weather|SunnyDay|[from] ability: Drought|[of] p2a: Charizard\n|move|p1b: Annihilape|Protect|p1b: Annihilape\n|-singleturn|p1b: Annihilape|Protect\n|move|p2a: Charizard|Weather Ball|p1b: Annihilape\n|-activate|p1b: Annihilape|move: Protect\n|move|p1a: Incineroar|Throat Chop|p2b: Sylveon\n|-resisted|p2b: Sylveon|1\n|-damage|p2b: Sylveon|85/100\n|-start|p2b: Sylveon|Throat Chop|[silent]\n|cant|p2b: Sylveon|move: Throat Chop\n|\n|-weather|SunnyDay|[upkeep]\n|upkeep\n|turn|3\n|inactive|slimboy17 has 30 seconds left.\n|\n|t:|1788422825\n|switch|p2a: Venusaur|Venusaur, L50, M|100/100\n|switch|p1a: Pelipper|Pelipper, L50, M|100/100\n|-weather|RainDance|[from] ability: Drizzle|[of] p1a: Pelipper\n|move|p1b: Annihilape|Rage Fist|p2b: Sylveon\n|-damage|p2b: Sylveon|55/100\n|move|p2b: Sylveon|Yawn|p1b: Annihilape\n|-start|p1b: Annihilape|move: Yawn|[of] p2b: Sylveon\n|\n|-weather|RainDance|[upkeep]\n|-end|p2b: Sylveon|Throat Chop|[silent]\n|upkeep\n|turn|4\n|inactive|Newyiddyboy has 30 seconds left.\n|inactive|slimboy17 has 30 seconds left.\n|inactive|slimboy17 has 20 seconds left.\n|\n|t:|1788422863\n|switch|p1b: Incineroar|Incineroar, L50, F|100/100\n|-ability|p1b: Incineroar|Intimidate|boost\n|-unboost|p2a: Venusaur|atk|1\n|-unboost|p2b: Sylveon|atk|1\n|switch|p2b: Charizard|Charizard-Mega-Y, L50, M|100/100\n|-weather|SunnyDay|[from] ability: Drought|[of] p2b: Charizard\n|move|p2a: Venusaur|Leaf Storm|p1a: Pelipper\n|-damage|p1a: Pelipper|0 fnt\n|-unboost|p2a: Venusaur|spa|2\n|faint|p1a: Pelipper\n|-damage|p2a: Venusaur|90/100|[from] item: Life Orb\n|\n|-weather|SunnyDay|[upkeep]\n|upkeep\n|\n|t:|1788422883\n|switch|p1a: Annihilape|Annihilape, L50, F|100/100\n|turn|5\n|inactive|Newyiddyboy has 30 seconds left.\n|inactive|slimboy17 has 30 seconds left.\n|inactive|Newyiddyboy has 20 seconds left.\n|l|☆slimboy17\n|inactive|slimboy17 disconnected and has a minute to reconnect!\n|player|p2|\n|inactive|Newyiddyboy has 15 seconds left.\n|\n|t:|1788422925\n|switch|p2a: Sylveon|Sylveon, L50, M|55/100\n|move|p2b: Charizard|Protect|p2b: Charizard\n|-singleturn|p2b: Charizard|Protect\n|move|p1b: Incineroar|Fake Out|p2b: Charizard\n|-activate|p2b: Charizard|move: Protect\n|move|p1a: Annihilape|Rage Fist|p2a: Sylveon\n|-damage|p2a: Sylveon|36/100\n|\n|-weather|SunnyDay|[upkeep]\n|upkeep\n|turn|6\n|j|☆slimboy17\n|inactive|slimboy17 reconnected and has 50 seconds left.\n|player|p2|slimboy17|ethan|\n|inactive|Newyiddyboy has 30 seconds left.\n|\n|t:|1788422952\n|move|p1a: Annihilape|Protect|p1a: Annihilape\n|-singleturn|p1a: Annihilape|Protect\n|move|p2b: Charizard|Weather Ball|p1a: Annihilape\n|-activate|p1a: Annihilape|move: Protect\n|move|p1b: Incineroar|Throat Chop|p2a: Sylveon\n|-resisted|p2a: Sylveon|1\n|-damage|p2a: Sylveon|21/100\n|-start|p2a: Sylveon|Throat Chop|[silent]\n|move|p2a: Sylveon|Yawn|p1b: Incineroar\n|-start|p1b: Incineroar|move: Yawn|[of] p2a: Sylveon\n|\n|-weather|SunnyDay|[upkeep]\n|upkeep\n|turn|7\n|inactive|Newyiddyboy has 30 seconds left.\n|inactive|Newyiddyboy has 20 seconds left.\n|\n|t:|1788422992\n|move|p2a: Sylveon|Quick Attack|p1a: Annihilape\n|-supereffective|p1a: Annihilape|1\n|-damage|p1a: Annihilape|72/100\n|move|p1a: Annihilape|Rage Fist|p2a: Sylveon\n|-damage|p2a: Sylveon|0 fnt\n|faint|p2a: Sylveon\n|move|p2b: Charizard|Weather Ball|p1a: Annihilape\n|-damage|p1a: Annihilape|0 fnt\n|faint|p1a: Annihilape\n|move|p1b: Incineroar|Parting Shot|p2b: Charizard\n|-unboost|p2b: Charizard|atk|1\n|-unboost|p2b: Charizard|spa|1\n|\n|t:|1788423006\n|switch|p1b: Swampert|Swampert, L50, M|100/100|[from] Parting Shot\n|\n|-weather|SunnyDay|[upkeep]\n|upkeep\n|\n|t:|1788423014\n|switch|p1a: Incineroar|Incineroar, L50, F|100/100\n|switch|p2a: Venusaur|Venusaur, L50, M|90/100\n|-ability|p1a: Incineroar|Intimidate|boost\n|-unboost|p2a: Venusaur|atk|1\n|-unboost|p2b: Charizard|atk|1\n|turn|8\n|\n|t:|1788423038\n|switch|p2b: Incineroar|Incineroar, L50, M|53/100\n|-ability|p2b: Incineroar|Intimidate|boost\n|-unboost|p1a: Incineroar|atk|1\n|-unboost|p1b: Swampert|atk|1\n|detailschange|p1b: Swampert|Swampert-Mega, L50, M\n|-mega|p1b: Swampert|Swampert|Swampertite\n|move|p2a: Venusaur|Protect|p2a: Venusaur\n|-singleturn|p2a: Venusaur|Protect\n|move|p1b: Swampert|Protect|p1b: Swampert\n|-singleturn|p1b: Swampert|Protect\n|move|p1a: Incineroar|Flare Blitz|p2a: Venusaur\n|-activate|p2a: Venusaur|move: Protect\n|\n|-weather|none\n|upkeep\n|turn|9\n|\n|t:|1788423057\n|switch|p2b: Charizard|Charizard-Mega-Y, L50, M|100/100\n|-weather|SunnyDay|[from] ability: Drought|[of] p2b: Charizard\n|move|p2a: Venusaur|Leaf Storm|p1b: Swampert\n|-supereffective|p1b: Swampert|2\n|-damage|p1b: Swampert|0 fnt\n|-unboost|p2a: Venusaur|spa|2\n|faint|p1b: Swampert\n|-damage|p2a: Venusaur|81/100|[from] item: Life Orb\n|move|p1a: Incineroar|Flare Blitz|p2a: Venusaur\n|-supereffective|p2a: Venusaur|1\n|-damage|p2a: Venusaur|0 fnt\n|faint|p2a: Venusaur\n|-damage|p1a: Incineroar|78/100|[from] Recoil\n|\n|-weather|SunnyDay|[upkeep]\n|upkeep\n|\n|t:|1788423075\n|switch|p2a: Incineroar|Incineroar, L50, M|53/100\n|-ability|p2a: Incineroar|Intimidate|boost\n|-unboost|p1a: Incineroar|atk|1\n|turn|10\n|\n|t:|1788423082\n|move|p2a: Incineroar|Fake Out|p1a: Incineroar\n|-damage|p1a: Incineroar|69/100\n|move|p2b: Charizard|Ancient Power|p1a: Incineroar\n|-supereffective|p1a: Incineroar|1\n|-damage|p1a: Incineroar|36/100\n|cant|p1a: Incineroar|flinch\n|\n|-weather|SunnyDay|[upkeep]\n|upkeep\n|turn|11\n|\n|t:|1788423094\n|move|p2b: Charizard|Ancient Power|p1a: Incineroar\n|-supereffective|p1a: Incineroar|1\n|-damage|p1a: Incineroar|1/100\n|move|p1a: Incineroar|Flare Blitz|p2b: Charizard\n|-resisted|p2b: Charizard|1\n|-damage|p2b: Charizard|83/100\n|-damage|p1a: Incineroar|0 fnt|[from] Recoil\n|faint|p1a: Incineroar\n|\n|win|slimboy17\n|raw|Newyiddyboy's rating: 1340 &rarr; <strong>1321</strong><br />(-19 for losing)\n|raw|slimboy17's rating: 1350 &rarr; <strong>1369</strong><br />(+19 for winning)\n|l|☆Newyiddyboy\n|player|p1|\n","uploadtime":1788423104,"views":"2","formatid":"gen9championsvgc2026regmb","rating":1321,"private":0,"password":null}