{"id":"gen9championsvgc2026regmb-2674436823","format":"[Gen 9 Champions] VGC 2026 Reg M-B","players":["mls2395","sigmone"],"log":"|j|☆mls2395\n|j|☆sigmone\n|t:|1788359672\n|gametype|doubles\n|player|p1|mls2395|101|1360\n|player|p2|sigmone|clerk|1362\n|gen|9\n|tier|[Gen 9 Champions] VGC 2026 Reg M-B\n|rated|\n|rule|Species Clause: Limit one of each Pokémon\n|rule|Item Clause: Limit 1 of each item\n|clearpoke\n|poke|p1|Delphox, L50, F|\n|poke|p1|Sneasler, L50, M|\n|poke|p1|Sinistcha, L50|\n|poke|p1|Incineroar, L50, M|\n|poke|p1|Floette-Eternal, L50, F|\n|poke|p1|Kingambit, L50, M|\n|poke|p2|Gholdengo, L50|\n|poke|p2|Raichu, L50, F|\n|poke|p2|Garchomp, L50, F|\n|poke|p2|Talonflame, L50, F|\n|poke|p2|Tsareena, L50, F|\n|poke|p2|Sylveon, L50, F|\n|teampreview|4\n|inactive|Battle timer is ON: inactive players will automatically lose when time's up. (requested by sigmone)\n|\n|t:|1788359730\n|teamsize|p1|4\n|teamsize|p2|4\n|start\n|switch|p1a: Delphox|Delphox, L50, F|100/100\n|switch|p1b: Sinistcha|Sinistcha, L50|100/100\n|switch|p2a: Garchomp|Garchomp, L50, F|100/100\n|switch|p2b: Talonflame|Talonflame, L50, F|100/100\n|turn|1\n|\n|t:|1788359753\n|switch|p1b: Incineroar|Incineroar, L50, M|100/100\n|-ability|p1b: Incineroar|Intimidate|boost\n|-unboost|p2a: Garchomp|atk|1\n|-unboost|p2b: Talonflame|atk|1\n|detailschange|p1a: Delphox|Delphox-Mega, L50, F\n|-mega|p1a: Delphox|Delphox|Delphoxite\n|move|p2b: Talonflame|Tailwind|p2b: Talonflame\n|-sidestart|p2: sigmone|move: Tailwind\n|move|p2a: Garchomp|Rock Slide|p1a: Delphox|[spread] p1a,p1b\n|-supereffective|p1a: Delphox|1\n|-supereffective|p1b: Incineroar|1\n|-damage|p1a: Delphox|67/100\n|-damage|p1b: Incineroar|73/100\n|move|p1a: Delphox|Nasty Plot|p1a: Delphox\n|-boost|p1a: Delphox|spa|2\n|\n|upkeep\n|turn|2\n|inactive|mls2395 has 30 seconds left.\n|\n|t:|1788359780\n|move|p2a: Garchomp|Protect|p2a: Garchomp\n|-singleturn|p2a: Garchomp|Protect\n|move|p1b: Incineroar|Fake Out|p2a: Garchomp\n|-activate|p2a: Garchomp|move: Protect\n|move|p2b: Talonflame|Dual Wingbeat|p1a: Delphox\n|-damage|p1a: Delphox|52/100\n|-damage|p1a: Delphox|39/100\n|-hitcount|p1a: Delphox|2\n|move|p1a: Delphox|Psychic|p2a: Garchomp\n|-activate|p2a: Garchomp|move: Protect\n|\n|upkeep\n|turn|3\n|\n|t:|1788359799\n|switch|p1b: Sinistcha|Sinistcha, L50|100/100\n|-heal|p1a: Delphox|64/100|[from] ability: Hospitality|[of] p1b: Sinistcha\n|move|p1a: Delphox|Protect|p1a: Delphox\n|-singleturn|p1a: Delphox|Protect\n|move|p2b: Talonflame|Dual Wingbeat|p1a: Delphox\n|-activate|p1a: Delphox|move: Protect\n|move|p2a: Garchomp|Rock Slide|p1b: Sinistcha|[spread] \n|-activate|p1a: Delphox|move: Protect\n|-miss|p2a: Garchomp|p1b: Sinistcha\n|\n|upkeep\n|turn|4\n|inactive|sigmone has 30 seconds left.\n|\n|t:|1788359827\n|switch|p2a: Raichu|Raichu, L50, F|100/100\n|switch|p1b: Incineroar|Incineroar, L50, M|73/100\n|-ability|p1b: Incineroar|Intimidate|boost\n|-unboost|p2a: Raichu|atk|1\n|-unboost|p2b: Talonflame|atk|1\n|move|p2b: Talonflame|Dual Wingbeat|p1b: Incineroar\n|-damage|p1b: Incineroar|64/100\n|-damage|p1b: Incineroar|54/100\n|-hitcount|p1b: Incineroar|2\n|move|p1a: Delphox|Psychic|p2a: Raichu\n|-damage|p2a: Raichu|0 fnt\n|faint|p2a: Raichu\n|\n|-sideend|p2: sigmone|move: Tailwind\n|upkeep\n|\n|t:|1788359841\n|switch|p2a: Garchomp|Garchomp, L50, F|100/100\n|turn|5\n|\n|t:|1788359851\n|move|p2a: Garchomp|Protect|p2a: Garchomp\n|-singleturn|p2a: Garchomp|Protect\n|move|p1b: Incineroar|Fake Out|p2a: Garchomp\n|-activate|p2a: Garchomp|move: Protect\n|move|p2b: Talonflame|Tailwind|p2b: Talonflame\n|-sidestart|p2: sigmone|move: Tailwind\n|move|p1a: Delphox|Psychic|p2b: Talonflame\n|-damage|p2b: Talonflame|0 fnt\n|faint|p2b: Talonflame\n|\n|upkeep\n|\n|t:|1788359860\n|switch|p2b: Tsareena|Tsareena, L50, F|100/100\n|turn|6\n|\n|t:|1788359875\n|switch|p1b: Sinistcha|Sinistcha, L50|100/100\n|-heal|p1a: Delphox|89/100|[from] ability: Hospitality|[of] p1b: Sinistcha\n|move|p1a: Delphox|Protect|p1a: Delphox\n|-singleturn|p1a: Delphox|Protect\n|move|p2a: Garchomp|Rock Slide|p1b: Sinistcha|[spread] p1b\n|-activate|p1a: Delphox|move: Protect\n|-damage|p1b: Sinistcha|84/100\n|move|p2b: Tsareena|Triple Axel|p1b: Sinistcha\n|-supereffective|p1b: Sinistcha|1\n|-damage|p1b: Sinistcha|74/100\n|-supereffective|p1b: Sinistcha|1\n|-damage|p1b: Sinistcha|51/100\n|-supereffective|p1b: Sinistcha|1\n|-damage|p1b: Sinistcha|18/100\n|-hitcount|p1b: Sinistcha|3\n|\n|upkeep\n|turn|7\n|inactive|sigmone has 30 seconds left.\n|\n|t:|1788359901\n|switch|p1b: Incineroar|Incineroar, L50, M|54/100\n|-ability|p1b: Incineroar|Intimidate|boost\n|-unboost|p2a: Garchomp|atk|1\n|-unboost|p2b: Tsareena|atk|1\n|move|p2b: Tsareena|Protect|p2b: Tsareena\n|-singleturn|p2b: Tsareena|Protect\n|move|p2a: Garchomp|Dragon Claw|p1a: Delphox\n|-damage|p1a: Delphox|50/100g\n|move|p1a: Delphox|Heat Wave|p2a: Garchomp|[spread] p2a\n|-activate|p2b: Tsareena|move: Protect\n|-resisted|p2a: Garchomp|1\n|-damage|p2a: Garchomp|61/100\n|\n|upkeep\n|turn|8\n|\n|t:|1788359923\n|move|p1a: Delphox|Protect|p1a: Delphox\n|-singleturn|p1a: Delphox|Protect\n|move|p2a: Garchomp|Stomping Tantrum|p1b: Incineroar\n|-supereffective|p1b: Incineroar|1\n|-damage|p1b: Incineroar|4/100\n|-enditem|p1b: Incineroar|Sitrus Berry|[eat]\n|-heal|p1b: Incineroar|29/100|[from] item: Sitrus Berry\n|move|p2b: Tsareena|Power Whip|p1a: Delphox\n|-activate|p1a: Delphox|move: Protect\n|move|p1b: Incineroar|Parting Shot|p2a: Garchomp\n|-unboost|p2a: Garchomp|atk|1\n|-unboost|p2a: Garchomp|spa|1\n|\n|t:|1788359936\n|switch|p1b: Sinistcha|Sinistcha, L50|18/100|[from] Parting Shot\n|-heal|p1a: Delphox|75/100|[from] ability: Hospitality|[of] p1b: Sinistcha\n|\n|-sideend|p2: sigmone|move: Tailwind\n|upkeep\n|turn|9\n|\n|t:|1788359949\n|switch|p1b: Incineroar|Incineroar, L50, M|29/100\n|-ability|p1b: Incineroar|Intimidate|boost\n|-unboost|p2a: Garchomp|atk|1\n|-unboost|p2b: Tsareena|atk|1\n|move|p1a: Delphox|Heat Wave|p2b: Tsareena|[spread] p2a,p2b\n|-resisted|p2a: Garchomp|1\n|-supereffective|p2b: Tsareena|1\n|-damage|p2a: Garchomp|18/100\n|-damage|p2b: Tsareena|0 fnt\n|-status|p2a: Garchomp|brn\n|-enditem|p2a: Garchomp|Sitrus Berry|[eat]\n|-heal|p2a: Garchomp|43/100 brn|[from] item: Sitrus Berry\n|faint|p2b: Tsareena\n|move|p2a: Garchomp|Rock Slide|p1a: Delphox|[spread] p1a,p1b\n|-supereffective|p1a: Delphox|1\n|-supereffective|p1b: Incineroar|1\n|-crit|p1b: Incineroar\n|-damage|p1a: Delphox|66/100\n|-damage|p1b: Incineroar|0 fnt\n|faint|p1b: Incineroar\n|\n|-damage|p2a: Garchomp|37/100 brn|[from] brn\n|upkeep\n|-message|sigmone forfeited.\n|\n|win|mls2395\n|raw|mls2395's rating: 1360 &rarr; <strong>1380</strong><br />(+20 for winning)\n|raw|sigmone's rating: 1362 &rarr; <strong>1342</strong><br />(-20 for losing)\n|l|☆sigmone\n|player|p2|\n","uploadtime":1788359978,"views":"18","formatid":"gen9championsvgc2026regmb","rating":1342,"private":0,"password":null}