{"id":"gen9championsvgc2026regmb-2674904955","format":"[Gen 9 Champions] VGC 2026 Reg M-B","players":["albertospacka","Thornlace48812"],"log":"|j|☆albertospacka\n|j|☆Thornlace48812\n|t:|1788433240\n|gametype|doubles\n|player|p1|albertospacka|102|1356\n|player|p2|Thornlace48812|102|1343\n|gen|9\n|tier|[Gen 9 Champions] VGC 2026 Reg M-B\n|rated|\n|rule|Species Clause: Limit one of each Pokémon\n|rule|Item Clause: Limit 1 of each item\n|clearpoke\n|poke|p1|Blastoise, L50, M|\n|poke|p1|Camerupt, L50, M|\n|poke|p1|Farigiraf, L50, F|\n|poke|p1|Vanilluxe, L50, M|\n|poke|p1|Staraptor, L50, M|\n|poke|p1|Kingambit, L50, M|\n|poke|p2|Garchomp, L50, F|\n|poke|p2|Charizard, L50, M|\n|poke|p2|Whimsicott, L50, M|\n|poke|p2|Sylveon, L50, M|\n|poke|p2|Kingambit, L50, F|\n|poke|p2|Basculegion, L50, M|\n|teampreview|4\n|inactive|Battle timer is ON: inactive players will automatically lose when time's up. (requested by Thornlace48812)\nThornlace48812 rejected open team sheets.\n|\n|t:|1788433258\n|teamsize|p1|4\n|teamsize|p2|4\n|start\n|switch|p1a: Farigiraf|Farigiraf, L50, F|100/100\n|switch|p1b: Blastoise|Blastoise, L50, M|100/100\n|switch|p2a: Charizard|Charizard, L50, M|100/100\n|switch|p2b: Kingambit|Kingambit, L50, F|100/100\n|turn|1\n|\n|t:|1788433267\n|detailschange|p2a: Charizard|Charizard-Mega-Y, L50, M\n|-mega|p2a: Charizard|Charizard|Charizardite Y\n|-weather|SunnyDay|[from] ability: Drought|[of] p2a: Charizard\n|detailschange|p1b: Blastoise|Blastoise-Mega, L50, M\n|-mega|p1b: Blastoise|Blastoise|Blastoisinite\n|move|p1b: Blastoise|Fake Out|p2a: Charizard\n|-damage|p2a: Charizard|87/100\n|cant|p2a: Charizard|flinch\n|move|p2b: Kingambit|Kowtow Cleave|p1b: Blastoise\n|-damage|p1b: Blastoise|51/100\n|move|p1a: Farigiraf|Trick Room|p1a: Farigiraf\n|-fieldstart|move: Trick Room|[of] p1a: Farigiraf\n|\n|-weather|SunnyDay|[upkeep]\n|upkeep\n|turn|2\n|\n|t:|1788433281\n|move|p2a: Charizard|Protect|p2a: Charizard\n|-singleturn|p2a: Charizard|Protect\n|move|p1a: Farigiraf|Hyper Voice|p2b: Kingambit|[spread] p2b\n|-activate|p2a: Charizard|move: Protect\n|-resisted|p2b: Kingambit|1\n|-damage|p2b: Kingambit|84/100\n|move|p1b: Blastoise|Aura Sphere|p2b: Kingambit\n|-supereffective|p2b: Kingambit|2\n|-damage|p2b: Kingambit|0 fnt\n|faint|p2b: Kingambit\n|-end|p2b: Kingambit|fallenundefined|[silent]\n|\n|-weather|SunnyDay|[upkeep]\n|upkeep\n|\n|t:|1788433283\n|switch|p2b: Basculegion|Basculegion, L50, M|100/100\n|turn|3\n|\n|t:|1788433290\n|switch|p1a: Vanilluxe|Vanilluxe, L50, M|100/100\n|-weather|Snowscape|[from] ability: Snow Warning|[of] p1a: Vanilluxe\n|move|p1b: Blastoise|Dark Pulse|p2b: Basculegion\n|-supereffective|p2b: Basculegion|1\n|-damage|p2b: Basculegion|0 fnt\n|faint|p2b: Basculegion\n|move|p2a: Charizard|Ancient Power|p1b: Blastoise\n|-damage|p1b: Blastoise|29/100\n|\n|-weather|Snowscape|[upkeep]\n|upkeep\n|\n|t:|1788433292\n|switch|p2b: Whimsicott|Whimsicott, L50, M|100/100\n|turn|4\n|\n|t:|1788433299\n|move|p1b: Blastoise|Dark Pulse|p2a: Charizard\n|-damage|p2a: Charizard|38/100\n|move|p1a: Vanilluxe|Blizzard|p2a: Charizard|[spread] p2a,p2b\n|-supereffective|p2b: Whimsicott|1\n|-damage|p2a: Charizard|0 fnt\n|-enditem|p2b: Whimsicott|Focus Sash\n|-damage|p2b: Whimsicott|1/100\n|faint|p2a: Charizard\n|move|p2b: Whimsicott|Moonblast|p1b: Blastoise\n|-damage|p1b: Blastoise|0 fnt\n|faint|p1b: Blastoise\n|\n|-weather|Snowscape|[upkeep]\n|upkeep\n|\n|t:|1788433303\n|switch|p1b: Kingambit|Kingambit, L50, M|100/100\n|turn|5\n|\n|t:|1788433307\n|move|p2b: Whimsicott|Protect|p2b: Whimsicott\n|-singleturn|p2b: Whimsicott|Protect\n|move|p1a: Vanilluxe|Ice Shard|p2b: Whimsicott\n|-activate|p2b: Whimsicott|move: Protect\n|move|p1b: Kingambit|Iron Head|p2b: Whimsicott\n|-activate|p2b: Whimsicott|move: Protect\n|\n|-weather|Snowscape|[upkeep]\n|-fieldend|move: Trick Room\n|upkeep\n|turn|6\n|\n|t:|1788433310\n|move|p2b: Whimsicott|Tailwind|p2b: Whimsicott\n|-sidestart|p2: Thornlace48812|move: Tailwind\n|move|p1a: Vanilluxe|Ice Shard|p2b: Whimsicott\n|-supereffective|p2b: Whimsicott|1\n|-damage|p2b: Whimsicott|0 fnt\n|faint|p2b: Whimsicott\n|\n|win|albertospacka\n|raw|albertospacka's rating: 1356 &rarr; <strong>1373</strong><br />(+17 for winning)\n|raw|Thornlace48812's rating: 1299 &rarr; <strong>1278</strong><br />(-21 for losing)\n","uploadtime":1788433310,"views":"3","formatid":"gen9championsvgc2026regmb","rating":1278,"private":0,"password":null}