{"id":"gen9championsvgc2026regmb-2674616310","format":"[Gen 9 Champions] VGC 2026 Reg M-B","players":["helloXDDD","asefito"],"log":"|j|☆helloXDDD\n|j|☆asefito\n|t:|1788380723\n|gametype|doubles\n|player|p1|helloXDDD|265|1238\n|player|p2|asefito|169|1277\n|gen|9\n|tier|[Gen 9 Champions] VGC 2026 Reg M-B\n|rated|\n|rule|Species Clause: Limit one of each Pokémon\n|rule|Item Clause: Limit 1 of each item\n|clearpoke\n|poke|p1|Scovillain, L50, F|\n|poke|p1|Vanilluxe, L50, M|\n|poke|p1|Farigiraf, L50, M|\n|poke|p1|Kingambit, L50, M|\n|poke|p1|Raichu, L50, F|\n|poke|p1|Lycanroc-Dusk, L50, M|\n|poke|p2|Staraptor, L50, M, shiny|\n|poke|p2|Garchomp, L50, M, shiny|\n|poke|p2|Whimsicott, L50, M, shiny|\n|poke|p2|Delphox, L50, F, shiny|\n|poke|p2|Glimmora, L50, F, shiny|\n|poke|p2|Kingambit, L50, F, shiny|\n|teampreview|4\n|inactive|Battle timer is ON: inactive players will automatically lose when time's up. (requested by asefito)\n|inactive|helloXDDD has 60 seconds left.\n|\n|t:|1788380758\n|teamsize|p1|4\n|teamsize|p2|4\n|start\n|switch|p1a: Scovillain|Scovillain, L50, F|100/100\n|switch|p1b: Farigiraf|Farigiraf, L50, M|100/100\n|switch|p2a: Staraptor|Staraptor, L50, M, shiny|100/100\n|switch|p2b: Whimsicott|Whimsicott, L50, M, shiny|100/100\n|-ability|p2a: Staraptor|Intimidate|boost\n|-unboost|p1a: Scovillain|atk|1\n|-unboost|p1b: Farigiraf|atk|1\n|turn|1\n|\n|t:|1788380774\n|switch|p2a: Glimmora|Glimmora, L50, F, shiny|100/100\n|detailschange|p1a: Scovillain|Scovillain-Mega, L50, F\n|-mega|p1a: Scovillain|Scovillain|Scovillainite\n|move|p1a: Scovillain|Rage Powder|p1a: Scovillain\n|-singleturn|p1a: Scovillain|move: Rage Powder\n|move|p2b: Whimsicott|Moonblast|p1b: Farigiraf\n|-damage|p1b: Farigiraf|61/100\n|-unboost|p1b: Farigiraf|spa|1\n|move|p1b: Farigiraf|Trick Room|p1b: Farigiraf\n|-fieldstart|move: Trick Room|[of] p1b: Farigiraf\n|\n|upkeep\n|turn|2\n|inactive|asefito has 30 seconds left.\n|\n|t:|1788380800\n|move|p1b: Farigiraf|Psychic|p2a: Glimmora\n|-supereffective|p2a: Glimmora|1\n|-damage|p2a: Glimmora|27/100\n|-unboost|p2a: Glimmora|spd|1\n|move|p1a: Scovillain|Leech Seed|p2b: Whimsicott\n|-immune|p2b: Whimsicott\n|move|p2a: Glimmora|Earth Power|p1a: Scovillain\n|-damage|p1a: Scovillain|64/100\n|-status|p2a: Glimmora|brn|[from] ability: Spicy Spray|[of] p1a: Scovillain\n|move|p2b: Whimsicott|Moonblast|p1b: Farigiraf\n|-damage|p1b: Farigiraf|18/100\n|\n|-damage|p2a: Glimmora|21/100 brn|[from] brn\n|upkeep\n|turn|3\n|\n|t:|1788380819\n|move|p1b: Farigiraf|Protect|p1b: Farigiraf\n|-singleturn|p1b: Farigiraf|Protect\n|move|p1a: Scovillain|Leech Seed|p2a: Glimmora\n|-start|p2a: Glimmora|move: Leech Seed\n|move|p2a: Glimmora|Power Gem|p1a: Scovillain\n|-supereffective|p1a: Scovillain|1\n|-damage|p1a: Scovillain|0 fnt\n|faint|p1a: Scovillain\n|move|p2b: Whimsicott|Moonblast|p1b: Farigiraf\n|-activate|p1b: Farigiraf|move: Protect\n|\n|-damage|p2a: Glimmora|15/100 brn|[from] brn\n|upkeep\n|\n|t:|1788380831\n|switch|p1a: Kingambit|Kingambit, L50, M|100/100\n|turn|4\n|\n|t:|1788380840\n|switch|p1b: Vanilluxe|Vanilluxe, L50, M|100/100\n|-weather|Snowscape|[from] ability: Snow Warning|[of] p1b: Vanilluxe\n|switch|p2a: Garchomp|Garchomp, L50, M, shiny|100/100\n|move|p1a: Kingambit|Iron Head|p2b: Whimsicott\n|-supereffective|p2b: Whimsicott|1\n|-damage|p2b: Whimsicott|0 fnt\n|faint|p2b: Whimsicott\n|\n|-weather|Snowscape|[upkeep]\n|upkeep\n|\n|t:|1788380844\n|switch|p2b: Glimmora|Glimmora, L50, F, shiny|15/100 brn\n|turn|5\n|\n|t:|1788380859\n|move|p1a: Kingambit|Iron Head|p2b: Glimmora\n|-supereffective|p2b: Glimmora|1\n|-damage|p2b: Glimmora|0 fnt\n|-activate|p2b: Glimmora|ability: Toxic Debris\n|-sidestart|p1: helloXDDD|move: Toxic Spikes\n|faint|p2b: Glimmora\n|move|p1b: Vanilluxe|Aurora Veil|p1b: Vanilluxe\n|-sidestart|p1: helloXDDD|move: Aurora Veil\n|move|p2a: Garchomp|Earthquake|p1a: Kingambit|[spread] p1a,p1b\n|-supereffective|p1a: Kingambit|1\n|-damage|p1a: Kingambit|51/100\n|-damage|p1b: Vanilluxe|74/100\n|-damage|p2a: Garchomp|90/100|[from] item: Life Orb\n|\n|-weather|Snowscape|[upkeep]\n|-fieldend|move: Trick Room\n|upkeep\n|\n|t:|1788380865\n|switch|p2b: Staraptor|Staraptor, L50, M, shiny|100/100\n|-ability|p2b: Staraptor|Intimidate|boost\n|-unboost|p1a: Kingambit|atk|1\n|-ability|p1a: Kingambit|Defiant|boost\n|-boost|p1a: Kingambit|atk|2\n|-unboost|p1b: Vanilluxe|atk|1\n|turn|6\n|\n|t:|1788380884\n|detailschange|p2b: Staraptor|Staraptor-Mega, L50, M, shiny\n|-mega|p2b: Staraptor|Staraptor|Staraptite\n|move|p1a: Kingambit|Sucker Punch|p2b: Staraptor\n|-resisted|p2b: Staraptor|1\n|-damage|p2b: Staraptor|67/100\n|move|p2b: Staraptor|Close Combat|p1a: Kingambit\n|-supereffective|p1a: Kingambit|2\n|-enditem|p1a: Kingambit|Chople Berry|[eat]\n|-enditem|p1a: Kingambit|Chople Berry|[weaken]\n|-damage|p1a: Kingambit|0 fnt\n|-boost|p2b: Staraptor|def|1\n|-boost|p2b: Staraptor|spd|1\n|faint|p1a: Kingambit\n|move|p2a: Garchomp|Earthquake|p1b: Vanilluxe|[spread] p1b\n|-immune|p2b: Staraptor\n|-damage|p1b: Vanilluxe|48/100\n|-damage|p2a: Garchomp|80/100|[from] item: Life Orb\n|move|p1b: Vanilluxe|Blizzard|p2a: Garchomp|[spread] p2a,p2b\n|-supereffective|p2a: Garchomp|2\n|-supereffective|p2b: Staraptor|1\n|-damage|p2a: Garchomp|0 fnt\n|-damage|p2b: Staraptor|0 fnt\n|faint|p2a: Garchomp\n|faint|p2b: Staraptor\n|\n|win|helloXDDD\n|raw|helloXDDD's rating: 1238 &rarr; <strong>1266</strong><br />(+28 for winning)\n|raw|asefito's rating: 1277 &rarr; <strong>1249</strong><br />(-28 for losing)\n","uploadtime":1788380884,"views":"1","formatid":"gen9championsvgc2026regmb","rating":1249,"private":0,"password":null}