{"id":"gen9championsvgc2026regmb-2674789300","format":"[Gen 9 Champions] VGC 2026 Reg M-B","players":["sebieeee","sum1dum"],"log":"|j|☆sebieeee\n|j|☆sum1dum\n|t:|1788407152\n|gametype|doubles\n|player|p1|sebieeee|2|1562\n|player|p2|sum1dum|rosa|1527\n|gen|9\n|tier|[Gen 9 Champions] VGC 2026 Reg M-B\n|rated|\n|rule|Species Clause: Limit one of each Pokémon\n|rule|Item Clause: Limit 1 of each item\n|clearpoke\n|poke|p1|Floette-Eternal, L50, F|\n|poke|p1|Incineroar, L50, M, shiny|\n|poke|p1|Vivillon-Polar, L50, F|\n|poke|p1|Maushold-Four, L50, shiny|\n|poke|p1|Sinistcha, L50, shiny|\n|poke|p1|Delphox, L50, F, shiny|\n|poke|p2|Primarina, L50, M|\n|poke|p2|Scovillain, L50, M|\n|poke|p2|Slowking-Galar, L50, F|\n|poke|p2|Incineroar, L50, M|\n|poke|p2|Kingambit, L50, F|\n|poke|p2|Golurk, L50|\n|teampreview|4\n|inactive|Battle timer is ON: inactive players will automatically lose when time's up. (requested by sum1dum)\n|inactive|sebieeee has 60 seconds left.\n|inactive|sum1dum has 60 seconds left.\n|\n|t:|1788407187\n|teamsize|p1|4\n|teamsize|p2|4\n|start\n|switch|p1a: Incineroar|Incineroar, L50, M, shiny|100/100\n|switch|p1b: Floette|Floette-Eternal, L50, F|100/100\n|switch|p2a: Scovillain|Scovillain, L50, M|100/100\n|switch|p2b: Slowking|Slowking-Galar, L50, F|100/100\n|-ability|p1a: Incineroar|Intimidate|boost\n|-unboost|p2a: Scovillain|atk|1\n|-unboost|p2b: Slowking|atk|1\n|turn|1\n|\n|t:|1788407200\n|detailschange|p1b: Floette|Floette-Mega, L50, F\n|-mega|p1b: Floette|Floette|Floettite\n|-ability|p1b: Floette|Fairy Aura\n|detailschange|p2a: Scovillain|Scovillain-Mega, L50, M\n|-mega|p2a: Scovillain|Scovillain|Scovillainite\n|move|p1a: Incineroar|Fake Out|p2b: Slowking\n|-damage|p2b: Slowking|88/100\n|move|p1b: Floette|Calm Mind|p1b: Floette\n|-boost|p1b: Floette|spa|1\n|-boost|p1b: Floette|spd|1\n|move|p2a: Scovillain|Leech Seed|p1b: Floette\n|-start|p1b: Floette|move: Leech Seed\n|cant|p2b: Slowking|flinch\n|\n|-damage|p1b: Floette|88/100|[from] Leech Seed|[of] p2a: Scovillain\n|upkeep\n|turn|2\n|inactive|sebieeee has 30 seconds left.\n|inactive|sum1dum has 30 seconds left.\n|\n|t:|1788407232\n|switch|p1b: Sinistcha|Sinistcha, L50, shiny|100/100\n|move|p2a: Scovillain|Rage Powder|p2a: Scovillain\n|-singleturn|p2a: Scovillain|move: Rage Powder\n|move|p1a: Incineroar|Throat Chop|p2a: Scovillain\n|-damage|p2a: Scovillain|68/100\n|-start|p2a: Scovillain|Throat Chop|[silent]\n|move|p2b: Slowking|Trick Room|p2b: Slowking\n|-fieldstart|move: Trick Room|[of] p2b: Slowking\n|\n|upkeep\n|turn|3\n|inactive|sebieeee has 30 seconds left.\n|\n|t:|1788407259\n|move|p2b: Slowking|Acid Spray|p1b: Sinistcha\n|-damage|p1b: Sinistcha|85/100\n|-unboost|p1b: Sinistcha|spd|2\n|move|p1a: Incineroar|Flare Blitz|p2b: Slowking\n|-damage|p2b: Slowking|46/100\n|-enditem|p2b: Slowking|Sitrus Berry|[eat]\n|-heal|p2b: Slowking|71/100|[from] item: Sitrus Berry\n|-damage|p1a: Incineroar|86/100|[from] Recoil\n|move|p1b: Sinistcha|Life Dew|p1b: Sinistcha|[spread] p1a,p1b\n|-heal|p1a: Incineroar|100/100\n|-heal|p1b: Sinistcha|100/100\n|move|p2a: Scovillain|Flamethrower|p1b: Sinistcha\n|-supereffective|p1b: Sinistcha|1\n|-damage|p1b: Sinistcha|0 fnt\n|faint|p1b: Sinistcha\n|\n|-end|p2a: Scovillain|Throat Chop|[silent]\n|upkeep\n|\n|t:|1788407283\n|switch|p1b: Maushold|Maushold-Four, L50, shiny|100/100\n|turn|4\n|\n|t:|1788407301\n|move|p2a: Scovillain|Rage Powder|p2a: Scovillain\n|-singleturn|p2a: Scovillain|move: Rage Powder\n|-prepare|p2b: Slowking|Chilly Reception|[premajor]\n|move|p2b: Slowking|Chilly Reception|p2b: Slowking\n|-weather|Snowscape\n|\n|t:|1788407303\n|-heal|p2b: Slowking|100/100|[from] ability: Regenerator|[silent]\n|switch|p2b: Primarina|Primarina, L50, M|100/100|[from] Chilly Reception\n|move|p1a: Incineroar|Flare Blitz|p2a: Scovillain\n|-damage|p2a: Scovillain|26/100\n|-damage|p1a: Incineroar|88/100|[from] Recoil\n|move|p1b: Maushold|Super Fang|p2a: Scovillain|[miss]\n|-miss|p1b: Maushold|p2a: Scovillain\n|\n|-weather|Snowscape|[upkeep]\n|upkeep\n|turn|5\n|inactive|sebieeee has 30 seconds left.\n|inactive|sum1dum has 30 seconds left.\n|\n|t:|1788407332\n|move|p2b: Primarina|Hyper Voice|p1b: Maushold|[spread] p1a,p1b\n|-supereffective|p1a: Incineroar|1\n|-enditem|p1a: Incineroar|Passho Berry|[eat]\n|-enditem|p1a: Incineroar|Passho Berry|[weaken]\n|-damage|p1a: Incineroar|64/100\n|-damage|p1b: Maushold|53/100\n|move|p1a: Incineroar|Throat Chop|p2b: Primarina\n|-resisted|p2b: Primarina|1\n|-damage|p2b: Primarina|84/100\n|-start|p2b: Primarina|Throat Chop|[silent]\n|move|p2a: Scovillain|Leech Seed|p1b: Maushold\n|-start|p1b: Maushold|move: Leech Seed\n|move|p1b: Maushold|Super Fang|p2b: Primarina\n|-damage|p2b: Primarina|42/100\n|\n|-weather|Snowscape|[upkeep]\n|-heal|p2b: Primarina|48/100|[from] item: Leftovers\n|-damage|p1b: Maushold|40/100|[from] Leech Seed|[of] p2a: Scovillain\n|-heal|p2a: Scovillain|38/100|[silent]\n|upkeep\n|turn|6\n|inactive|sum1dum has 30 seconds left.\n|inactive|sebieeee has 30 seconds left.\n|\n|t:|1788407365\n|move|p1b: Maushold|Protect|p1b: Maushold\n|-singleturn|p1b: Maushold|Protect\n|move|p2b: Primarina|Calm Mind|p2b: Primarina\n|-boost|p2b: Primarina|spa|1\n|-boost|p2b: Primarina|spd|1\n|move|p1a: Incineroar|Parting Shot|p2b: Primarina\n|-unboost|p2b: Primarina|atk|1\n|-unboost|p2b: Primarina|spa|1\n|\n|t:|1788407369\n|switch|p1a: Floette|Floette-Mega, L50, F|88/100|[from] Parting Shot\n|-ability|p1a: Floette|Fairy Aura\n|move|p2a: Scovillain|Flamethrower|p1b: Maushold\n|-activate|p1b: Maushold|move: Protect\n|\n|-weather|Snowscape|[upkeep]\n|-heal|p2b: Primarina|55/100|[from] item: Leftovers\n|-damage|p1b: Maushold|28/100|[from] Leech Seed|[of] p2a: Scovillain\n|-heal|p2a: Scovillain|51/100|[silent]\n|-end|p2b: Primarina|Throat Chop|[silent]\n|-fieldend|move: Trick Room\n|upkeep\n|turn|7\n|inactive|sum1dum has 30 seconds left.\n|inactive|sum1dum has 20 seconds left.\n|\n|t:|1788407408\n|move|p1b: Maushold|Follow Me|p1b: Maushold\n|-singleturn|p1b: Maushold|move: Follow Me\n|move|p1a: Floette|Calm Mind|p1a: Floette\n|-boost|p1a: Floette|spa|1\n|-boost|p1a: Floette|spd|1\n|move|p2a: Scovillain|Leech Seed||[still]\n|-fail|p2a: Scovillain\n|move|p2b: Primarina|Hyper Voice|p1b: Maushold|[spread] p1a,p1b\n|-damage|p1a: Floette|71/100\n|-damage|p1b: Maushold|0 fnt\n|faint|p1b: Maushold\n|\n|-weather|Snowscape|[upkeep]\n|-heal|p2b: Primarina|61/100|[from] item: Leftovers\n|upkeep\n|\n|t:|1788407416\n|switch|p1b: Incineroar|Incineroar, L50, M, shiny|64/100\n|-ability|p1b: Incineroar|Intimidate|boost\n|-unboost|p2a: Scovillain|atk|1\n|-unboost|p2b: Primarina|atk|1\n|turn|8\n|\n|t:|1788407436\n|move|p1a: Floette|Calm Mind|p1a: Floette\n|-boost|p1a: Floette|spa|1\n|-boost|p1a: Floette|spd|1\n|move|p2a: Scovillain|Leech Seed|p1a: Floette\n|-start|p1a: Floette|move: Leech Seed\n|move|p1b: Incineroar|Flare Blitz|p2a: Scovillain\n|-damage|p2a: Scovillain|8/100\n|-damage|p1b: Incineroar|52/100|[from] Recoil\n|move|p2b: Primarina|Calm Mind|p2b: Primarina\n|-boost|p2b: Primarina|spa|1\n|-boost|p2b: Primarina|spd|1\n|\n|-weather|none\n|-heal|p2b: Primarina|67/100|[from] item: Leftovers\n|-damage|p1a: Floette|59/100|[from] Leech Seed|[of] p2a: Scovillain\n|-heal|p2a: Scovillain|18/100|[silent]\n|upkeep\n|turn|9\n|-message|sebieeee forfeited.\n|\n|win|sum1dum\n|raw|sebieeee's rating: 1562 &rarr; <strong>1540</strong><br />(-22 for losing)\n|raw|sum1dum's rating: 1527 &rarr; <strong>1549</strong><br />(+22 for winning)\n","uploadtime":1788407445,"views":"0","formatid":"gen9championsvgc2026regmb","rating":1540,"private":0,"password":null}