{"id":"gen9championsvgc2026regmbbo3-2673311095","format":"[Gen 9 Champions] VGC 2026 Reg M-B (Bo3)","players":["lankybox098901","SaQurata"],"log":"|j|☆lankybox098901\n|j|☆SaQurata\n|html|<table width=\"100%\"><tr><td align=\"left\">lankybox098901</td><td align=\"right\">SaQurata</tr><tr><td align=\"left\"><i class=\"fa fa-circle\"></i> <i class=\"fa fa-circle-o\"></i> </td><td align=\"right\"><i class=\"fa fa-circle-o\"></i> <i class=\"fa fa-circle-o\"></i> </tr></table>\n|uhtml|bestof|<h2><strong>Game 2</strong> of <a href=\"/game-bestof3-gen9championsvgc2026regmbbo3-2673310091\">a best-of-3</a></h2>\n|t:|1788181452\n|gametype|doubles\n|player|p1|lankybox098901|265|1216\n|player|p2|SaQurata|102|1218\n|gen|9\n|tier|[Gen 9 Champions] VGC 2026 Reg M-B (Bo3)\n|rated|\n|rule|Species Clause: Limit one of each Pokémon\n|rule|Item Clause: Limit 1 of each item\n|clearpoke\n|poke|p1|Camerupt, L50, M|\n|poke|p1|Gallade, L50, M|\n|poke|p1|Kingambit, L50, M|\n|poke|p1|Whimsicott, L50, M|\n|poke|p1|Farigiraf, L50, M|\n|poke|p1|Sinistcha-Masterpiece, L50|\n|poke|p2|Dragonite, L50, M|\n|poke|p2|Metagross, L50|\n|poke|p2|Ninetales-Alola, L50, M|\n|poke|p2|Garchomp, L50, F|\n|poke|p2|Basculegion, L50, M|\n|poke|p2|Sneasler, L50, F|\n|teampreview|4\n|showteam|p1|Camerupt||Cameruptite|MagmaArmor|AncientPower,EarthPower,HeatWave,Protect|Quiet||M|||50|]Gallade||CobaBerry|Sharpness|WideGuard,TrickRoom,SacredSword,PsychoCut|Brave||M|||50|]Kingambit||ChopleBerry|Defiant|KowtowCleave,SuckerPunch,Protect,IronHead|Brave||M|||50|]Whimsicott||FocusSash|Prankster|Encore,TrickRoom,EnergyBall,SunnyDay|Quiet||M|||50|]Farigiraf||MentalHerb|ArmorTail|TrickRoom,Protect,Psychic,FoulPlay|Sassy||M|||50|]Sinistcha-Masterpiece||SitrusBerry|Heatproof|RagePowder,CalmMind,MatchaGotcha,Protect|Sassy|||||50|\n|showteam|p2|Dragonite||Dragoninite|Multiscale|DragonPulse,HeatWave,ExtremeSpeed,Protect|Modest||M|||50|]Metagross||Metagrossite|ClearBody|PsychicFangs,BulletPunch,RockSlide,Protect|Adamant|||||50|]Ninetales-Alola||FocusSash|SnowWarning|Encore,FreezeDry,Blizzard,HelpingHand|Timid||M|||50|]Garchomp||LifeOrb|RoughSkin|DragonClaw,RockSlide,PoisonJab,StompingTantrum|Jolly||F|||50|]Basculegion||MysticWater|Adaptability|WaveCrash,LastRespects,AquaJet,Protect|Jolly||M|||50|]Sneasler||WhiteHerb|PoisonTouch|FakeOut,CloseCombat,DireClaw,Uturn|Jolly||F|||50|\n|inactive|Battle timer is ON: inactive players will automatically lose when time's up. (requested by SaQurata)\n|\n|t:|1788181482\n|teamsize|p1|4\n|teamsize|p2|4\n|start\n|switch|p1a: Whimsicott|Whimsicott, L50, M|100/100\n|switch|p1b: Gallade|Gallade, L50, M|100/100\n|switch|p2a: Garchomp|Garchomp, L50, F|100/100\n|switch|p2b: Ninetales|Ninetales-Alola, L50, M|100/100\n|-weather|Snowscape|[from] ability: Snow Warning|[of] p2b: Ninetales\n|turn|1\n|inactive|lankybox098901 has 30 seconds left.\n|inactive|lankybox098901 has 20 seconds left.\n|inactive|lankybox098901 has 15 seconds left.\n|inactive|SaQurata has 30 seconds left.\n|inactive|lankybox098901 has 10 seconds left.\n|inactive|lankybox098901 has 5 seconds left.\n|inactive|SaQurata has 20 seconds left.\n|\n|t:|1788181542\n|move|p1b: Gallade|Wide Guard|p1b: Gallade\n|-singleturn|p1b: Gallade|Wide Guard\n|move|p2b: Ninetales|Freeze-Dry|p1a: Whimsicott\n|-supereffective|p1a: Whimsicott|1\n|-damage|p1a: Whimsicott|10/100\n|move|p2a: Garchomp|Poison Jab|p1a: Whimsicott\n|-supereffective|p1a: Whimsicott|2\n|-damage|p1a: Whimsicott|0 fnt\n|faint|p1a: Whimsicott\n|-damage|p2a: Garchomp|90/100|[from] item: Life Orb\n|\n|-weather|Snowscape|[upkeep]\n|upkeep\n|\n|t:|1788181554\n|switch|p1a: Farigiraf|Farigiraf, L50, M|100/100\n|turn|2\n|c|☆SaQurata|what a stare down\n|c|☆lankybox098901|yeah holy\n|inactive|SaQurata has 30 seconds left.\n|c|☆SaQurata|that was the most intense 1st turn i have\n|c|☆lankybox098901|lmfao\n|\n|t:|1788181586\n|move|p1a: Farigiraf|Protect|p1a: Farigiraf\n|-singleturn|p1a: Farigiraf|Protect\n|move|p2b: Ninetales|Encore|p1b: Gallade\n|-start|p1b: Gallade|Encore\n|move|p1b: Gallade|Wide Guard|p1b: Gallade\n|-singleturn|p1b: Gallade|Wide Guard\n|move|p2a: Garchomp|Dragon Claw|p1a: Farigiraf\n|-activate|p1a: Farigiraf|move: Protect\n|\n|-weather|Snowscape|[upkeep]\n|upkeep\n|turn|3\n|\n|t:|1788181605\n|switch|p1b: Camerupt|Camerupt, L50, M|100/100\n|move|p2b: Ninetales|Freeze-Dry|p1a: Farigiraf\n|-damage|p1a: Farigiraf|80/100\n|move|p2a: Garchomp|Dragon Claw|p1a: Farigiraf\n|-damage|p1a: Farigiraf|28/100\n|-damage|p2a: Garchomp|80/100|[from] item: Life Orb\n|move|p1a: Farigiraf|Trick Room|p1a: Farigiraf\n|-fieldstart|move: Trick Room|[of] p1a: Farigiraf\n|\n|-weather|Snowscape|[upkeep]\n|upkeep\n|turn|4\n|\n|t:|1788181625\n|detailschange|p1b: Camerupt|Camerupt-Mega, L50, M\n|-mega|p1b: Camerupt|Camerupt|Cameruptite\n|move|p1b: Camerupt|Earth Power|p2a: Garchomp\n|-damage|p2a: Garchomp|0 fnt\n|faint|p2a: Garchomp\n|move|p1a: Farigiraf|Psychic|p2b: Ninetales\n|-damage|p2b: Ninetales|59/100\n|move|p2b: Ninetales|Blizzard|p1b: Camerupt|[spread] p1a,p1b\n|-damage|p1a: Farigiraf|3/100\n|-damage|p1b: Camerupt|72/100\n|\n|-weather|Snowscape|[upkeep]\n|upkeep\n|\n|t:|1788181636\n|switch|p2a: Dragonite|Dragonite, L50, M|100/100\n|turn|5\n|\n|t:|1788181647\n|detailschange|p2a: Dragonite|Dragonite-Mega, L50, M\n|-mega|p2a: Dragonite|Dragonite|Dragoninite\n|move|p1b: Camerupt|Protect|p1b: Camerupt\n|-singleturn|p1b: Camerupt|Protect\n|move|p1a: Farigiraf|Psychic|p2b: Ninetales\n|-damage|p2b: Ninetales|14/100\n|-unboost|p2b: Ninetales|spd|1\n|move|p2a: Dragonite|Dragon Pulse|p1b: Camerupt\n|-activate|p1b: Camerupt|move: Protect\n|move|p2b: Ninetales|Blizzard|p1a: Farigiraf|[spread] p1a\n|-activate|p1b: Camerupt|move: Protect\n|-damage|p1a: Farigiraf|0 fnt\n|faint|p1a: Farigiraf\n|\n|-weather|none\n|upkeep\n|\n|t:|1788181659\n|switch|p1a: Gallade|Gallade, L50, M|100/100\n|turn|6\n|\n|t:|1788181676\n|move|p1b: Camerupt|Ancient Power|p2a: Dragonite\n|-supereffective|p2a: Dragonite|1\n|-damage|p2a: Dragonite|73/100\n|move|p1a: Gallade|Psycho Cut|p2a: Dragonite\n|-damage|p2a: Dragonite|16/100\n|move|p2a: Dragonite|Dragon Pulse|p1b: Camerupt\n|-damage|p1b: Camerupt|20/100y\n|move|p2b: Ninetales|Encore|p1b: Camerupt\n|-start|p1b: Camerupt|Encore\n|\n|upkeep\n|turn|7\n|\n|t:|1788181690\n|move|p2a: Dragonite|Extreme Speed|p1b: Camerupt\n|-damage|p1b: Camerupt|1/100\n|move|p1b: Camerupt|Ancient Power|p2b: Ninetales\n|-supereffective|p2b: Ninetales|1\n|-damage|p2b: Ninetales|0 fnt\n|faint|p2b: Ninetales\n|move|p1a: Gallade|Psycho Cut|p2a: Dragonite\n|-damage|p2a: Dragonite|0 fnt\n|faint|p2a: Dragonite\n|\n|-fieldend|move: Trick Room\n|upkeep\n|\n|t:|1788181697\n|switch|p2b: Basculegion|Basculegion, L50, M|100/100\n|turn|8\n|\n|t:|1788181705\n|move|p2b: Basculegion|Last Respects|p1a: Gallade\n|-supereffective|p1a: Gallade|1\n|-damage|p1a: Gallade|0 fnt\n|faint|p1a: Gallade\n|move|p1b: Camerupt|Ancient Power|p2b: Basculegion\n|-damage|p2b: Basculegion|66/100\n|\n|upkeep\n|turn|9\n|-message|lankybox098901 forfeited.\n|\n|win|SaQurata\n|l|☆lankybox098901\n|player|p1|\n","uploadtime":1788181716,"views":"2","formatid":"gen9championsvgc2026regmbbo3","rating":null,"private":0,"password":null}