{"id":"gen9championsvgc2026regmbbo3-2674068224","format":"[Gen 9 Champions] VGC 2026 Reg M-B (Bo3)","players":["humania1","526yamuko"],"log":"|j|☆humania1\n|j|☆526yamuko\n|html|<table width=\"100%\"><tr><td align=\"left\">humania1</td><td align=\"right\">526yamuko</tr><tr><td align=\"left\"><i class=\"fa fa-circle\"></i> <i class=\"fa fa-circle-o\"></i> </td><td align=\"right\"><i class=\"fa fa-circle-o\"></i> <i class=\"fa fa-circle\"></i> </tr></table>\n|uhtml|bestof|<h2><strong>Game 3</strong> of <a href=\"/game-bestof3-gen9championsvgc2026regmbbo3-2674064838\">a best-of-3</a></h2>\n|t:|1788294836\n|gametype|doubles\n|player|p1|humania1|266|1035\n|player|p2|526yamuko|smasher|1147\n|gen|9\n|tier|[Gen 9 Champions] VGC 2026 Reg M-B (Bo3)\n|rated|\n|rule|Species Clause: Limit one of each Pokémon\n|rule|Item Clause: Limit 1 of each item\n|clearpoke\n|poke|p1|Blastoise, L50, F|\n|poke|p1|Delphox, L50, F, shiny|\n|poke|p1|Incineroar, L50, F|\n|poke|p1|Sinistcha, L50|\n|poke|p1|Sneasler, L50, F|\n|poke|p1|Vivillon, L50, M|\n|poke|p2|Sinistcha, L50|\n|poke|p2|Gholdengo, L50|\n|poke|p2|Dragonite, L50, M|\n|poke|p2|Mawile, L50, F|\n|poke|p2|Pelipper, L50, F|\n|poke|p2|Blastoise, L50, M|\n|teampreview|4\n|showteam|p1|Blastoise||Blastoisinite|Torrent|Protect,ShellSmash,WaterSpout,DarkPulse|Modest||F|||50|]Delphox||Delphoxite|Blaze|Protect,HeatWave,Psyshock,NastyPlot|Timid||F|||50|]Incineroar||PasshoBerry|Intimidate|FakeOut,PartingShot,FlareBlitz,ThroatChop|Impish||F|||50|]Sinistcha||SitrusBerry|Hospitality|Protect,MatchaGotcha,TrickRoom,RagePowder|Bold|||||50|]Sneasler||FocusSash|PoisonTouch|QuickGuard,FakeOut,CloseCombat,DireClaw|Jolly||F|||50|]Vivillon||ChoiceScarf|CompoundEyes|Hurricane,SleepPowder,RagePowder,Uturn|Timid||M|||50|\n|showteam|p2|Sinistcha||SitrusBerry|Hospitality|TrickRoom,Protect,RagePowder,MatchaGotcha|Bold|||||50|]Gholdengo||LifeOrb|GoodasGold|NastyPlot,Protect,ShadowBall,MakeItRain|Modest|||||50|]Dragonite||YacheBerry|Multiscale|Tailwind,Protect,DragonClaw,ExtremeSpeed|Adamant||M|||50|]Mawile||Mawilite|Intimidate|PlayRough,SuckerPunch,Protect,IronHead|Adamant||F|||50|]Pelipper||MysticWater|Drizzle|WeatherBall,Hurricane,Protect,WideGuard|Modest||F|||50|]Blastoise||Blastoisinite|RainDish|WaterSpout,AuraSphere,Protect,FakeOut|Modest||M|||50|\n|inactive|Battle timer is ON: inactive players will automatically lose when time's up. (requested by humania1)\n|\n|t:|1788294847\n|teamsize|p1|4\n|teamsize|p2|4\n|start\n|switch|p1a: Delphox|Delphox, L50, F, shiny|100/100\n|switch|p1b: Incineroar|Incineroar, L50, F|100/100\n|switch|p2a: Pelipper|Pelipper, L50, F|100/100\n|switch|p2b: Blastoise|Blastoise, L50, M|100/100\n|-ability|p1b: Incineroar|Intimidate|boost\n|-unboost|p2a: Pelipper|atk|1\n|-unboost|p2b: Blastoise|atk|1\n|-weather|RainDance|[from] ability: Drizzle|[of] p2a: Pelipper\n|turn|1\n|\n|t:|1788294871\n|switch|p1b: Sinistcha|Sinistcha, L50|100/100\n|move|p1a: Delphox|Protect|p1a: Delphox\n|-singleturn|p1a: Delphox|Protect\n|move|p2b: Blastoise|Protect|p2b: Blastoise\n|-singleturn|p2b: Blastoise|Protect\n|move|p2a: Pelipper|Protect||[still]\n|-fail|p2a: Pelipper\n|\n|-weather|RainDance|[upkeep]\n|upkeep\n|turn|2\n|inactive|526yamuko has 30 seconds left.\n|inactive|526yamuko has 20 seconds left.\n|inactive|526yamuko has 15 seconds left.\n|inactive|526yamuko has 10 seconds left.\n|\n|t:|1788294919\n|switch|p1a: Incineroar|Incineroar, L50, F|100/100\n|-ability|p1a: Incineroar|Intimidate|boost\n|-unboost|p2a: Pelipper|atk|1\n|-unboost|p2b: Blastoise|atk|1\n|detailschange|p2b: Blastoise|Blastoise-Mega, L50, M\n|-mega|p2b: Blastoise|Blastoise|Blastoisinite\n|move|p2a: Pelipper|Wide Guard|p2a: Pelipper\n|-singleturn|p2a: Pelipper|Wide Guard\n|move|p2b: Blastoise|Water Spout|p1b: Sinistcha|[spread] p1a,p1b\n|-supereffective|p1a: Incineroar|1\n|-enditem|p1a: Incineroar|Passho Berry|[eat]\n|-enditem|p1a: Incineroar|Passho Berry|[weaken]\n|-resisted|p1b: Sinistcha|1\n|-damage|p1a: Incineroar|11/100\n|-damage|p1b: Sinistcha|52/100\n|move|p1b: Sinistcha|Matcha Gotcha|p2b: Blastoise|[spread] \n|-activate|p2a: Pelipper|move: Wide Guard\n|-activate|p2b: Blastoise|move: Wide Guard\n|\n|-weather|RainDance|[upkeep]\n|upkeep\n|turn|3\n|\n|t:|1788294933\n|switch|p1a: Delphox|Delphox, L50, F, shiny|100/100\n|move|p2b: Blastoise|Protect|p2b: Blastoise\n|-singleturn|p2b: Blastoise|Protect\n|move|p2a: Pelipper|Hurricane|p1b: Sinistcha\n|-supereffective|p1b: Sinistcha|1\n|-crit|p1b: Sinistcha\n|-damage|p1b: Sinistcha|0 fnt\n|faint|p1b: Sinistcha\n|\n|-weather|RainDance|[upkeep]\n|upkeep\n|\n|t:|1788294933\n|switch|p1b: Sneasler|Sneasler, L50, F|100/100\n|turn|4\n|\n|t:|1788294941\n|switch|p1b: Incineroar|Incineroar, L50, F|11/100\n|-ability|p1b: Incineroar|Intimidate|boost\n|-unboost|p2a: Pelipper|atk|1\n|-unboost|p2b: Blastoise|atk|1\n|switch|p2a: Sinistcha|Sinistcha, L50|100/100\n|move|p1a: Delphox|Protect|p1a: Delphox\n|-singleturn|p1a: Delphox|Protect\n|move|p2b: Blastoise|Protect||[still]\n|-fail|p2b: Blastoise\n|\n|-weather|RainDance|[upkeep]\n|upkeep\n|turn|5\n|inactive|526yamuko has 30 seconds left.\n|inactive|526yamuko has 20 seconds left.\n|inactive|526yamuko has 15 seconds left.\n|inactive|526yamuko has 10 seconds left.\n|inactive|526yamuko has 5 seconds left.\n|\n|t:|1788294996\n|switch|p1b: Sneasler|Sneasler, L50, F|100/100\n|detailschange|p1a: Delphox|Delphox-Mega, L50, F, shiny\n|-mega|p1a: Delphox|Delphox|Delphoxite\n|move|p1a: Delphox|Heat Wave|p2b: Blastoise|[spread] p2a,p2b\n|-supereffective|p2a: Sinistcha|1\n|-resisted|p2b: Blastoise|1\n|-damage|p2a: Sinistcha|58/100\n|-damage|p2b: Blastoise|90/100\n|move|p2b: Blastoise|Water Spout|p1a: Delphox|[spread] p1a,p1b\n|-supereffective|p1a: Delphox|1\n|-damage|p1a: Delphox|0 fnt\n|-enditem|p1b: Sneasler|Focus Sash\n|-damage|p1b: Sneasler|1/100\n|faint|p1a: Delphox\n|move|p2a: Sinistcha|Trick Room|p2a: Sinistcha\n|-fieldstart|move: Trick Room|[of] p2a: Sinistcha\n|\n|-weather|none\n|upkeep\n|\n|t:|1788294996\n|switch|p1a: Incineroar|Incineroar, L50, F|11/100\n|-ability|p1a: Incineroar|Intimidate|boost\n|-unboost|p2a: Sinistcha|atk|1\n|-unboost|p2b: Blastoise|atk|1\n|turn|6\n|\n|t:|1788295021\n|move|p2a: Sinistcha|Matcha Gotcha|p1b: Sneasler|[spread] p1a,p1b\n|-resisted|p1a: Incineroar|1\n|-resisted|p1b: Sneasler|1\n|-damage|p1a: Incineroar|1/100\n|-heal|p2a: Sinistcha|65/100|[from] drain|[of] p1a: Incineroar\n|-damage|p1b: Sneasler|0 fnt\n|-heal|p2a: Sinistcha|65/100|[from] drain|[of] p1b: Sneasler\n|faint|p1b: Sneasler\n|move|p1a: Incineroar|Throat Chop|p2a: Sinistcha\n|-supereffective|p2a: Sinistcha|1\n|-damage|p2a: Sinistcha|14/100\n|-start|p2a: Sinistcha|Throat Chop|[silent]\n|-enditem|p2a: Sinistcha|Sitrus Berry|[eat]\n|-heal|p2a: Sinistcha|38/100|[from] item: Sitrus Berry\n|move|p2b: Blastoise|Water Spout|p1a: Incineroar\n|-supereffective|p1a: Incineroar|1\n|-damage|p1a: Incineroar|0 fnt\n|faint|p1a: Incineroar\n|\n|win|526yamuko\n|raw|humania1's rating: 1035 &rarr; <strong>1025</strong><br />(-10 for losing)\n|raw|526yamuko's rating: 1147 &rarr; <strong>1164</strong><br />(+17 for winning)\n","uploadtime":1788295021,"views":"4","formatid":"gen9championsvgc2026regmbbo3","rating":1025,"private":0,"password":null}