{"id":"gen9championsvgc2026regmbbo3-2673539597","format":"[Gen 9 Champions] VGC 2026 Reg M-B (Bo3)","players":["sephfr","ilyKuronaa"],"log":"|j|☆sephfr\n|j|☆ilyKuronaa\n|html|<table width=\"100%\"><tr><td align=\"left\">sephfr</td><td align=\"right\">ilyKuronaa</tr><tr><td align=\"left\"><i class=\"fa fa-circle\"></i> <i class=\"fa fa-circle-o\"></i> </td><td align=\"right\"><i class=\"fa fa-circle-o\"></i> <i class=\"fa fa-circle\"></i> </tr></table>\n|uhtml|bestof|<h2><strong>Game 3</strong> of <a href=\"/game-bestof3-gen9championsvgc2026regmbbo3-2673536014\">a best-of-3</a></h2>\n|t:|1788210374\n|gametype|doubles\n|player|p1|sephfr|lance|1160\n|player|p2|ilyKuronaa|102|1191\n|gen|9\n|tier|[Gen 9 Champions] VGC 2026 Reg M-B (Bo3)\n|rated|\n|rule|Species Clause: Limit one of each Pokémon\n|rule|Item Clause: Limit 1 of each item\n|clearpoke\n|poke|p1|Staraptor, L50, M|\n|poke|p1|Sinistcha-Masterpiece, L50|\n|poke|p1|Incineroar, L50, F|\n|poke|p1|Garchomp, L50, F|\n|poke|p1|Sneasler, L50, F|\n|poke|p1|Floette-Eternal, L50, F|\n|poke|p2|Floette-Eternal, L50, F|\n|poke|p2|Basculegion, L50, M|\n|poke|p2|Kingambit, L50, M|\n|poke|p2|Dragonite, L50, F|\n|poke|p2|Garchomp, L50, F|\n|poke|p2|Sneasler, L50, F|\n|teampreview|4\n|showteam|p1|Staraptor||Staraptite|Intimidate|CloseCombat,BraveBird,Protect,Tailwind|Jolly||M|||50|]Sinistcha-Masterpiece||MentalHerb|Hospitality|MatchaGotcha,StrengthSap,RagePowder,LifeDew|Calm|||||50|]Incineroar||SitrusBerry|Intimidate|FakeOut,PartingShot,FlareBlitz,ThroatChop|Impish||F|||50|]Garchomp||LifeOrb|RoughSkin|DragonClaw,Earthquake,StompingTantrum,Protect|Jolly||F|||50|]Sneasler||WhiteHerb|Unburden|CloseCombat,DireClaw,FakeOut,Protect|Jolly||F|||50|]Floette-Eternal||Floettite|FlowerVeil|DazzlingGleam,Moonblast,Protect,CalmMind|Timid||F|||50|\n|showteam|p2|Floette-Eternal||Floettite|FlowerVeil|Moonblast,DazzlingGleam,LightofRuin,Protect|Timid||F|||50|]Basculegion||LifeOrb|Adaptability|WaveCrash,LastRespects,AquaJet,Protect|Adamant||M|||50|]Kingambit||ChopleBerry|Defiant|SuckerPunch,KowtowCleave,LowKick,IronHead|Adamant||M|||50|]Dragonite||Dragoninite|Multiscale|DragonPulse,HeatWave,ExtremeSpeed,Protect|Modest||F|||50|]Garchomp||ChoiceScarf|RoughSkin|DragonClaw,StompingTantrum,Earthquake,RockSlide|Jolly||F|||50|]Sneasler||FocusSash|Unburden|CloseCombat,DireClaw,FakeOut,Feint|Adamant||F|||50|\n|inactive|Battle timer is ON: inactive players will automatically lose when time's up. (requested by sephfr)\n|\n|t:|1788210386\n|teamsize|p1|4\n|teamsize|p2|4\n|start\n|switch|p1a: Sneasler|Sneasler, L50, F|100/100\n|switch|p1b: Staraptor|Staraptor, L50, M|100/100\n|switch|p2a: Floette|Floette-Eternal, L50, F|100/100\n|switch|p2b: Sneasler|Sneasler, L50, F|100/100\n|-ability|p1b: Staraptor|Intimidate|boost\n|-unboost|p2a: Floette|atk|1\n|-unboost|p2b: Sneasler|atk|1\n|turn|1\n|inactive|ilyKuronaa has 30 seconds left.\n|inactive|ilyKuronaa has 20 seconds left.\n|\n|t:|1788210426\n|switch|p1b: Incineroar|Incineroar, L50, F|100/100\n|-ability|p1b: Incineroar|Intimidate|boost\n|-unboost|p2a: Floette|atk|1\n|-unboost|p2b: Sneasler|atk|1\n|detailschange|p2a: Floette|Floette-Mega, L50, F\n|-mega|p2a: Floette|Floette|Floettite\n|-ability|p2a: Floette|Fairy Aura\n|move|p2a: Floette|Protect|p2a: Floette\n|-singleturn|p2a: Floette|Protect\n|move|p1a: Sneasler|Fake Out|p2a: Floette\n|-activate|p2a: Floette|move: Protect\n|move|p2b: Sneasler|Fake Out|p1b: Incineroar\n|-damage|p1b: Incineroar|93/100\n|\n|upkeep\n|turn|2\n|inactive|ilyKuronaa has 30 seconds left.\n|\n|t:|1788210456\n|switch|p2a: Basculegion|Basculegion, L50, M|100/100\n|move|p1b: Incineroar|Fake Out|p2a: Basculegion\n|-immune|p2a: Basculegion\n|move|p1a: Sneasler|Dire Claw|p2a: Basculegion\n|-resisted|p2a: Basculegion|1\n|-damage|p2a: Basculegion|75/100\n|move|p2b: Sneasler|Close Combat|p1a: Sneasler\n|-resisted|p1a: Sneasler|1\n|-damage|p1a: Sneasler|70/100\n|-unboost|p2b: Sneasler|def|1\n|-unboost|p2b: Sneasler|spd|1\n|\n|upkeep\n|turn|3\n|\n|t:|1788210475\n|switch|p1b: Staraptor|Staraptor, L50, M|100/100\n|-ability|p1b: Staraptor|Intimidate|boost\n|-unboost|p2a: Basculegion|atk|1\n|-unboost|p2b: Sneasler|atk|1\n|move|p1a: Sneasler|Dire Claw|p2a: Basculegion\n|-resisted|p2a: Basculegion|1\n|-damage|p2a: Basculegion|47/100\n|-status|p2a: Basculegion|par\n|move|p2b: Sneasler|Dire Claw|p1a: Sneasler\n|-resisted|p1a: Sneasler|1\n|-damage|p1a: Sneasler|54/100\n|move|p2a: Basculegion|Wave Crash|p1b: Staraptor\n|-damage|p1b: Staraptor|0 fnt\n|faint|p1b: Staraptor\n|-damage|p2a: Basculegion|20/100y par|[from] Recoil\n|-damage|p2a: Basculegion|11/100 par|[from] item: Life Orb\n|\n|upkeep\n|\n|t:|1788210492\n|switch|p1b: Incineroar|Incineroar, L50, F|93/100\n|-ability|p1b: Incineroar|Intimidate|boost\n|-unboost|p2a: Basculegion|atk|1\n|-unboost|p2b: Sneasler|atk|1\n|turn|4\n|inactive|ilyKuronaa has 30 seconds left.\n|\n|t:|1788210522\n|move|p1b: Incineroar|Fake Out|p2b: Sneasler\n|-damage|p2b: Sneasler|68/100\n|move|p2a: Basculegion|Aqua Jet|p1a: Sneasler\n|-damage|p1a: Sneasler|21/100\n|-damage|p2a: Basculegion|1/100 par|[from] item: Life Orb\n|move|p1a: Sneasler|Dire Claw|p2a: Basculegion\n|-resisted|p2a: Basculegion|1\n|-damage|p2a: Basculegion|0 fnt\n|faint|p2a: Basculegion\n|cant|p2b: Sneasler|flinch\n|\n|upkeep\n|\n|t:|1788210527\n|switch|p2a: Garchomp|Garchomp, L50, F|100/100\n|turn|5\n|inactive|sephfr has 30 seconds left.\n|\n|t:|1788210555\n|switch|p1b: Garchomp|Garchomp, L50, F|100/100\n|move|p2b: Sneasler|Feint|p1a: Sneasler\n|-damage|p1a: Sneasler|14/100\n|move|p2a: Garchomp|Dragon Claw|p1a: Sneasler\n|-damage|p1a: Sneasler|0 fnt\n|faint|p1a: Sneasler\n|\n|upkeep\n|\n|t:|1788210562\n|switch|p1a: Incineroar|Incineroar, L50, F|93/100\n|-ability|p1a: Incineroar|Intimidate|boost\n|-unboost|p2a: Garchomp|atk|1\n|-unboost|p2b: Sneasler|atk|1\n|turn|6\n|inactive|ilyKuronaa has 30 seconds left.\n|\n|t:|1788210588\n|move|p1a: Incineroar|Fake Out|p2a: Garchomp\n|-damage|p2a: Garchomp|88/100\n|-damage|p1a: Incineroar|81/100|[from] ability: Rough Skin|[of] p2a: Garchomp\n|cant|p2a: Garchomp|flinch\n|move|p2b: Sneasler|Close Combat|p1a: Incineroar\n|-supereffective|p1a: Incineroar|1\n|-damage|p1a: Incineroar|48/100\n|-unboost|p2b: Sneasler|def|1\n|-unboost|p2b: Sneasler|spd|1\n|-enditem|p1a: Incineroar|Sitrus Berry|[eat]\n|-heal|p1a: Incineroar|73/100|[from] item: Sitrus Berry\n|move|p1b: Garchomp|Dragon Claw|p2a: Garchomp\n|-supereffective|p2a: Garchomp|1\n|-damage|p2a: Garchomp|0 fnt\n|-damage|p1b: Garchomp|87/100|[from] ability: Rough Skin|[of] p2a: Garchomp\n|faint|p2a: Garchomp\n|-damage|p1b: Garchomp|77/100|[from] item: Life Orb\n|\n|upkeep\n|\n|t:|1788210590\n|switch|p2a: Floette|Floette-Mega, L50, F|100/100\n|-ability|p2a: Floette|Fairy Aura\n|turn|7\n|\n|t:|1788210608\n|move|p2b: Sneasler|Close Combat|p1a: Incineroar\n|-supereffective|p1a: Incineroar|1\n|-damage|p1a: Incineroar|42/100\n|-unboost|p2b: Sneasler|def|1\n|-unboost|p2b: Sneasler|spd|1\n|move|p2a: Floette|Moonblast|p1b: Garchomp\n|-supereffective|p1b: Garchomp|1\n|-damage|p1b: Garchomp|0 fnt\n|faint|p1b: Garchomp\n|move|p1a: Incineroar|Flare Blitz|p2a: Floette\n|-damage|p2a: Floette|35/100\n|-damage|p1a: Incineroar|26/100|[from] Recoil\n|\n|upkeep\n|turn|8\n|l|☆sephfr\n|inactive|sephfr disconnected and has a minute to reconnect!\n|player|p1|\n|inactive|sephfr has 30 seconds left.\n|inactive|sephfr has 20 seconds left.\n|inactive|sephfr has 15 seconds left.\n|inactive|sephfr has 10 seconds left.\n|inactive|sephfr has 5 seconds left.\n|-message|sephfr lost due to inactivity.\n|\n|win|ilyKuronaa\n|raw|sephfr's rating: 1160 &rarr; <strong>1137</strong><br />(-23 for losing)\n|raw|ilyKuronaa's rating: 1191 &rarr; <strong>1214</strong><br />(+23 for winning)\n","uploadtime":1788210663,"views":"1","formatid":"gen9championsvgc2026regmbbo3","rating":1137,"private":0,"password":null}