{"id":"gen9championsvgc2026regmb-2674007611","format":"[Gen 9 Champions] VGC 2026 Reg M-B","players":["Mochi_Shirou","ScraggyFan"],"log":"|j|☆Mochi_Shirou\n|j|‽ScraggyFan\n|t:|1788287536\n|gametype|doubles\n|player|p1|Mochi_Shirou|n|1564\n|player|p2|ScraggyFan|101|1596\n|gen|9\n|tier|[Gen 9 Champions] VGC 2026 Reg M-B\n|rated|\n|rule|Species Clause: Limit one of each Pokémon\n|rule|Item Clause: Limit 1 of each item\n|clearpoke\n|poke|p1|Gengar, L50, M|\n|poke|p1|Incineroar, L50, M, shiny|\n|poke|p1|Ninetales-Alola, L50, F|\n|poke|p1|Blaziken, L50, F|\n|poke|p1|Kingambit, L50, F|\n|poke|p1|Basculegion, L50, M|\n|poke|p2|Archaludon, L50, M|\n|poke|p2|Dragonite, L50, F|\n|poke|p2|Sinistcha, L50|\n|poke|p2|Politoed, L50, F|\n|poke|p2|Sableye, L50, M, shiny|\n|poke|p2|Venusaur, L50, F|\n|teampreview|4\n|inactive|Battle timer is ON: inactive players will automatically lose when time's up. (requested by ScraggyFan)\n|inactive|Mochi_Shirou has 60 seconds left.\n|inactive|Mochi_Shirou has 30 seconds left.\n|inactive|Mochi_Shirou has 20 seconds left.\n|inactive|Mochi_Shirou has 15 seconds left.\n|inactive|Mochi_Shirou has 10 seconds left.\n|\n|t:|1788287620\n|teamsize|p1|4\n|teamsize|p2|4\n|start\n|switch|p1a: Blaziken|Blaziken, L50, F|100/100\n|switch|p1b: Kingambit|Kingambit, L50, F|100/100\n|switch|p2a: Dragonite|Dragonite, L50, F|100/100\n|switch|p2b: Politoed|Politoed, L50, F|100/100\n|-weather|RainDance|[from] ability: Drizzle|[of] p2b: Politoed\n|turn|1\n|\n|t:|1788287638\n|switch|p1b: Ninetales|Ninetales-Alola, L50, F|100/100\n|-weather|Snowscape|[from] ability: Snow Warning|[of] p1b: Ninetales\n|detailschange|p1a: Blaziken|Blaziken-Mega, L50, F\n|-mega|p1a: Blaziken|Blaziken|Blazikenite\n|detailschange|p2a: Dragonite|Dragonite-Mega, L50, F\n|-mega|p2a: Dragonite|Dragonite|Dragoninite\n|move|p1a: Blaziken|Rock Slide|p2a: Dragonite|[spread] p2b\n|-miss|p1a: Blaziken|p2a: Dragonite\n|-damage|p2b: Politoed|71/100\n|move|p2a: Dragonite|Hurricane|p1b: Ninetales\n|-damage|p1b: Ninetales|21/100\n|-start|p1b: Ninetales|confusion\n|move|p2b: Politoed|Weather Ball|p1b: Ninetales\n|-resisted|p1b: Ninetales|1\n|-damage|p1b: Ninetales|5/100\n|\n|-weather|Snowscape|[upkeep]\n|-ability|p1a: Blaziken|Speed Boost|boost\n|-boost|p1a: Blaziken|spe|1\n|upkeep\n|turn|2\n|inactive|Mochi_Shirou has 30 seconds left.\n|inactive|Mochi_Shirou has 20 seconds left.\n|inactive|Mochi_Shirou has 15 seconds left.\n|inactive|Mochi_Shirou has 10 seconds left.\n|\n|t:|1788287687\n|switch|p2a: Archaludon|Archaludon, L50, M|100/100\n|move|p2b: Politoed|Protect|p2b: Politoed\n|-singleturn|p2b: Politoed|Protect\n|-activate|p1b: Ninetales|confusion\n|move|p1b: Ninetales|Blizzard|p2a: Archaludon|[spread] p2a\n|-activate|p2b: Politoed|move: Protect\n|-damage|p2a: Archaludon|69/100\n|-ability|p2a: Archaludon|Stamina|boost\n|-boost|p2a: Archaludon|def|1\n|move|p1a: Blaziken|Rock Slide|p2b: Politoed|[spread] p2a\n|-activate|p2b: Politoed|move: Protect\n|-resisted|p2a: Archaludon|1\n|-damage|p2a: Archaludon|63/100\n|-ability|p2a: Archaludon|Stamina|boost\n|-boost|p2a: Archaludon|def|1\n|\n|-weather|Snowscape|[upkeep]\n|-heal|p2a: Archaludon|69/100|[from] item: Leftovers\n|-ability|p1a: Blaziken|Speed Boost|boost\n|-boost|p1a: Blaziken|spe|1\n|upkeep\n|turn|3\n|inactive|Mochi_Shirou has 30 seconds left.\n|inactive|Mochi_Shirou has 20 seconds left.\n|inactive|Mochi_Shirou has 15 seconds left.\n|\n|t:|1788287731\n|switch|p1b: Basculegion|Basculegion, L50, M|100/100\n|switch|p2b: Sinistcha|Sinistcha, L50|100/100\n|-heal|p2a: Archaludon|94/100|[from] ability: Hospitality|[of] p2b: Sinistcha\n|move|p1a: Blaziken|Close Combat|p2a: Archaludon\n|-supereffective|p2a: Archaludon|1\n|-damage|p2a: Archaludon|32/100\n|-unboost|p1a: Blaziken|def|1\n|-unboost|p1a: Blaziken|spd|1\n|-ability|p2a: Archaludon|Stamina|boost\n|-boost|p2a: Archaludon|def|1\n|move|p2a: Archaludon|Aura Sphere|p1b: Basculegion\n|-immune|p1b: Basculegion\n|\n|-weather|Snowscape|[upkeep]\n|-heal|p2a: Archaludon|38/100|[from] item: Leftovers\n|-ability|p1a: Blaziken|Speed Boost|boost\n|-boost|p1a: Blaziken|spe|1\n|upkeep\n|turn|4\n|inactive|Mochi_Shirou has 30 seconds left.\n|inactive|ScraggyFan has 30 seconds left.\n|\n|t:|1788287765\n|switch|p2b: Dragonite|Dragonite-Mega, L50, F|100/100\n|move|p1a: Blaziken|Detect|p1a: Blaziken\n|-singleturn|p1a: Blaziken|Protect\n|move|p1b: Basculegion|Protect|p1b: Basculegion\n|-singleturn|p1b: Basculegion|Protect\n|move|p2a: Archaludon|Protect||[still]\n|-fail|p2a: Archaludon\n|\n|-weather|Snowscape|[upkeep]\n|-heal|p2a: Archaludon|44/100|[from] item: Leftovers\n|-ability|p1a: Blaziken|Speed Boost|boost\n|-boost|p1a: Blaziken|spe|1\n|upkeep\n|turn|5\n|inactive|Mochi_Shirou has 30 seconds left.\n|inactive|ScraggyFan has 30 seconds left.\n|\n|t:|1788287798\n|move|p2a: Archaludon|Protect|p2a: Archaludon\n|-singleturn|p2a: Archaludon|Protect\n|move|p1a: Blaziken|Close Combat|p2a: Archaludon\n|-activate|p2a: Archaludon|move: Protect\n|move|p2b: Dragonite|Dragon Pulse|p1a: Blaziken\n|-damage|p1a: Blaziken|4/100\n|move|p1b: Basculegion|Liquidation|p2a: Archaludon\n|-activate|p2a: Archaludon|move: Protect\n|\n|-weather|none\n|-heal|p2a: Archaludon|50/100g|[from] item: Leftovers\n|-ability|p1a: Blaziken|Speed Boost|boost\n|-boost|p1a: Blaziken|spe|1\n|upkeep\n|turn|6\n|inactive|Mochi_Shirou has 30 seconds left.\n|\n|t:|1788287825\n|move|p2b: Dragonite|Extreme Speed|p1a: Blaziken\n|-damage|p1a: Blaziken|0 fnt\n|faint|p1a: Blaziken\n|move|p1b: Basculegion|Last Respects|p2b: Dragonite\n|-damage|p2b: Dragonite|69/100\n|move|p2a: Archaludon|Dragon Pulse|p1b: Basculegion\n|-damage|p1b: Basculegion|51/100\n|\n|-heal|p2a: Archaludon|56/100|[from] item: Leftovers\n|upkeep\n|\n|t:|1788287832\n|switch|p1a: Ninetales|Ninetales-Alola, L50, F|5/100\n|-weather|Snowscape|[from] ability: Snow Warning|[of] p1a: Ninetales\n|turn|7\n|\n|t:|1788287844\n|move|p2b: Dragonite|Protect|p2b: Dragonite\n|-singleturn|p2b: Dragonite|Protect\n|move|p2a: Archaludon|Protect|p2a: Archaludon\n|-singleturn|p2a: Archaludon|Protect\n|move|p1a: Ninetales|Blizzard|p2b: Dragonite|[spread] \n|-activate|p2a: Archaludon|move: Protect\n|-activate|p2b: Dragonite|move: Protect\n|move|p1b: Basculegion|Last Respects|p2b: Dragonite\n|-activate|p2b: Dragonite|move: Protect\n|\n|-weather|Snowscape|[upkeep]\n|-heal|p2a: Archaludon|62/100|[from] item: Leftovers\n|upkeep\n|turn|8\n|\n|t:|1788287866\n|move|p2b: Dragonite|Extreme Speed|p1a: Ninetales\n|-damage|p1a: Ninetales|0 fnt\n|faint|p1a: Ninetales\n|move|p1b: Basculegion|Last Respects|p2b: Dragonite\n|-damage|p2b: Dragonite|0 fnt\n|faint|p2b: Dragonite\n|move|p2a: Archaludon|Dragon Pulse|p1b: Basculegion\n|-damage|p1b: Basculegion|2/100\n|\n|-weather|Snowscape|[upkeep]\n|-heal|p2a: Archaludon|69/100|[from] item: Leftovers\n|upkeep\n|\n|t:|1788287876\n|switch|p1a: Kingambit|Kingambit, L50, F|100/100\n|switch|p2b: Sinistcha|Sinistcha, L50|100/100\n|-heal|p2a: Archaludon|93/100|[from] ability: Hospitality|[of] p2b: Sinistcha\n|turn|9\n|inactive|Mochi_Shirou has 30 seconds left.\n|\n|t:|1788287901\n|move|p1b: Basculegion|Protect|p1b: Basculegion\n|-singleturn|p1b: Basculegion|Protect\n|move|p2b: Sinistcha|Protect|p2b: Sinistcha\n|-singleturn|p2b: Sinistcha|Protect\n|move|p2a: Archaludon|Dragon Pulse|p1b: Basculegion\n|-activate|p1b: Basculegion|move: Protect\n|move|p1a: Kingambit|Kowtow Cleave|p2b: Sinistcha\n|-activate|p2b: Sinistcha|move: Protect\n|\n|-weather|Snowscape|[upkeep]\n|-heal|p2a: Archaludon|100/100|[from] item: Leftovers\n|upkeep\n|turn|10\n|inactive|Mochi_Shirou has 30 seconds left.\n|inactive|ScraggyFan has 30 seconds left.\n|inactive|Mochi_Shirou has 20 seconds left.\n|inactive|Mochi_Shirou has 15 seconds left.\n|\n|t:|1788287942\n|move|p1b: Basculegion|Protect|p1b: Basculegion\n|-singleturn|p1b: Basculegion|Protect\n|move|p2b: Sinistcha|Rage Powder|p2b: Sinistcha\n|-singleturn|p2b: Sinistcha|move: Rage Powder\n|move|p2a: Archaludon|Dragon Pulse|p1b: Basculegion\n|-activate|p1b: Basculegion|move: Protect\n|move|p1a: Kingambit|Kowtow Cleave|p2b: Sinistcha\n|-supereffective|p2b: Sinistcha|1\n|-damage|p2b: Sinistcha|0 fnt\n|faint|p2b: Sinistcha\n|-damage|p1a: Kingambit|90/100|[from] item: Life Orb\n|\n|-weather|Snowscape|[upkeep]\n|upkeep\n|\n|t:|1788287955\n|switch|p2b: Politoed|Politoed, L50, F|71/100\n|-weather|RainDance|[from] ability: Drizzle|[of] p2b: Politoed\n|turn|11\n|\n|t:|1788287977\n|move|p1b: Basculegion|Last Respects|p2a: Archaludon\n|-damage|p2a: Archaludon|68/100\n|-ability|p2a: Archaludon|Stamina|boost\n|-boost|p2a: Archaludon|def|1\n|move|p2a: Archaludon|Electro Shot||[still]\n|-prepare|p2a: Archaludon|Electro Shot\n|-boost|p2a: Archaludon|spa|1\n|-anim|p2a: Archaludon|Electro Shot|p1b: Basculegion\n|-supereffective|p1b: Basculegion|1\n|-damage|p1b: Basculegion|0 fnt\n|faint|p1b: Basculegion\n|move|p2b: Politoed|Weather Ball|p1a: Kingambit\n|-damage|p1a: Kingambit|10/100\n|move|p1a: Kingambit|Low Kick|p2a: Archaludon\n|-supereffective|p2a: Archaludon|1\n|-damage|p2a: Archaludon|47/100\n|-ability|p2a: Archaludon|Stamina|boost\n|-boost|p2a: Archaludon|def|1\n|-damage|p1a: Kingambit|1/100|[from] item: Life Orb\n|\n|-weather|RainDance|[upkeep]\n|-heal|p2a: Archaludon|53/100|[from] item: Leftovers\n|upkeep\n|turn|12\n|-message|Mochi_Shirou forfeited.\n|\n|win|ScraggyFan\n|raw|Mochi_Shirou's rating: 1564 &rarr; <strong>1546</strong><br />(-18 for losing)\n|raw|ScraggyFan's rating: 1596 &rarr; <strong>1614</strong><br />(+18 for winning)\n|l|☆Mochi_Shirou\n|player|p1|\n","uploadtime":1788287997,"views":"0","formatid":"gen9championsvgc2026regmb","rating":1546,"private":0,"password":null}