{"id":"gen9championsvgc2026regmbbo3-2674822129","format":"[Gen 9 Champions] VGC 2026 Reg M-B (Bo3)","players":["bronzongbroomsvgc","skratt_lol"],"log":"|j|☆bronzongbroomsvgc\n|j|☆skratt_lol\n|html|<table width=\"100%\"><tr><td align=\"left\">bronzongbroomsvgc</td><td align=\"right\">skratt_lol</tr><tr><td align=\"left\"><i class=\"fa fa-circle-o\"></i> <i class=\"fa fa-circle-o\"></i> </td><td align=\"right\"><i class=\"fa fa-circle-o\"></i> <i class=\"fa fa-circle\"></i> </tr></table>\n|uhtml|bestof|<h2><strong>Game 2</strong> of <a href=\"/game-bestof3-gen9championsvgc2026regmbbo3-2674821214\">a best-of-3</a></h2>\n|t:|1788414055\n|gametype|doubles\n|player|p1|bronzongbroomsvgc|2|1433\n|player|p2|skratt_lol|ethan|1254\n|gen|9\n|tier|[Gen 9 Champions] VGC 2026 Reg M-B (Bo3)\n|rated|\n|rule|Species Clause: Limit one of each Pokémon\n|rule|Item Clause: Limit 1 of each item\n|clearpoke\n|poke|p1|Toxapex, L50, M|\n|poke|p1|Incineroar, L50, M|\n|poke|p1|Farigiraf, L50, M|\n|poke|p1|Charizard, L50, M|\n|poke|p1|Floette-Eternal, L50, F|\n|poke|p1|Garchomp, L50, M|\n|poke|p2|Gengar, L50, M, shiny|\n|poke|p2|Politoed, L50, M, shiny|\n|poke|p2|Incineroar, L50, M|\n|poke|p2|Archaludon, L50, M|\n|poke|p2|Vivillon-Pokeball, L50, M|\n|poke|p2|Swampert, L50, M|\n|teampreview|4\n|showteam|p1|Toxapex||Leftovers|Regenerator|BanefulBunker,WideGuard,Toxic,Infestation|Relaxed||M|||50|]Incineroar||SitrusBerry|Intimidate|FakeOut,ThroatChop,FlareBlitz,PartingShot|Adamant||M|||50|]Farigiraf||ColburBerry|ArmorTail|TrickRoom,Psychic,HelpingHand,Protect|Calm||M|||50|]Charizard||CharizarditeY|Blaze|HeatWave,AncientPower,WeatherBall,Protect|Timid||M|||50|]Floette-Eternal||Floettite|FlowerVeil|Moonblast,DazzlingGleam,LightofRuin,Protect|Modest||F|||50|]Garchomp||ChoiceScarf|RoughSkin|Earthquake,RockSlide,DragonClaw,StompingTantrum|Adamant||M|||50|\n|showteam|p2|Gengar||Gengarite|CursedBody|ShadowBall,PerishSong,SludgeBomb,Protect|Timid||M|||50|]Politoed||SitrusBerry|Drizzle|WeatherBall,Protect,PerishSong,Encore|Calm||M|||50|]Incineroar||PasshoBerry|Intimidate|FakeOut,PartingShot,Protect,DarkestLariat|Impish||M|||50|]Archaludon||Leftovers|Stamina|DracoMeteor,Protect,ElectroShot,FlashCannon|Calm||M|||50|]Vivillon-Pokeball||FocusSash|CompoundEyes|SleepPowder,Hurricane,Protect,RagePowder|Timid||M|||50|]Swampert||Swampertite|Torrent|HighHorsepower,WaveCrash,IcePunch,Protect|Adamant||M|||50|\n|inactive|Battle timer is ON: inactive players will automatically lose when time's up. (requested by skratt_lol)\n|inactive|bronzongbroomsvgc has 60 seconds left.\n|inactive|skratt_lol has 60 seconds left.\n|\n|t:|1788414101\n|teamsize|p1|4\n|teamsize|p2|4\n|start\n|switch|p1a: Toxapex|Toxapex, L50, M|100/100\n|switch|p1b: Floette|Floette-Eternal, L50, F|100/100\n|switch|p2a: Politoed|Politoed, L50, M, shiny|100/100\n|switch|p2b: Incineroar|Incineroar, L50, M|100/100\n|-weather|RainDance|[from] ability: Drizzle|[of] p2a: Politoed\n|-ability|p2b: Incineroar|Intimidate|boost\n|-unboost|p1a: Toxapex|atk|1\n|-unboost|p1b: Floette|atk|1\n|turn|1\n|\n|t:|1788414115\n|switch|p2a: Swampert|Swampert, L50, M|100/100\n|switch|p1a: Farigiraf|Farigiraf, L50, M|100/100\n|detailschange|p1b: Floette|Floette-Mega, L50, F\n|-mega|p1b: Floette|Floette|Floettite\n|-ability|p1b: Floette|Fairy Aura\n|move|p2b: Incineroar|Fake Out||[still]\n|cant|p1a: Farigiraf|ability: Armor Tail|Fake Out|[of] p2b: Incineroar\n|move|p1b: Floette|Dazzling Gleam|p2b: Incineroar|[spread] p2a,p2b\n|-damage|p2a: Swampert|56/100\n|-damage|p2b: Incineroar|57/100\n|\n|-weather|RainDance|[upkeep]\n|upkeep\n|turn|2\n|\n|t:|1788414139\n|switch|p1a: Incineroar|Incineroar, L50, M|100/100\n|-ability|p1a: Incineroar|Intimidate|boost\n|-unboost|p2a: Swampert|atk|1\n|-unboost|p2b: Incineroar|atk|1\n|detailschange|p2a: Swampert|Swampert-Mega, L50, M\n|-mega|p2a: Swampert|Swampert|Swampertite\n|move|p2a: Swampert|Wave Crash|p1b: Floette\n|-damage|p1b: Floette|22/100\n|-damage|p2a: Swampert|32/100|[from] Recoil\n|move|p1b: Floette|Moonblast|p2a: Swampert\n|-damage|p2a: Swampert|0 fnt\n|faint|p2a: Swampert\n|move|p2b: Incineroar|Parting Shot|p1a: Incineroar\n|-unboost|p1a: Incineroar|atk|1\n|-unboost|p1a: Incineroar|spa|1\n|\n|t:|1788414144\n|switch|p2b: Archaludon|Archaludon, L50, M|100/100|[from] Parting Shot\n|\n|-weather|RainDance|[upkeep]\n|upkeep\n|\n|t:|1788414148\n|switch|p2a: Politoed|Politoed, L50, M, shiny|100/100\n|turn|3\n|\n|t:|1788414163\n|switch|p1b: Farigiraf|Farigiraf, L50, M|100/100\n|move|p1a: Incineroar|Fake Out|p2b: Archaludon\n|-resisted|p2b: Archaludon|1\n|-damage|p2b: Archaludon|97/100\n|-ability|p2b: Archaludon|Stamina|boost\n|-boost|p2b: Archaludon|def|1\n|cant|p2b: Archaludon|flinch\n|move|p2a: Politoed|Weather Ball|p1b: Farigiraf\n|-damage|p1b: Farigiraf|56/100\n|\n|-weather|RainDance|[upkeep]\n|-heal|p2b: Archaludon|100/100|[from] item: Leftovers\n|upkeep\n|turn|4\n|\n|t:|1788414185\n|move|p2b: Archaludon|Electro Shot||[still]\n|-prepare|p2b: Archaludon|Electro Shot\n|-boost|p2b: Archaludon|spa|1\n|-anim|p2b: Archaludon|Electro Shot|p1a: Incineroar\n|-damage|p1a: Incineroar|52/100\n|move|p1a: Incineroar|Throat Chop|p2a: Politoed\n|-damage|p2a: Politoed|78/100\n|-start|p2a: Politoed|Throat Chop|[silent]\n|move|p2a: Politoed|Weather Ball|p1a: Incineroar\n|-supereffective|p1a: Incineroar|1\n|-damage|p1a: Incineroar|0 fnt\n|faint|p1a: Incineroar\n|move|p1b: Farigiraf|Psychic|p2a: Politoed\n|-damage|p2a: Politoed|53/100\n|\n|-weather|RainDance|[upkeep]\n|upkeep\n|inactive|bronzongbroomsvgc has 30 seconds left.\n|\n|t:|1788414219\n|switch|p1a: Floette|Floette-Mega, L50, F|22/100\n|-ability|p1a: Floette|Fairy Aura\n|turn|5\n|\n|t:|1788414233\n|switch|p2a: Incineroar|Incineroar, L50, M|57/100\n|-ability|p2a: Incineroar|Intimidate|boost\n|-unboost|p1a: Floette|atk|1\n|-unboost|p1b: Farigiraf|atk|1\n|move|p1a: Floette|Protect|p1a: Floette\n|-singleturn|p1a: Floette|Protect\n|move|p2b: Archaludon|Electro Shot||[still]\n|-prepare|p2b: Archaludon|Electro Shot\n|-boost|p2b: Archaludon|spa|1\n|-anim|p2b: Archaludon|Electro Shot|p1a: Floette\n|-activate|p1a: Floette|move: Protect\n|move|p1b: Farigiraf|Psychic|p2a: Incineroar\n|-immune|p2a: Incineroar\n|\n|-weather|none\n|upkeep\n|turn|6\n|\n|t:|1788414252\n|switch|p2a: Politoed|Politoed, L50, M, shiny|53/100\n|-weather|RainDance|[from] ability: Drizzle|[of] p2a: Politoed\n|move|p1b: Farigiraf|Helping Hand|p1a: Floette\n|-singleturn|p1a: Floette|Helping Hand|[of] p1b: Farigiraf\n|move|p1a: Floette|Moonblast|p2b: Archaludon\n|-crit|p2b: Archaludon\n|-damage|p2b: Archaludon|0 fnt\n|faint|p2b: Archaludon\n|\n|-weather|RainDance|[upkeep]\n|upkeep\n|\n|t:|1788414260\n|switch|p2b: Incineroar|Incineroar, L50, M|57/100\n|-ability|p2b: Incineroar|Intimidate|boost\n|-unboost|p1a: Floette|atk|1\n|-unboost|p1b: Farigiraf|atk|1\n|turn|7\n|\n|t:|1788414265\n|move|p1b: Farigiraf|Helping Hand|p1a: Floette\n|-singleturn|p1a: Floette|Helping Hand|[of] p1b: Farigiraf\n|move|p1a: Floette|Moonblast|p2b: Incineroar\n|-damage|p2b: Incineroar|0 fnt\n|faint|p2b: Incineroar\n|move|p2a: Politoed|Weather Ball|p1a: Floette\n|-damage|p1a: Floette|0 fnt\n|faint|p1a: Floette\n|\n|-weather|RainDance|[upkeep]\n|upkeep\n|\n|t:|1788414267\n|switch|p1a: Toxapex|Toxapex, L50, M|100/100\n|turn|8\n|\n|t:|1788414275\n|move|p2a: Politoed|Encore|p1b: Farigiraf\n|-start|p1b: Farigiraf|Encore\n|move|p1b: Farigiraf|Helping Hand|p1a: Toxapex\n|-singleturn|p1a: Toxapex|Helping Hand|[of] p1b: Farigiraf\n|move|p1a: Toxapex|Toxic|p2a: Politoed\n|-status|p2a: Politoed|tox\n|\n|-weather|RainDance|[upkeep]\n|-damage|p2a: Politoed|47/100 tox|[from] psn\n|upkeep\n|-enditem|p2a: Politoed|Sitrus Berry|[eat]\n|-heal|p2a: Politoed|72/100 tox|[from] item: Sitrus Berry\n|turn|9\n|-message|skratt_lol forfeited.\n|\n|win|bronzongbroomsvgc\n||skratt_lol is ready for game 3.\n||bronzongbroomsvgc is ready for game 3.\n|uhtml|next|Next: <a href=\"/battle-gen9championsvgc2026regmbbo3-2674823117\"><strong>Game 3 of 3</strong></a>\n","uploadtime":1788414745,"views":"5","formatid":"gen9championsvgc2026regmbbo3","rating":null,"private":0,"password":null}