{"id":"gen9championsvgc2026regmbbo3-2674358475","format":"[Gen 9 Champions] VGC 2026 Reg M-B (Bo3)","players":["CaratroncoSun","ImAtWorkVGC"],"log":"|j|‽CaratroncoSun\n|j|☆ImAtWorkVGC\n|html|<table width=\"100%\"><tr><td align=\"left\">CaratroncoSun</td><td align=\"right\">ImAtWorkVGC</tr><tr><td align=\"left\"><i class=\"fa fa-circle\"></i> <i class=\"fa fa-circle-o\"></i> </td><td align=\"right\"><i class=\"fa fa-circle-o\"></i> <i class=\"fa fa-circle\"></i> </tr></table>\n|uhtml|bestof|<h2><strong>Game 3</strong> of <a href=\"/game-bestof3-gen9championsvgc2026regmbbo3-2674356514\">a best-of-3</a></h2>\n|t:|1788348316\n|gametype|doubles\n|player|p1|CaratroncoSun|266|1351\n|player|p2|ImAtWorkVGC|101|1308\n|gen|9\n|tier|[Gen 9 Champions] VGC 2026 Reg M-B (Bo3)\n|rated|\n|rule|Species Clause: Limit one of each Pokémon\n|rule|Item Clause: Limit 1 of each item\n|clearpoke\n|poke|p1|Charizard, L50, M, shiny|\n|poke|p1|Venusaur, L50, M, shiny|\n|poke|p1|Whimsicott, L50, M, shiny|\n|poke|p1|Basculegion, L50, M|\n|poke|p1|Tyranitar, L50, M|\n|poke|p1|Mamoswine, L50, M|\n|poke|p2|Gengar, L50, M|\n|poke|p2|Vanilluxe, L50, M|\n|poke|p2|Lycanroc-Dusk, L50, F|\n|poke|p2|Kingambit, L50, M|\n|poke|p2|Dragonite, L50, F|\n|poke|p2|Incineroar, L50, M|\n|teampreview|4\n|showteam|p1|Charizard||CharizarditeY|Blaze|Protect,SolarBeam,HeatWave,AirSlash|Modest||M|||50|]Venusaur||WideLens|Chlorophyll|Protect,GigaDrain,EarthPower,SleepPowder|Modest||M|||50|]Whimsicott||FocusSash|Prankster|Protect,Moonblast,Tailwind,Encore|Timid||M|||50|]Basculegion||MysticWater|Adaptability|Protect,AquaJet,WaveCrash,LastRespects|Adamant||M|||50|]Tyranitar||Tyranitarite|SandStream|Protect,RockSlide,KnockOff,LowKick|Adamant||M|||50|]Mamoswine||LifeOrb|Oblivious|Protect,HighHorsepower,RockSlide,IceShard|Adamant||M|||50|\n|showteam|p2|Gengar||Gengarite|CursedBody|Protect,SludgeBomb,ShadowBall,Substitute|Timid||M|||50|]Vanilluxe||ChoiceScarf|SnowWarning|Blizzard,FreezeDry,IcyWind,SheerCold|Timid||M|||50|]Lycanroc-Dusk||FocusSash|ToughClaws|RockSlide,CloseCombat,Accelerock,Protect|Jolly||F|||50|]Kingambit||BlackGlasses|Defiant|KowtowCleave,SuckerPunch,SwordsDance,Protect|Adamant||M|||50|]Dragonite||LifeOrb|InnerFocus|Protect,DragonClaw,ExtremeSpeed,Superpower|Adamant||F|||50|]Incineroar||SitrusBerry|Intimidate|PartingShot,FlareBlitz,DarkestLariat,FakeOut|Careful||M|||50|\n|\n|t:|1788348329\n|teamsize|p1|4\n|teamsize|p2|4\n|start\n|switch|p1a: Mamoswine|Mamoswine, L50, M|100/100\n|switch|p1b: Whimsicott|Whimsicott, L50, M, shiny|100/100\n|switch|p2a: Cream|Dragonite, L50, F|100/100\n|switch|p2b: Scream|Gengar, L50, M|100/100\n|turn|1\n|\n|t:|1788348341\n|detailschange|p2b: Scream|Gengar-Mega, L50, M\n|-mega|p2b: Scream|Gengar|Gengarite\n|move|p1b: Whimsicott|Protect|p1b: Whimsicott\n|-singleturn|p1b: Whimsicott|Protect\n|move|p2b: Scream|Protect|p2b: Scream\n|-singleturn|p2b: Scream|Protect\n|move|p1a: Mamoswine|Ice Shard|p2a: Cream\n|-supereffective|p2a: Cream|2\n|-damage|p2a: Cream|0 fnt\n|faint|p2a: Cream\n|-damage|p1a: Mamoswine|90/100|[from] item: Life Orb\n|\n|upkeep\n|\n|t:|1788348350\n|switch|p2a: You|Incineroar, L50, M|100/100\n|-ability|p2a: You|Intimidate|boost\n|-fail|p1a: Mamoswine|unboost|atk|[from] ability: Oblivious|[of] p1a: Mamoswine\n|-unboost|p1b: Whimsicott|atk|1\n|turn|2\n|\n|t:|1788348367\n|move|p2a: You|Fake Out|p1b: Whimsicott\n|-damage|p1b: Whimsicott|82/100\n|cant|p1b: Whimsicott|flinch\n|move|p2b: Scream|Sludge Bomb|p1b: Whimsicott\n|-supereffective|p1b: Whimsicott|2\n|-damage|p1b: Whimsicott|0 fnt\n|faint|p1b: Whimsicott\n|move|p1a: Mamoswine|High Horsepower|p2b: Scream\n|-supereffective|p2b: Scream|1\n|-damage|p2b: Scream|0 fnt\n|faint|p2b: Scream\n|-damage|p1a: Mamoswine|80/100|[from] item: Life Orb\n|\n|upkeep\n|\n|t:|1788348380\n|switch|p2b: I|Lycanroc-Dusk, L50, F|100/100\n|switch|p1b: Venusaur|Venusaur, L50, M, shiny|100/100\n|turn|3\n|\n|t:|1788348393\n|move|p1a: Mamoswine|Protect|p1a: Mamoswine\n|-singleturn|p1a: Mamoswine|Protect\n|move|p2b: I|Close Combat|p1a: Mamoswine\n|-activate|p1a: Mamoswine|move: Protect\n|move|p1b: Venusaur|Sleep Powder|p2b: I\n|-status|p2b: I|slp|[from] move: Sleep Powder\n|move|p2a: You|Flare Blitz|p1b: Venusaur\n|-supereffective|p1b: Venusaur|1\n|-damage|p1b: Venusaur|0 fnt\n|faint|p1b: Venusaur\n|-damage|p2a: You|73/100|[from] Recoil\n|\n|upkeep\n|\n|t:|1788348406\n|switch|p1b: Charizard|Charizard, L50, M, shiny|100/100\n|turn|4\n|\n|t:|1788348413\n|detailschange|p1b: Charizard|Charizard-Mega-Y, L50, M, shiny\n|-mega|p1b: Charizard|Charizard|Charizardite Y\n|-weather|SunnyDay|[from] ability: Drought|[of] p1b: Charizard\n|cant|p2b: I|slp\n|move|p1b: Charizard|Solar Beam||[still]\n|-prepare|p1b: Charizard|Solar Beam\n|-anim|p1b: Charizard|Solar Beam|p2b: I\n|-supereffective|p2b: I|1\n|-enditem|p2b: I|Focus Sash\n|-damage|p2b: I|1/100 slp\n|move|p1a: Mamoswine|Rock Slide|p2a: You|[spread] p2b\n|-miss|p1a: Mamoswine|p2a: You\n|-damage|p2b: I|0 fnt\n|faint|p2b: I\n|-damage|p1a: Mamoswine|70/100|[from] item: Life Orb\n|move|p2a: You|Flare Blitz|p1a: Mamoswine\n|-supereffective|p1a: Mamoswine|1\n|-damage|p1a: Mamoswine|0 fnt\n|faint|p1a: Mamoswine\n|-damage|p2a: You|51/100|[from] Recoil\n|\n|-weather|SunnyDay|[upkeep]\n|upkeep\n|turn|5\n|\n|t:|1788348434\n|move|p1b: Charizard|Air Slash|p2a: You\n|-damage|p2a: You|11/100\n|-enditem|p2a: You|Sitrus Berry|[eat]\n|-heal|p2a: You|36/100|[from] item: Sitrus Berry\n|move|p2a: You|Darkest Lariat|p1b: Charizard\n|-damage|p1b: Charizard|62/100\n|\n|-weather|SunnyDay|[upkeep]\n|upkeep\n|turn|6\n|\n|t:|1788348444\n|move|p1b: Charizard|Air Slash|p2a: You\n|-damage|p2a: You|0 fnt\n|faint|p2a: You\n|\n|win|CaratroncoSun\n|raw|CaratroncoSun's rating: 1351 &rarr; <strong>1369</strong><br />(+18 for winning)\n|raw|ImAtWorkVGC's rating: 1308 &rarr; <strong>1290</strong><br />(-18 for losing)\n","uploadtime":1788348444,"views":"0","formatid":"gen9championsvgc2026regmbbo3","rating":1290,"private":0,"password":null}