{"id":"gen9championsvgc2026regmb-2674085227","format":"[Gen 9 Champions] VGC 2026 Reg M-B","players":["m3troGoonin","skbdiohio"],"log":"|j|☆m3troGoonin\n|j|‽skbdiohio\n|t:|1788297091\n|gametype|doubles\n|player|p1|m3troGoonin|101|1457\n|player|p2|skbdiohio|170|1470\n|gen|9\n|tier|[Gen 9 Champions] VGC 2026 Reg M-B\n|rated|\n|rule|Species Clause: Limit one of each Pokémon\n|rule|Item Clause: Limit 1 of each item\n|clearpoke\n|poke|p1|Scovillain, L50, M, shiny|\n|poke|p1|Basculegion, L50, M|\n|poke|p1|Kingambit, L50, M|\n|poke|p1|Sneasler, L50, M|\n|poke|p1|Lycanroc-Dusk, L50, M|\n|poke|p1|Froslass, L50, F|\n|poke|p2|Gengar, L50, M|\n|poke|p2|Incineroar, L50, F|\n|poke|p2|Politoed, L50, F, shiny|\n|poke|p2|Swampert, L50, M|\n|poke|p2|Vivillon, L50, F|\n|poke|p2|Archaludon, L50, F|\n|teampreview|4\n|\n|t:|1788297124\n|teamsize|p1|4\n|teamsize|p2|4\n|start\n|switch|p1a: Basculegion|Basculegion, L50, M|100/100\n|switch|p1b: Froslass|Froslass, L50, F|100/100\n|switch|p2a: Gengar|Gengar, L50, M|100/100\n|switch|p2b: Vivillon|Vivillon, L50, F|100/100\n|turn|1\n|\n|t:|1788297157\n|detailschange|p1b: Froslass|Froslass-Mega, L50, F\n|-mega|p1b: Froslass|Froslass|Froslassite\n|-weather|Snowscape|[from] ability: Snow Warning|[of] p1b: Froslass\n|detailschange|p2a: Gengar|Gengar-Mega, L50, M\n|-mega|p2a: Gengar|Gengar|Gengarite\n|move|p2b: Vivillon|Rage Powder|p2b: Vivillon\n|-singleturn|p2b: Vivillon|move: Rage Powder\n|move|p1a: Basculegion|Aqua Jet|p2b: Vivillon\n|-damage|p2b: Vivillon|25/100\n|-damage|p1a: Basculegion|90/100|[from] item: Life Orb\n|move|p1b: Froslass|Blizzard|p2a: Gengar|[spread] p2a,p2b\n|-supereffective|p2b: Vivillon|1\n|-damage|p2a: Gengar|67/100\n|-damage|p2b: Vivillon|0 fnt\n|faint|p2b: Vivillon\n|move|p2a: Gengar|Shadow Ball|p1b: Froslass\n|-supereffective|p1b: Froslass|1\n|-damage|p1b: Froslass|4/100\n|-unboost|p1b: Froslass|spd|1\n|\n|-weather|Snowscape|[upkeep]\n|upkeep\n|\n|t:|1788297173\n|switch|p2b: Incineroar|Incineroar, L50, F|100/100\n|-ability|p2b: Incineroar|Intimidate|boost\n|-unboost|p1a: Basculegion|atk|1\n|-unboost|p1b: Froslass|atk|1\n|turn|2\n|\n|t:|1788297188\n|switch|p1b: Kingambit|Kingambit, L50, M|100/100\n|switch|p2a: Politoed|Politoed, L50, F, shiny|100/100\n|-weather|RainDance|[from] ability: Drizzle|[of] p2a: Politoed\n|move|p1a: Basculegion|Wave Crash|p2b: Incineroar\n|-supereffective|p2b: Incineroar|1\n|-enditem|p2b: Incineroar|Passho Berry|[eat]\n|-enditem|p2b: Incineroar|Passho Berry|[weaken]\n|-damage|p2b: Incineroar|17/100\n|-damage|p1a: Basculegion|62/100|[from] Recoil\n|-damage|p1a: Basculegion|53/100|[from] item: Life Orb\n|move|p2b: Incineroar|Throat Chop|p1b: Kingambit\n|-resisted|p1b: Kingambit|1\n|-damage|p1b: Kingambit|88/100\n|-start|p1b: Kingambit|Throat Chop|[silent]\n|\n|-weather|RainDance|[upkeep]\n|upkeep\n|turn|3\n|inactive|Battle timer is ON: inactive players will automatically lose when time's up. (requested by skbdiohio)\n|\n|t:|1788297239\n|move|p2b: Incineroar|Protect|p2b: Incineroar\n|-singleturn|p2b: Incineroar|Protect\n|move|p1a: Basculegion|Aqua Jet|p2b: Incineroar\n|-activate|p2b: Incineroar|move: Protect\n|move|p2a: Politoed|Hypnosis|p1a: Basculegion|[miss]\n|-miss|p2a: Politoed|p1a: Basculegion\n|move|p1b: Kingambit|Kowtow Cleave|p2a: Politoed\n|-damage|p2a: Politoed|49/100\n|-enditem|p2a: Politoed|Sitrus Berry|[eat]\n|-heal|p2a: Politoed|74/100|[from] item: Sitrus Berry\n|\n|-weather|RainDance|[upkeep]\n|-end|p1b: Kingambit|Throat Chop|[silent]\n|upkeep\n|turn|4\n|\n|t:|1788297252\n|switch|p2b: Gengar|Gengar-Mega, L50, M|67/100\n|move|p1a: Basculegion|Aqua Jet|p2b: Gengar\n|-damage|p2b: Gengar|16/100\n|-damage|p1a: Basculegion|43/100|[from] item: Life Orb\n|move|p2a: Politoed|Hypnosis|p1a: Basculegion\n|-status|p1a: Basculegion|slp|[from] move: Hypnosis\n|move|p1b: Kingambit|Kowtow Cleave|p2a: Politoed\n|-damage|p2a: Politoed|20/100y\n|\n|-weather|RainDance|[upkeep]\n|upkeep\n|turn|5\n|inactive|m3troGoonin has 30 seconds left.\n|inactive|skbdiohio has 30 seconds left.\n|\n|t:|1788297281\n|cant|p1a: Basculegion|slp\n|move|p2b: Gengar|Perish Song|p2b: Gengar\n|-start|p1a: Basculegion|perish3|[silent]\n|-start|p1b: Kingambit|perish3|[silent]\n|-start|p2a: Politoed|perish3|[silent]\n|-start|p2b: Gengar|perish3|[silent]\n|-fieldactivate|move: Perish Song\n|move|p2a: Politoed|Weather Ball|p1b: Kingambit\n|-damage|p1b: Kingambit|44/100\n|move|p1b: Kingambit|Kowtow Cleave|p2a: Politoed\n|-damage|p2a: Politoed|0 fnt\n|faint|p2a: Politoed\n|\n|-weather|RainDance|[upkeep]\n|-start|p2b: Gengar|perish3\n|-start|p1a: Basculegion|perish3\n|-start|p1b: Kingambit|perish3\n|upkeep\n|\n|t:|1788297288\n|switch|p2a: Incineroar|Incineroar, L50, F|17/100\n|-ability|p2a: Incineroar|Intimidate|boost\n|-unboost|p1a: Basculegion|atk|1\n|-unboost|p1b: Kingambit|atk|1\n|-ability|p1b: Kingambit|Defiant|boost\n|-boost|p1b: Kingambit|atk|2\n|turn|6\n|\n|t:|1788297309\n|move|p2a: Incineroar|Fake Out|p1b: Kingambit\n|-resisted|p1b: Kingambit|1\n|-damage|p1b: Kingambit|41/100\n|-curestatus|p1a: Basculegion|slp|[msg]\n|move|p1a: Basculegion|Aqua Jet|p2a: Incineroar\n|-supereffective|p2a: Incineroar|1\n|-damage|p2a: Incineroar|0 fnt\n|faint|p2a: Incineroar\n|-damage|p1a: Basculegion|34/100|[from] item: Life Orb\n|move|p2b: Gengar|Shadow Ball|p1a: Basculegion\n|-supereffective|p1a: Basculegion|1\n|-damage|p1a: Basculegion|0 fnt\n|faint|p1a: Basculegion\n|cant|p1b: Kingambit|flinch\n|\n|-weather|none\n|-start|p2b: Gengar|perish2\n|-start|p1b: Kingambit|perish2\n|upkeep\n|-message|skbdiohio forfeited.\n|\n|win|m3troGoonin\n|raw|m3troGoonin's rating: 1457 &rarr; <strong>1478</strong><br />(+21 for winning)\n|raw|skbdiohio's rating: 1470 &rarr; <strong>1449</strong><br />(-21 for losing)\n","uploadtime":1788297319,"views":"0","formatid":"gen9championsvgc2026regmb","rating":1449,"private":0,"password":null}