{"id":"gen9championsvgc2026regmb-2674164601","format":"[Gen 9 Champions] VGC 2026 Reg M-B","players":["Imprison User","pavlower"],"log":"|j|☆Imprison User\n|j|☆pavlower\n|t:|1788308815\n|gametype|doubles\n|player|p1|Imprison User|winona|1343\n|player|p2|pavlower|pokemonbreeder|1439\n|gen|9\n|tier|[Gen 9 Champions] VGC 2026 Reg M-B\n|rated|\n|rule|Species Clause: Limit one of each Pokémon\n|rule|Item Clause: Limit 1 of each item\n|clearpoke\n|poke|p1|Floette-Eternal, L50, F|\n|poke|p1|Incineroar, L50, F|\n|poke|p1|Sinistcha, L50|\n|poke|p1|Tinkaton, L50, F|\n|poke|p1|Kingambit, L50, M|\n|poke|p1|Gholdengo, L50|\n|poke|p2|Liepard, L50, M|\n|poke|p2|Tsareena, L50, F|\n|poke|p2|Swampert, L50, M|\n|poke|p2|Ninetales-Alola, L50, F|\n|poke|p2|Typhlosion, L50, M|\n|poke|p2|Raichu, L50, M|\n|teampreview|4\n|inactive|Battle timer is ON: inactive players will automatically lose when time's up. (requested by pavlower)\n|inactive|pavlower has 60 seconds left.\n|\n|t:|1788308849\n|teamsize|p1|4\n|teamsize|p2|4\n|start\n|switch|p1a: Tinkaton|Tinkaton, L50, F|100/100\n|switch|p1b: Floette|Floette-Eternal, L50, F|100/100\n|switch|p2a: Typhlosion|Typhlosion, L50, M|100/100\n|switch|p2b: Liepard|Liepard, L50, M|100/100\n|-ability|p1a: Tinkaton|Mold Breaker\n|turn|1\n|\n|t:|1788308866\n|detailschange|p1b: Floette|Floette-Mega, L50, F\n|-mega|p1b: Floette|Floette|Floettite\n|-ability|p1b: Floette|Fairy Aura\n|move|p2b: Liepard|Fake Out|p1a: Tinkaton\n|-resisted|p1a: Tinkaton|1\n|-damage|p1a: Tinkaton|94/100\n|cant|p1a: Tinkaton|flinch\n|move|p2a: Typhlosion|Eruption|p1b: Floette|[spread] p1a,p1b\n|-supereffective|p1a: Tinkaton|1\n|-damage|p1a: Tinkaton|0 fnt\n|-damage|p1b: Floette|66/100\n|faint|p1a: Tinkaton\n|move|p1b: Floette|Calm Mind|p1b: Floette\n|-boost|p1b: Floette|spa|1\n|-boost|p1b: Floette|spd|1\n|\n|upkeep\n|\n|t:|1788308876\n|switch|p1a: Incineroar|Incineroar, L50, F|100/100\n|-ability|p1a: Incineroar|Intimidate|boost\n|-unboost|p2a: Typhlosion|atk|1\n|-unboost|p2b: Liepard|atk|1\n|turn|2\n|\n|t:|1788308888\n|switch|p2a: Tsareena|Tsareena, L50, F|100/100\n|move|p1a: Incineroar|Fake Out||[still]\n|cant|p2a: Tsareena|ability: Queenly Majesty|Fake Out|[of] p1a: Incineroar\n|move|p2b: Liepard|Encore|p1b: Floette\n|-start|p1b: Floette|Encore\n|move|p1b: Floette|Calm Mind|p1b: Floette\n|-boost|p1b: Floette|spa|1\n|-boost|p1b: Floette|spd|1\n|\n|upkeep\n|turn|3\n|\n|t:|1788308903\n|switch|p1a: Sinistcha|Sinistcha, L50|100/100\n|-heal|p1b: Floette|91/100|[from] ability: Hospitality|[of] p1a: Sinistcha\n|move|p2b: Liepard|Foul Play|p1b: Floette\n|-resisted|p1b: Floette|1\n|-damage|p1b: Floette|77/100\n|move|p1b: Floette|Calm Mind|p1b: Floette\n|-boost|p1b: Floette|spa|1\n|-boost|p1b: Floette|spd|1\n|move|p2a: Tsareena|High Jump Kick|p1a: Sinistcha\n|-immune|p1a: Sinistcha\n|-damage|p2a: Tsareena|50/100g|[from] highjumpkick\n|\n|upkeep\n|turn|4\n|\n|t:|1788308926\n|move|p1a: Sinistcha|Rage Powder|p1a: Sinistcha\n|-singleturn|p1a: Sinistcha|move: Rage Powder\n|move|p2b: Liepard|Foul Play|p1a: Sinistcha\n|-supereffective|p1a: Sinistcha|1\n|-damage|p1a: Sinistcha|73/100\n|move|p1b: Floette|Calm Mind|p1b: Floette\n|-boost|p1b: Floette|spa|1\n|-boost|p1b: Floette|spd|1\n|move|p2a: Tsareena|Power Whip|p1b: Floette\n|-damage|p1b: Floette|9/100\n|\n|-end|p1b: Floette|Encore\n|upkeep\n|turn|5\n|inactive|pavlower has 30 seconds left.\n|\n|t:|1788308954\n|move|p2a: Tsareena|Protect|p2a: Tsareena\n|-singleturn|p2a: Tsareena|Protect\n|move|p1a: Sinistcha|Rage Powder|p1a: Sinistcha\n|-singleturn|p1a: Sinistcha|move: Rage Powder\n|move|p2b: Liepard|Encore|p1a: Sinistcha\n|-start|p1a: Sinistcha|Encore\n|move|p1b: Floette|Dazzling Gleam|p2a: Tsareena|[spread] p2b\n|-activate|p2a: Tsareena|move: Protect\n|-supereffective|p2b: Liepard|1\n|-enditem|p2b: Liepard|Focus Sash\n|-damage|p2b: Liepard|1/100\n|\n|upkeep\n|turn|6\n|\n|t:|1788308974\n|move|p1a: Sinistcha|Rage Powder|p1a: Sinistcha\n|-singleturn|p1a: Sinistcha|move: Rage Powder\n|move|p2b: Liepard|Foul Play|p1a: Sinistcha\n|-supereffective|p1a: Sinistcha|1\n|-damage|p1a: Sinistcha|46/100\n|move|p1b: Floette|Dazzling Gleam|p2b: Liepard|[spread] p2a,p2b\n|-supereffective|p2b: Liepard|1\n|-damage|p2a: Tsareena|0 fnt\n|-damage|p2b: Liepard|0 fnt\n|faint|p2a: Tsareena\n|faint|p2b: Liepard\n|\n|upkeep\n|\n|t:|1788308983\n|switch|p2b: Raichu|Raichu, L50, M|100/100\n|switch|p2a: Typhlosion|Typhlosion, L50, M|100/100\n|turn|7\n|\n|t:|1788308995\n|switch|p1a: Incineroar|Incineroar, L50, F|100/100\n|-ability|p1a: Incineroar|Intimidate|boost\n|-unboost|p2a: Typhlosion|atk|1\n|-unboost|p2b: Raichu|atk|1\n|detailschange|p2b: Raichu|Raichu-Mega-Y, L50, M\n|-mega|p2b: Raichu|Raichu|Raichunite Y\n|move|p1b: Floette|Protect|p1b: Floette\n|-singleturn|p1b: Floette|Protect\n|move|p2a: Typhlosion|Eruption|p1a: Incineroar|[spread] p1a\n|-activate|p1b: Floette|move: Protect\n|-resisted|p1a: Incineroar|1\n|-damage|p1a: Incineroar|75/100\n|move|p2b: Raichu|Zap Cannon|p1a: Incineroar\n|-damage|p1a: Incineroar|6/100\n|-status|p1a: Incineroar|par\n|-enditem|p1a: Incineroar|Sitrus Berry|[eat]\n|-heal|p1a: Incineroar|31/100 par|[from] item: Sitrus Berry\n|\n|upkeep\n|turn|8\n|inactive|Imprison User has 30 seconds left.\n|\n|t:|1788309028\n|switch|p1a: Sinistcha|Sinistcha, L50|46/100\n|-heal|p1b: Floette|34/100|[from] ability: Hospitality|[of] p1a: Sinistcha\n|move|p2a: Typhlosion|Eruption|p1b: Floette|[spread] p1a,p1b\n|-supereffective|p1a: Sinistcha|1\n|-enditem|p1a: Sinistcha|Occa Berry|[eat]\n|-enditem|p1a: Sinistcha|Occa Berry|[weaken]\n|-damage|p1a: Sinistcha|0 fnt\n|-damage|p1b: Floette|22/100\n|faint|p1a: Sinistcha\n|move|p2b: Raichu|Zap Cannon|p1b: Floette\n|-damage|p1b: Floette|4/100\n|-status|p1b: Floette|par\n|move|p1b: Floette|Dazzling Gleam|p2b: Raichu|[spread] p2a,p2b\n|-resisted|p2a: Typhlosion|1\n|-damage|p2a: Typhlosion|22/100\n|-damage|p2b: Raichu|0 fnt\n|faint|p2b: Raichu\n|\n|upkeep\n|\n|t:|1788309042\n|switch|p1a: Incineroar|Incineroar, L50, F|31/100 par\n|-ability|p1a: Incineroar|Intimidate|boost\n|-unboost|p2a: Typhlosion|atk|1\n|turn|9\n|\n|t:|1788309047\n|move|p1a: Incineroar|Fake Out|p2a: Typhlosion\n|-damage|p2a: Typhlosion|7/100\n|cant|p2a: Typhlosion|flinch\n|move|p1b: Floette|Moonblast|p2a: Typhlosion\n|-resisted|p2a: Typhlosion|1\n|-damage|p2a: Typhlosion|0 fnt\n|faint|p2a: Typhlosion\n|\n|win|Imprison User\n|raw|Imprison User's rating: 1343 &rarr; <strong>1368</strong><br />(+25 for winning)\n|raw|pavlower's rating: 1439 &rarr; <strong>1414</strong><br />(-25 for losing)\n|l|☆pavlower\n|player|p2|\n","uploadtime":1788309177,"views":"9","formatid":"gen9championsvgc2026regmb","rating":1368,"private":0,"password":null}