{"id":"gen9championsvgc2026regmb-2674491069","format":"[Gen 9 Champions] VGC 2026 Reg M-B","players":["fdtubcdtun","ihatethisgame9"],"log":"|j|☆fdtubcdtun\n|j|☆ihatethisgame9\n|t:|1788366036\n|gametype|doubles\n|player|p1|fdtubcdtun|blue|1260\n|player|p2|ihatethisgame9|265|1172\n|gen|9\n|tier|[Gen 9 Champions] VGC 2026 Reg M-B\n|rated|\n|rule|Species Clause: Limit one of each Pokémon\n|rule|Item Clause: Limit 1 of each item\n|clearpoke\n|poke|p1|Hawlucha, L50, M|\n|poke|p1|Snorlax, L50, F|\n|poke|p1|Incineroar, L50, F|\n|poke|p1|Sinistcha, L50|\n|poke|p1|Sneasler, L50, F|\n|poke|p1|Blastoise, L50, F|\n|poke|p2|Gardevoir, L50, M|\n|poke|p2|Kingambit, L50, M|\n|poke|p2|Sneasler, L50, M|\n|poke|p2|Milotic, L50, F|\n|poke|p2|Whimsicott, L50, F|\n|poke|p2|Garchomp, L50, M|\n|teampreview|4\n|inactive|Battle timer is ON: inactive players will automatically lose when time's up. (requested by fdtubcdtun)\n|\n|t:|1788366065\n|teamsize|p1|4\n|teamsize|p2|4\n|start\n|switch|p1a: Hawlucha|Hawlucha, L50, M|100/100\n|switch|p1b: Snorlax|Snorlax, L50, F|100/100\n|switch|p2a: Kingambit|Kingambit, L50, M|100/100\n|switch|p2b: Sneasler|Sneasler, L50, M|100/100\n|-ability|p1a: Hawlucha|Mold Breaker\n|turn|1\n|\n|t:|1788366081\n|detailschange|p1a: Hawlucha|Hawlucha-Mega, L50, M\n|-mega|p1a: Hawlucha|Hawlucha|Hawluchanite\n|move|p2b: Sneasler|Fake Out|p1a: Hawlucha\n|-damage|p1a: Hawlucha|85/100\n|cant|p1a: Hawlucha|flinch\n|move|p2a: Kingambit|Swords Dance|p2a: Kingambit\n|-boost|p2a: Kingambit|atk|2\n|move|p1b: Snorlax|Stockpile|p1b: Snorlax\n|-start|p1b: Snorlax|stockpile1\n|-boost|p1b: Snorlax|def|1\n|-boost|p1b: Snorlax|spd|1\n|\n|upkeep\n|turn|2\n|\n|t:|1788366107\n|move|p2a: Kingambit|Sucker Punch|p1a: Hawlucha\n|-resisted|p1a: Hawlucha|1\n|-damage|p1a: Hawlucha|31/100\n|-damage|p2a: Kingambit|90/100|[from] item: Life Orb\n|move|p1a: Hawlucha|Cross Chop|p2a: Kingambit\n|-supereffective|p2a: Kingambit|2\n|-damage|p2a: Kingambit|0 fnt\n|faint|p2a: Kingambit\n|move|p2b: Sneasler|Close Combat|p1b: Snorlax\n|-supereffective|p1b: Snorlax|1\n|-damage|p1b: Snorlax|46/100\n|-unboost|p2b: Sneasler|def|1\n|-unboost|p2b: Sneasler|spd|1\n|-enditem|p2b: Sneasler|White Herb\n|-clearnegativeboost|p2b: Sneasler|[silent]\n|move|p1b: Snorlax|Stockpile|p1b: Snorlax\n|-start|p1b: Snorlax|stockpile2\n|-boost|p1b: Snorlax|def|1\n|-boost|p1b: Snorlax|spd|1\n|\n|-heal|p1b: Snorlax|52/100|[from] item: Leftovers\n|upkeep\n|\n|t:|1788366127\n|switch|p2a: Gardevoir|Gardevoir, L50, M|100/100\n|turn|3\n|inactive|ihatethisgame9 has 30 seconds left.\n|inactive|fdtubcdtun has 30 seconds left.\n|inactive|fdtubcdtun has 20 seconds left.\n|\n|t:|1788366171\n|detailschange|p2a: Gardevoir|Gardevoir-Mega, L50, M\n|-mega|p2a: Gardevoir|Gardevoir|Gardevoirite\n|move|p2b: Sneasler|Dire Claw|p1a: Hawlucha\n|-damage|p1a: Hawlucha|0 fnt\n|faint|p1a: Hawlucha\n|move|p2a: Gardevoir|Calm Mind|p2a: Gardevoir\n|-boost|p2a: Gardevoir|spa|1\n|-boost|p2a: Gardevoir|spd|1\n|move|p1b: Snorlax|Rest|p1b: Snorlax\n|-status|p1b: Snorlax|slp|[from] move: Rest\n|-heal|p1b: Snorlax|100/100 slp|[silent]\n|\n|upkeep\n|\n|t:|1788366180\n|switch|p1a: Sneasler|Sneasler, L50, F|100/100\n|turn|4\n|inactive|ihatethisgame9 has 30 seconds left.\n|\n|t:|1788366210\n|move|p2a: Gardevoir|Protect|p2a: Gardevoir\n|-singleturn|p2a: Gardevoir|Protect\n|move|p1a: Sneasler|Fake Out|p2a: Gardevoir\n|-activate|p2a: Gardevoir|move: Protect\n|move|p2b: Sneasler|Close Combat|p1b: Snorlax\n|-supereffective|p1b: Snorlax|1\n|-damage|p1b: Snorlax|58/100 slp\n|-unboost|p2b: Sneasler|def|1\n|-unboost|p2b: Sneasler|spd|1\n|cant|p1b: Snorlax|slp\n|move|p1b: Snorlax|Sleep Talk|p1b: Snorlax\n|move|p1b: Snorlax|Fissure|p2a: Gardevoir|[from] move: Sleep Talk\n|-activate|p2a: Gardevoir|move: Protect\n|\n|-heal|p1b: Snorlax|64/100 slp|[from] item: Leftovers\n|upkeep\n|turn|5\n|inactive|ihatethisgame9 has 30 seconds left.\n|inactive|ihatethisgame9 has 20 seconds left.\n|\n|t:|1788366247\n|move|p2b: Sneasler|Close Combat|p1b: Snorlax\n|-supereffective|p1b: Snorlax|1\n|-damage|p1b: Snorlax|22/100 slp\n|-unboost|p2b: Sneasler|def|1\n|-unboost|p2b: Sneasler|spd|1\n|move|p1a: Sneasler|Poison Jab|p2a: Gardevoir\n|-supereffective|p2a: Gardevoir|1\n|-damage|p2a: Gardevoir|0 fnt\n|faint|p2a: Gardevoir\n|cant|p1b: Snorlax|slp\n|move|p1b: Snorlax|Sleep Talk|p1b: Snorlax\n|move|p1b: Snorlax|Stockpile|p1b: Snorlax|[from] move: Sleep Talk\n|-start|p1b: Snorlax|stockpile3\n|-boost|p1b: Snorlax|def|1\n|-boost|p1b: Snorlax|spd|1\n|\n|-heal|p1b: Snorlax|28/100 slp|[from] item: Leftovers\n|upkeep\n|\n|t:|1788366254\n|switch|p2a: Milotic|Milotic, L50, F|100/100\n|turn|6\n|inactive|fdtubcdtun has 30 seconds left.\n|\n|t:|1788366289\n|switch|p1a: Sinistcha|Sinistcha, L50|100/100\n|-heal|p1b: Snorlax|52/100 slp|[from] ability: Hospitality|[of] p1a: Sinistcha\n|move|p2b: Sneasler|Close Combat|p1b: Snorlax\n|-supereffective|p1b: Snorlax|1\n|-damage|p1b: Snorlax|19/100 slp\n|-unboost|p2b: Sneasler|def|1\n|-unboost|p2b: Sneasler|spd|1\n|move|p2a: Milotic|Scald|p1b: Snorlax\n|-damage|p1b: Snorlax|10/100 slp\n|-curestatus|p1b: Snorlax|slp|[msg]\n|move|p1b: Snorlax|Rest|p1b: Snorlax\n|-status|p1b: Snorlax|slp|[from] move: Rest\n|-heal|p1b: Snorlax|100/100 slp|[silent]\n|\n|upkeep\n|turn|7\n|\n|t:|1788366309\n|move|p2b: Sneasler|Dire Claw|p1a: Sinistcha\n|-damage|p1a: Sinistcha|69/100\n|-status|p1a: Sinistcha|par\n|move|p2a: Milotic|Icy Wind|p1b: Snorlax|[spread] p1a,p1b\n|-supereffective|p1a: Sinistcha|1\n|-damage|p1a: Sinistcha|43/100 par\n|-damage|p1b: Snorlax|98/100 slp\n|-unboost|p1a: Sinistcha|spe|1\n|-unboost|p1b: Snorlax|spe|1\n|cant|p1b: Snorlax|slp\n|move|p1b: Snorlax|Sleep Talk|p1b: Snorlax\n|move|p1b: Snorlax|Rest||[from] move: Sleep Talk|[still]\n|-fail|p1b: Snorlax\n|move|p1a: Sinistcha|Leaf Storm|p2a: Milotic\n|-supereffective|p2a: Milotic|1\n|-damage|p2a: Milotic|15/100\n|-unboost|p1a: Sinistcha|spa|2\n|\n|-heal|p2a: Milotic|21/100|[from] item: Leftovers\n|-heal|p1b: Snorlax|100/100 slp|[from] item: Leftovers\n|upkeep\n|turn|8\n|inactive|ihatethisgame9 has 30 seconds left.\n|\n|t:|1788366335\n|move|p2b: Sneasler|Dire Claw|p1a: Sinistcha\n|-crit|p1a: Sinistcha\n|-damage|p1a: Sinistcha|0 fnt\n|faint|p1a: Sinistcha\n|move|p2a: Milotic|Life Dew||[still]|[spread] p2a,p2b\n|-heal|p2a: Milotic|47/100\n|-fail|p2b: Sneasler|heal\n|cant|p1b: Snorlax|slp\n|move|p1b: Snorlax|Sleep Talk|p1b: Snorlax\n|move|p1b: Snorlax|Stockpile||[from] move: Sleep Talk|[still]\n|-fail|p1b: Snorlax\n|\n|-heal|p2a: Milotic|52/100|[from] item: Leftovers\n|upkeep\n|\n|t:|1788366339\n|switch|p1a: Sneasler|Sneasler, L50, F|100/100\n|turn|9\n|\n|t:|1788366359\n|move|p1a: Sneasler|Fake Out|p2a: Milotic\n|-damage|p2a: Milotic|39/100\n|move|p2b: Sneasler|Close Combat|p1a: Sneasler\n|-resisted|p1a: Sneasler|1\n|-damage|p1a: Sneasler|46/100\n|-unboost|p2b: Sneasler|def|1\n|-unboost|p2b: Sneasler|spd|1\n|cant|p2a: Milotic|flinch\n|-curestatus|p1b: Snorlax|slp|[msg]\n|move|p1b: Snorlax|Fissure|p2b: Sneasler|[miss]\n|-miss|p1b: Snorlax|p2b: Sneasler\n|\n|-heal|p2a: Milotic|45/100|[from] item: Leftovers\n|upkeep\n|turn|10\n|c|☆ihatethisgame9|why is it poison jab and not dire claw??\n|\n|t:|1788366382\n|move|p2b: Sneasler|Close Combat|p1a: Sneasler\n|-resisted|p1a: Sneasler|1\n|-damage|p1a: Sneasler|0 fnt\n|-unboost|p2b: Sneasler|def|1\n|-unboost|p2b: Sneasler|spd|1\n|faint|p1a: Sneasler\n|move|p2a: Milotic|Life Dew||[still]|[spread] p2a,p2b\n|-heal|p2a: Milotic|70/100\n|-fail|p2b: Sneasler|heal\n|move|p1b: Snorlax|Fissure|p2b: Sneasler|[miss]\n|-miss|p1b: Snorlax|p2b: Sneasler\n|\n|-heal|p2a: Milotic|76/100|[from] item: Leftovers\n|upkeep\n|turn|11\n|c|☆ihatethisgame9|lmaooo fissure is funny\n|c|☆fdtubcdtun|Yea\n|c|☆fdtubcdtun|Its funny\n|\n|t:|1788366405\n|move|p2b: Sneasler|Close Combat|p1b: Snorlax\n|-supereffective|p1b: Snorlax|1\n|-damage|p1b: Snorlax|66/100\n|-unboost|p2b: Sneasler|def|1\n|-unboost|p2b: Sneasler|spd|1\n|move|p2a: Milotic|Scald|p1b: Snorlax\n|-damage|p1b: Snorlax|57/100\n|move|p1b: Snorlax|Fissure|p2b: Sneasler|[miss]\n|-miss|p1b: Snorlax|p2b: Sneasler\n|\n|-heal|p2a: Milotic|82/100|[from] item: Leftovers\n|-heal|p1b: Snorlax|63/100|[from] item: Leftovers\n|upkeep\n|turn|12\n|\n|t:|1788366420\n|move|p2b: Sneasler|Close Combat|p1b: Snorlax\n|-supereffective|p1b: Snorlax|1\n|-damage|p1b: Snorlax|33/100\n|move|p2a: Milotic|Scald|p1b: Snorlax\n|-damage|p1b: Snorlax|24/100\n|-status|p1b: Snorlax|brn\n|move|p1b: Snorlax|Rest|p1b: Snorlax\n|-status|p1b: Snorlax|slp|[from] move: Rest\n|-heal|p1b: Snorlax|100/100 slp|[silent]\n|\n|-heal|p2a: Milotic|88/100|[from] item: Leftovers\n|upkeep\n|turn|13\n|c|☆fdtubcdtun|Poison jab for staraptor\n|\n|t:|1788366438\n|move|p2b: Sneasler|Dire Claw|p1b: Snorlax\n|-crit|p1b: Snorlax\n|-damage|p1b: Snorlax|62/100 slp\n|move|p2a: Milotic|Scald|p1b: Snorlax\n|-damage|p1b: Snorlax|52/100 slp\n|cant|p1b: Snorlax|slp\n|move|p1b: Snorlax|Sleep Talk|p1b: Snorlax\n|move|p1b: Snorlax|Fissure|p2a: Milotic|[from] move: Sleep Talk|[miss]\n|-miss|p1b: Snorlax|p2a: Milotic\n|\n|-heal|p2a: Milotic|94/100|[from] item: Leftovers\n|-heal|p1b: Snorlax|58/100 slp|[from] item: Leftovers\n|upkeep\n|turn|14\n|c|☆ihatethisgame9|ohhh gotcha\n|\n|t:|1788366459\n|move|p2b: Sneasler|Dire Claw|p1b: Snorlax\n|-damage|p1b: Snorlax|48/100 slp\n|move|p2a: Milotic|Scald|p1b: Snorlax\n|-damage|p1b: Snorlax|39/100 slp\n|cant|p1b: Snorlax|slp\n|move|p1b: Snorlax|Sleep Talk|p1b: Snorlax\n|move|p1b: Snorlax|Stockpile||[from] move: Sleep Talk|[still]\n|-fail|p1b: Snorlax\n|\n|-heal|p2a: Milotic|100/100|[from] item: Leftovers\n|-heal|p1b: Snorlax|45/100 slp|[from] item: Leftovers\n|upkeep\n|turn|15\n|\n|t:|1788366479\n|move|p2b: Sneasler|Dire Claw|p1b: Snorlax\n|-damage|p1b: Snorlax|34/100 slp\n|move|p2a: Milotic|Scald|p1b: Snorlax\n|-damage|p1b: Snorlax|25/100 slp\n|-curestatus|p1b: Snorlax|slp|[msg]\n|move|p1b: Snorlax|Fissure|p2a: Milotic|[miss]\n|-miss|p1b: Snorlax|p2a: Milotic\n|\n|-heal|p1b: Snorlax|31/100|[from] item: Leftovers\n|upkeep\n|turn|16\n|\n|t:|1788366491\n|move|p2b: Sneasler|Dire Claw|p1b: Snorlax\n|-damage|p1b: Snorlax|20/100y\n|move|p2a: Milotic|Scald|p1b: Snorlax\n|-damage|p1b: Snorlax|11/100\n|move|p1b: Snorlax|Rest|p1b: Snorlax\n|-status|p1b: Snorlax|slp|[from] move: Rest\n|-heal|p1b: Snorlax|100/100 slp|[silent]\n|\n|upkeep\n|turn|17\n|\n|t:|1788366498\n|move|p2b: Sneasler|Dire Claw|p1b: Snorlax\n|-damage|p1b: Snorlax|89/100 slp\n|move|p2a: Milotic|Scald|p1b: Snorlax\n|-damage|p1b: Snorlax|80/100 slp\n|cant|p1b: Snorlax|slp\n|move|p1b: Snorlax|Sleep Talk|p1b: Snorlax\n|move|p1b: Snorlax|Stockpile||[from] move: Sleep Talk|[still]\n|-fail|p1b: Snorlax\n|\n|-heal|p1b: Snorlax|86/100 slp|[from] item: Leftovers\n|upkeep\n|turn|18\n|\n|t:|1788366505\n|move|p2b: Sneasler|Dire Claw|p1b: Snorlax\n|-damage|p1b: Snorlax|75/100 slp\n|move|p2a: Milotic|Scald|p1b: Snorlax\n|-crit|p1b: Snorlax\n|-damage|p1b: Snorlax|44/100 slp\n|cant|p1b: Snorlax|slp\n|move|p1b: Snorlax|Sleep Talk|p1b: Snorlax\n|move|p1b: Snorlax|Stockpile||[from] move: Sleep Talk|[still]\n|-fail|p1b: Snorlax\n|\n|-heal|p1b: Snorlax|50/100g slp|[from] item: Leftovers\n|upkeep\n|turn|19\n|\n|t:|1788366512\n|move|p2b: Sneasler|Dire Claw|p1b: Snorlax\n|-damage|p1b: Snorlax|39/100 slp\n|move|p2a: Milotic|Scald|p1b: Snorlax\n|-damage|p1b: Snorlax|31/100 slp\n|-curestatus|p1b: Snorlax|slp|[msg]\n|move|p1b: Snorlax|Fissure|p2a: Milotic|[miss]\n|-miss|p1b: Snorlax|p2a: Milotic\n|\n|-heal|p1b: Snorlax|37/100|[from] item: Leftovers\n|upkeep\n|turn|20\n|\n|t:|1788366523\n|move|p2b: Sneasler|Dire Claw|p1b: Snorlax\n|-damage|p1b: Snorlax|27/100\n|move|p2a: Milotic|Scald|p1b: Snorlax\n|-damage|p1b: Snorlax|18/100\n|move|p1b: Snorlax|Fissure|p2a: Milotic|[miss]\n|-miss|p1b: Snorlax|p2a: Milotic\n|\n|-heal|p1b: Snorlax|24/100|[from] item: Leftovers\n|upkeep\n|turn|21\n|\n|t:|1788366529\n|move|p2b: Sneasler|Dire Claw|p1b: Snorlax\n|-damage|p1b: Snorlax|15/100\n|-status|p1b: Snorlax|par\n|move|p2a: Milotic|Scald|p1b: Snorlax\n|-damage|p1b: Snorlax|7/100 par\n|move|p1b: Snorlax|Rest|p1b: Snorlax\n|-status|p1b: Snorlax|slp|[from] move: Rest\n|-heal|p1b: Snorlax|100/100 slp|[silent]\n|\n|upkeep\n|turn|22\n|\n|t:|1788366539\n|move|p2b: Sneasler|Dire Claw|p1b: Snorlax\n|-damage|p1b: Snorlax|89/100 slp\n|move|p2a: Milotic|Scald|p1b: Snorlax\n|-damage|p1b: Snorlax|79/100 slp\n|cant|p1b: Snorlax|slp\n|move|p1b: Snorlax|Sleep Talk|p1b: Snorlax\n|move|p1b: Snorlax|Rest||[from] move: Sleep Talk|[still]\n|-fail|p1b: Snorlax\n|\n|-heal|p1b: Snorlax|85/100 slp|[from] item: Leftovers\n|upkeep\n|turn|23\n|\n|t:|1788366542\n|move|p2b: Sneasler|Dire Claw|p1b: Snorlax\n|-damage|p1b: Snorlax|74/100 slp\n|move|p2a: Milotic|Scald|p1b: Snorlax\n|-damage|p1b: Snorlax|65/100 slp\n|cant|p1b: Snorlax|slp\n|move|p1b: Snorlax|Sleep Talk|p1b: Snorlax\n|move|p1b: Snorlax|Stockpile||[from] move: Sleep Talk|[still]\n|-fail|p1b: Snorlax\n|\n|-heal|p1b: Snorlax|71/100 slp|[from] item: Leftovers\n|upkeep\n|turn|24\n|\n|t:|1788366548\n|move|p2b: Sneasler|Dire Claw|p1b: Snorlax\n|-damage|p1b: Snorlax|60/100 slp\n|move|p2a: Milotic|Scald|p1b: Snorlax\n|-damage|p1b: Snorlax|51/100 slp\n|-curestatus|p1b: Snorlax|slp|[msg]\n|move|p1b: Snorlax|Fissure|p2a: Milotic|[miss]\n|-miss|p1b: Snorlax|p2a: Milotic\n|\n|-heal|p1b: Snorlax|57/100|[from] item: Leftovers\n|upkeep\n|turn|25\n|\n|t:|1788366556\n|move|p2b: Sneasler|Dire Claw|p1b: Snorlax\n|-damage|p1b: Snorlax|47/100\n|move|p2a: Milotic|Scald|p1b: Snorlax\n|-damage|p1b: Snorlax|37/100\n|move|p1b: Snorlax|Fissure|p2a: Milotic|[miss]\n|-miss|p1b: Snorlax|p2a: Milotic\n|\n|-heal|p1b: Snorlax|43/100|[from] item: Leftovers\n|upkeep\n|turn|26\n|\n|t:|1788366563\n|move|p2b: Sneasler|Protect|p2b: Sneasler\n|-singleturn|p2b: Sneasler|Protect\n|move|p2a: Milotic|Icy Wind|p1b: Snorlax\n|-damage|p1b: Snorlax|41/100\n|-unboost|p1b: Snorlax|spe|1\n|move|p1b: Snorlax|Stockpile||[still]\n|-fail|p1b: Snorlax\n|\n|-heal|p1b: Snorlax|47/100|[from] item: Leftovers\n|upkeep\n|turn|27\n|\n|t:|1788366570\n|move|p2b: Sneasler|Protect||[still]\n|-fail|p2b: Sneasler\n|move|p2a: Milotic|Icy Wind|p1b: Snorlax\n|-damage|p1b: Snorlax|45/100\n|-unboost|p1b: Snorlax|spe|1\n|move|p1b: Snorlax|Stockpile||[still]\n|-fail|p1b: Snorlax\n|\n|-heal|p1b: Snorlax|51/100|[from] item: Leftovers\n|upkeep\n|turn|28\n|\n|t:|1788366574\n|move|p2b: Sneasler|Protect|p2b: Sneasler\n|-singleturn|p2b: Sneasler|Protect\n|move|p2a: Milotic|Icy Wind|p1b: Snorlax\n|-damage|p1b: Snorlax|49/100\n|-unboost|p1b: Snorlax|spe|1\n|move|p1b: Snorlax|Stockpile||[still]\n|-fail|p1b: Snorlax\n|\n|-heal|p1b: Snorlax|55/100|[from] item: Leftovers\n|upkeep\n|turn|29\n|\n|t:|1788366578\n|move|p2b: Sneasler|Protect||[still]\n|-fail|p2b: Sneasler\n|move|p2a: Milotic|Icy Wind|p1b: Snorlax\n|-damage|p1b: Snorlax|52/100\n|-unboost|p1b: Snorlax|spe|1\n|move|p1b: Snorlax|Stockpile||[still]\n|-fail|p1b: Snorlax\n|\n|-heal|p1b: Snorlax|58/100|[from] item: Leftovers\n|upkeep\n|turn|30\n|\n|t:|1788366582\n|move|p2b: Sneasler|Protect|p2b: Sneasler\n|-singleturn|p2b: Sneasler|Protect\n|move|p2a: Milotic|Icy Wind|p1b: Snorlax\n|-damage|p1b: Snorlax|56/100\n|-unboost|p1b: Snorlax|spe|1\n|move|p1b: Snorlax|Stockpile||[still]\n|-fail|p1b: Snorlax\n|\n|-heal|p1b: Snorlax|62/100|[from] item: Leftovers\n|upkeep\n|turn|31\n|\n|t:|1788366584\n|move|p2b: Sneasler|Protect||[still]\n|-fail|p2b: Sneasler\n|move|p2a: Milotic|Icy Wind|p1b: Snorlax\n|-damage|p1b: Snorlax|60/100\n|move|p1b: Snorlax|Stockpile||[still]\n|-fail|p1b: Snorlax\n|\n|-heal|p1b: Snorlax|66/100|[from] item: Leftovers\n|upkeep\n|turn|32\n|\n|t:|1788366587\n|move|p2b: Sneasler|Protect|p2b: Sneasler\n|-singleturn|p2b: Sneasler|Protect\n|move|p2a: Milotic|Icy Wind|p1b: Snorlax\n|-damage|p1b: Snorlax|64/100\n|move|p1b: Snorlax|Stockpile||[still]\n|-fail|p1b: Snorlax\n|\n|-heal|p1b: Snorlax|70/100|[from] item: Leftovers\n|upkeep\n|turn|33\n|\n|t:|1788366589\n|move|p2b: Sneasler|Protect||[still]\n|-fail|p2b: Sneasler\n|move|p2a: Milotic|Icy Wind|p1b: Snorlax|[miss]\n|-miss|p2a: Milotic|p1b: Snorlax\n|move|p1b: Snorlax|Stockpile||[still]\n|-fail|p1b: Snorlax\n|\n|-heal|p1b: Snorlax|76/100|[from] item: Leftovers\n|upkeep\n|turn|34\n|\n|t:|1788366592\n|move|p2a: Milotic|Protect|p2a: Milotic\n|-singleturn|p2a: Milotic|Protect\n|-activate|p2b: Sneasler|move: Struggle\n|move|p2b: Sneasler|Struggle|p1b: Snorlax\n|-damage|p1b: Snorlax|71/100\n|-damage|p2b: Sneasler|74/100|[from] recoil\n|move|p1b: Snorlax|Stockpile||[still]\n|-fail|p1b: Snorlax\n|\n|-heal|p1b: Snorlax|77/100|[from] item: Leftovers\n|upkeep\n|turn|35\n|\n|t:|1788366596\n|-activate|p2b: Sneasler|move: Struggle\n|move|p2b: Sneasler|Struggle|p1b: Snorlax\n|-damage|p1b: Snorlax|73/100\n|-damage|p2b: Sneasler|49/100|[from] recoil\n|move|p2a: Milotic|Icy Wind|p1b: Snorlax\n|-damage|p1b: Snorlax|70/100\n|move|p1b: Snorlax|Stockpile||[still]\n|-fail|p1b: Snorlax\n|\n|-heal|p1b: Snorlax|76/100|[from] item: Leftovers\n|upkeep\n|turn|36\n|\n|t:|1788366598\n|-activate|p2b: Sneasler|move: Struggle\n|move|p2b: Sneasler|Struggle|p1b: Snorlax\n|-damage|p1b: Snorlax|72/100\n|-damage|p2b: Sneasler|24/100|[from] recoil\n|move|p2a: Milotic|Icy Wind|p1b: Snorlax\n|-damage|p1b: Snorlax|70/100\n|move|p1b: Snorlax|Stockpile||[still]\n|-fail|p1b: Snorlax\n|\n|-heal|p1b: Snorlax|76/100|[from] item: Leftovers\n|upkeep\n|turn|37\n|\n|t:|1788366604\n|-activate|p2b: Sneasler|move: Struggle\n|move|p2b: Sneasler|Struggle|p1b: Snorlax\n|-damage|p1b: Snorlax|71/100\n|-damage|p2b: Sneasler|0 fnt|[from] recoil\n|faint|p2b: Sneasler\n|move|p2a: Milotic|Icy Wind|p1b: Snorlax\n|-damage|p1b: Snorlax|68/100\n|move|p1b: Snorlax|Stockpile||[still]\n|-fail|p1b: Snorlax\n|\n|-heal|p1b: Snorlax|74/100|[from] item: Leftovers\n|upkeep\n|turn|38\n|\n|t:|1788366614\n|move|p2a: Milotic|Icy Wind|p1b: Snorlax\n|-damage|p1b: Snorlax|72/100\n|move|p1b: Snorlax|Stockpile||[still]\n|-fail|p1b: Snorlax\n|\n|-heal|p1b: Snorlax|78/100|[from] item: Leftovers\n|upkeep\n|turn|39\n|\n|t:|1788366618\n|move|p2a: Milotic|Icy Wind|p1b: Snorlax\n|-damage|p1b: Snorlax|76/100\n|move|p1b: Snorlax|Stockpile||[still]\n|-fail|p1b: Snorlax\n|\n|-heal|p1b: Snorlax|82/100|[from] item: Leftovers\n|upkeep\n|turn|40\n|\n|t:|1788366620\n|move|p2a: Milotic|Icy Wind|p1b: Snorlax\n|-damage|p1b: Snorlax|80/100\n|move|p1b: Snorlax|Stockpile||[still]\n|-fail|p1b: Snorlax\n|\n|-heal|p1b: Snorlax|86/100|[from] item: Leftovers\n|upkeep\n|turn|41\n|\n|t:|1788366623\n|move|p2a: Milotic|Icy Wind|p1b: Snorlax\n|-damage|p1b: Snorlax|83/100\n|move|p1b: Snorlax|Stockpile||[still]\n|-fail|p1b: Snorlax\n|\n|-heal|p1b: Snorlax|89/100|[from] item: Leftovers\n|upkeep\n|turn|42\n|\n|t:|1788366627\n|move|p2a: Milotic|Life Dew||[still]\n|-fail|p2a: Milotic|heal\n|move|p1b: Snorlax|Stockpile||[still]\n|-fail|p1b: Snorlax\n|\n|-heal|p1b: Snorlax|95/100|[from] item: Leftovers\n|upkeep\n|turn|43\n|\n|t:|1788366632\n|move|p2a: Milotic|Life Dew||[still]\n|-fail|p2a: Milotic|heal\n|move|p1b: Snorlax|Rest|p1b: Snorlax\n|-status|p1b: Snorlax|slp|[from] move: Rest\n|-heal|p1b: Snorlax|100/100 slp|[silent]\n|\n|upkeep\n|turn|44\n|\n|t:|1788366635\n|move|p2a: Milotic|Life Dew||[still]\n|-fail|p2a: Milotic|heal\n|cant|p1b: Snorlax|slp\n|move|p1b: Snorlax|Sleep Talk|p1b: Snorlax\n|move|p1b: Snorlax|Rest||[from] move: Sleep Talk|[still]\n|-fail|p1b: Snorlax\n|\n|upkeep\n|turn|45\n|\n|t:|1788366640\n|move|p2a: Milotic|Life Dew||[still]\n|-fail|p2a: Milotic|heal\n|cant|p1b: Snorlax|slp\n|move|p1b: Snorlax|Sleep Talk|p1b: Snorlax\n|move|p1b: Snorlax|Fissure|p2a: Milotic|[from] move: Sleep Talk\n|-damage|p2a: Milotic|0 fnt\n|faint|p2a: Milotic\n|-ohko\n|\n|win|fdtubcdtun\n|raw|fdtubcdtun's rating: 1260 &rarr; <strong>1279</strong><br />(+19 for winning)\n|raw|ihatethisgame9's rating: 1172 &rarr; <strong>1153</strong><br />(-19 for losing)\n|c|☆fdtubcdtun|gg\n|c|☆ihatethisgame9|wow gg\n|l|☆ihatethisgame9\n|player|p2|\n|c|☆fdtubcdtun|That was fun\n","uploadtime":1788366665,"views":"7","formatid":"gen9championsvgc2026regmb","rating":1153,"private":0,"password":null}