{"id":"gen9championsvgc2026regmbbo3-2674976814","format":"[Gen 9 Champions] VGC 2026 Reg M-B (Bo3)","players":["ZURUYO","Senpai9878"],"log":"|j|☆ZURUYO\n|j|☆Senpai9878\n|html|<table width=\"100%\"><tr><td align=\"left\">ZURUYO</td><td align=\"right\">Senpai9878</tr><tr><td align=\"left\"><i class=\"fa fa-circle-o\"></i> <i class=\"fa fa-circle-o\"></i> </td><td align=\"right\"><i class=\"fa fa-circle-o\"></i> <i class=\"fa fa-circle-o\"></i> </tr></table>\n|uhtml|bestof|<h2><strong>Game 1</strong> of <a href=\"/game-bestof3-gen9championsvgc2026regmbbo3-2674976813\">a best-of-3</a></h2>\n|t:|1788444361\n|gametype|doubles\n|player|p1|ZURUYO|roxie|1103\n|player|p2|Senpai9878|102|1106\n|gen|9\n|tier|[Gen 9 Champions] VGC 2026 Reg M-B (Bo3)\n|rated|\n|rule|Species Clause: Limit one of each Pokémon\n|rule|Item Clause: Limit 1 of each item\n|clearpoke\n|poke|p1|Charizard, L50, F|\n|poke|p1|Whimsicott, L50, M|\n|poke|p1|Garchomp, L50, F|\n|poke|p1|Floette-Eternal, L50, F|\n|poke|p1|Basculegion, L50, M|\n|poke|p1|Kingambit, L50, F|\n|poke|p2|Gengar, L50, M|\n|poke|p2|Archaludon, L50, M|\n|poke|p2|Politoed, L50, F|\n|poke|p2|Swampert, L50, M|\n|poke|p2|Vivillon-Fancy, L50, M|\n|poke|p2|Incineroar, L50, F|\n|teampreview|4\n|showteam|p1|Charizard||CharizarditeY|Blaze|HeatWave,WeatherBall,AncientPower,Protect|Timid||F|||50|]Whimsicott||FocusSash|Prankster|Moonblast,Tailwind,Encore,Protect|Timid||M|||50|]Garchomp||SitrusBerry|RoughSkin|DragonClaw,Earthquake,RockSlide,Protect|Jolly||F|||50|]Floette-Eternal||Floettite|FlowerVeil|Moonblast,DazzlingGleam,LightofRuin,Protect|Modest||F|||50|]Basculegion||LifeOrb|Adaptability|WaveCrash,LastRespects,AquaJet,Protect|Adamant||M|||50|]Kingambit||OccaBerry|Defiant|KowtowCleave,SuckerPunch,IronHead,LowKick|Adamant||F|||50|\n|showteam|p2|Gengar||Gengarite|CursedBody|ShadowBall,SludgeBomb,PerishSong,Protect|Modest||M|||50|]Archaludon||Leftovers|Stamina|ElectroShot,DragonPulse,FlashCannon,Protect|Bold||M|||50|]Politoed||SitrusBerry|Drizzle|WeatherBall,Hypnosis,PerishSong,Protect|Calm||F|||50|]Swampert||Swampertite|Torrent|WaveCrash,Earthquake,IcePunch,Protect|Adamant||M|||50|]Vivillon-Fancy||FocusSash|CompoundEyes|Hurricane,SleepPowder,RagePowder,Protect|Timid||M|||50|]Incineroar||PasshoBerry|Intimidate|ThroatChop,FakeOut,PartingShot,Protect|Impish||F|||50|\n|\n|t:|1788444408\n|teamsize|p1|4\n|teamsize|p2|4\n|start\n|switch|p1a: Charizard|Charizard, L50, F|100/100\n|switch|p1b: Whimsicott|Whimsicott, L50, M|100/100\n|switch|p2a: Gengar|Gengar, L50, M|100/100\n|switch|p2b: Incineroar|Incineroar, L50, F|100/100\n|-ability|p2b: Incineroar|Intimidate|boost\n|-unboost|p1a: Charizard|atk|1\n|-unboost|p1b: Whimsicott|atk|1\n|turn|1\n|inactive|Battle timer is ON: inactive players will automatically lose when time's up. (requested by Senpai9878)\n|\n|t:|1788444433\n|detailschange|p1a: Charizard|Charizard-Mega-Y, L50, F\n|-mega|p1a: Charizard|Charizard|Charizardite Y\n|-weather|SunnyDay|[from] ability: Drought|[of] p1a: Charizard\n|detailschange|p2a: Gengar|Gengar-Mega, L50, M\n|-mega|p2a: Gengar|Gengar|Gengarite\n|move|p2b: Incineroar|Fake Out|p1a: Charizard\n|-damage|p1a: Charizard|86/100\n|move|p1b: Whimsicott|Tailwind|p1b: Whimsicott\n|-sidestart|p1: ZURUYO|move: Tailwind\n|cant|p1a: Charizard|flinch\n|move|p2a: Gengar|Perish Song|p2a: Gengar\n|-start|p1a: Charizard|perish3|[silent]\n|-start|p1b: Whimsicott|perish3|[silent]\n|-start|p2a: Gengar|perish3|[silent]\n|-start|p2b: Incineroar|perish3|[silent]\n|-fieldactivate|move: Perish Song\n|\n|-weather|SunnyDay|[upkeep]\n|-start|p1b: Whimsicott|perish3\n|-start|p1a: Charizard|perish3\n|-start|p2a: Gengar|perish3\n|-start|p2b: Incineroar|perish3\n|upkeep\n|turn|2\n|inactive|ZURUYO has 30 seconds left.\n|\n|t:|1788444462\n|move|p1a: Charizard|Protect|p1a: Charizard\n|-singleturn|p1a: Charizard|Protect\n|move|p2a: Gengar|Protect|p2a: Gengar\n|-singleturn|p2a: Gengar|Protect\n|move|p2b: Incineroar|Protect|p2b: Incineroar\n|-singleturn|p2b: Incineroar|Protect\n|move|p1b: Whimsicott|Moonblast|p2b: Incineroar\n|-activate|p2b: Incineroar|move: Protect\n|\n|-weather|SunnyDay|[upkeep]\n|-start|p1b: Whimsicott|perish2\n|-start|p1a: Charizard|perish2\n|-start|p2a: Gengar|perish2\n|-start|p2b: Incineroar|perish2\n|upkeep\n|turn|3\n|inactive|Senpai9878 has 30 seconds left.\n|\n|t:|1788444490\n|switch|p2a: Politoed|Politoed, L50, F|100/100\n|-weather|RainDance|[from] ability: Drizzle|[of] p2a: Politoed\n|move|p1b: Whimsicott|Moonblast|p2a: Politoed\n|-damage|p2a: Politoed|71/100\n|move|p1a: Charizard|Heat Wave|p2a: Politoed|[spread] p2b\n|-miss|p1a: Charizard|p2a: Politoed\n|-resisted|p2b: Incineroar|1\n|-damage|p2b: Incineroar|92/100\n|move|p2b: Incineroar|Parting Shot|p1a: Charizard\n|-unboost|p1a: Charizard|atk|1\n|-unboost|p1a: Charizard|spa|1\n|\n|t:|1788444505\n|switch|p2b: Gengar|Gengar-Mega, L50, M|100/100|[from] Parting Shot\n|\n|-weather|RainDance|[upkeep]\n|-start|p1b: Whimsicott|perish1\n|-start|p1a: Charizard|perish1\n|upkeep\n|turn|4\n|inactive|ZURUYO has 30 seconds left.\n|\n|t:|1788444531\n|move|p2b: Gengar|Protect|p2b: Gengar\n|-singleturn|p2b: Gengar|Protect\n|move|p2a: Politoed|Protect|p2a: Politoed\n|-singleturn|p2a: Politoed|Protect\n|move|p1b: Whimsicott|Encore|p2a: Politoed\n|-activate|p2a: Politoed|move: Protect\n|move|p1a: Charizard|Weather Ball|p2b: Gengar\n|-activate|p2b: Gengar|move: Protect\n|\n|-weather|RainDance|[upkeep]\n|-start|p1b: Whimsicott|perish0\n|-start|p1a: Charizard|perish0\n|-sideend|p1: ZURUYO|move: Tailwind\n|faint|p1b: Whimsicott\n|faint|p1a: Charizard\n|upkeep\n|\n|t:|1788444534\n|switch|p1b: Garchomp|Garchomp, L50, F|100/100\n|switch|p1a: Kingambit|Kingambit, L50, F|100/100\n|turn|5\n|inactive|Senpai9878 has 30 seconds left.\n|inactive|Senpai9878 has 20 seconds left.\n|\n|t:|1788444571\n|move|p1b: Garchomp|Earthquake|p2a: Politoed|[spread] p1a,p2a,p2b\n|-supereffective|p1a: Kingambit|1\n|-supereffective|p2b: Gengar|1\n|-damage|p1a: Kingambit|43/100\n|-damage|p2a: Politoed|39/100\n|-damage|p2b: Gengar|12/100\n|-enditem|p2a: Politoed|Sitrus Berry|[eat]\n|-heal|p2a: Politoed|64/100|[from] item: Sitrus Berry\n|move|p2b: Gengar|Shadow Ball|p1b: Garchomp\n|-damage|p1b: Garchomp|52/100\n|move|p1a: Kingambit|Low Kick|p2a: Politoed\n|-crit|p2a: Politoed\n|-damage|p2a: Politoed|28/100\n|move|p2a: Politoed|Perish Song|p2a: Politoed\n|-start|p1a: Kingambit|perish3|[silent]\n|-start|p1b: Garchomp|perish3|[silent]\n|-start|p2a: Politoed|perish3|[silent]\n|-start|p2b: Gengar|perish3|[silent]\n|-fieldactivate|move: Perish Song\n|\n|-weather|RainDance|[upkeep]\n|-start|p1b: Garchomp|perish3\n|-start|p2b: Gengar|perish3\n|-start|p1a: Kingambit|perish3\n|-start|p2a: Politoed|perish3\n|upkeep\n|turn|6\n|\n|t:|1788444592\n|move|p2b: Gengar|Protect|p2b: Gengar\n|-singleturn|p2b: Gengar|Protect\n|move|p2a: Politoed|Protect|p2a: Politoed\n|-singleturn|p2a: Politoed|Protect\n|move|p1b: Garchomp|Rock Slide|p2b: Gengar|[spread] \n|-activate|p2a: Politoed|move: Protect\n|-activate|p2b: Gengar|move: Protect\n|move|p1a: Kingambit|Kowtow Cleave|p2b: Gengar\n|-activate|p2b: Gengar|move: Protect\n|\n|-weather|RainDance|[upkeep]\n|-start|p1b: Garchomp|perish2\n|-start|p2b: Gengar|perish2\n|-start|p1a: Kingambit|perish2\n|-start|p2a: Politoed|perish2\n|upkeep\n|turn|7\n|\n|t:|1788444614\n|move|p1b: Garchomp|Rock Slide|p2a: Politoed|[spread] p2a,p2b\n|-damage|p2a: Politoed|13/100\n|-damage|p2b: Gengar|0 fnt\n|faint|p2b: Gengar\n|move|p1a: Kingambit|Low Kick|p2a: Politoed\n|-damage|p2a: Politoed|0 fnt\n|faint|p2a: Politoed\n|\n|-weather|none\n|-start|p1b: Garchomp|perish1\n|-start|p1a: Kingambit|perish1\n|upkeep\n|-message|ZURUYO forfeited.\n|\n|win|Senpai9878\n|l|☆ZURUYO\n|player|p1|\n||ZURUYO is ready for game 2.\n|l|☆Senpai9878\n|player|p2|\n||Senpai9878 is ready for game 2.\n|uhtml|next|Next: <a href=\"/battle-gen9championsvgc2026regmbbo3-2674978946\"><strong>Game 2 of 3</strong></a>\n|j|☆ZURUYO\n|player|p1|ZURUYO|roxie|\n","uploadtime":1788444634,"views":"5","formatid":"gen9championsvgc2026regmbbo3","rating":null,"private":0,"password":null}