{"id":"gen9championsvgc2026regmb-2674133671","format":"[Gen 9 Champions] VGC 2026 Reg M-B","players":["HighHonorsJacob","whymeeverytime"],"log":"|j|☆HighHonorsJacob\n|j|☆whymeeverytime\n|t:|1788304081\n|gametype|doubles\n|player|p1|HighHonorsJacob|brassius|1331\n|player|p2|whymeeverytime|266|1371\n|gen|9\n|tier|[Gen 9 Champions] VGC 2026 Reg M-B\n|rated|\n|rule|Species Clause: Limit one of each Pokémon\n|rule|Item Clause: Limit 1 of each item\n|clearpoke\n|poke|p1|Sharpedo, L50, M|\n|poke|p1|Floette-Eternal, L50, F|\n|poke|p1|Talonflame, L50, M|\n|poke|p1|Sneasler, L50, M|\n|poke|p1|Gholdengo, L50|\n|poke|p1|Ninetales-Alola, L50, F|\n|poke|p2|Sceptile, L50, M|\n|poke|p2|Toxicroak, L50, M|\n|poke|p2|Pelipper, L50, F|\n|poke|p2|Basculegion, L50, M|\n|poke|p2|Farigiraf, L50, M|\n|poke|p2|Mawile, L50, M|\n|teampreview|4\n|inactive|Battle timer is ON: inactive players will automatically lose when time's up. (requested by HighHonorsJacob)\n|\n|t:|1788304108\n|teamsize|p1|4\n|teamsize|p2|4\n|start\n|switch|p1a: Sharpedo|Sharpedo, L50, M|100/100\n|switch|p1b: Sneasler|Sneasler, L50, M|100/100\n|switch|p2a: Basculegion|Basculegion, L50, M|100/100\n|switch|p2b: Farigiraf|Farigiraf, L50, M|100/100\n|turn|1\n|\n|t:|1788304130\n|detailschange|p1a: Sharpedo|Sharpedo-Mega, L50, M\n|-mega|p1a: Sharpedo|Sharpedo|Sharpedonite\n|move|p1b: Sneasler|Coaching|p1a: Sharpedo\n|-boost|p1a: Sharpedo|atk|1\n|-boost|p1a: Sharpedo|def|1\n|move|p1a: Sharpedo|Crunch|p2b: Farigiraf\n|-supereffective|p2b: Farigiraf|1\n|-enditem|p2b: Farigiraf|Colbur Berry|[eat]\n|-enditem|p2b: Farigiraf|Colbur Berry|[weaken]\n|-damage|p2b: Farigiraf|0 fnt\n|faint|p2b: Farigiraf\n|move|p2a: Basculegion|Wave Crash|p1b: Sneasler\n|-damage|p1b: Sneasler|0 fnt\n|faint|p1b: Sneasler\n|-damage|p2a: Basculegion|74/100|[from] Recoil\n|-damage|p2a: Basculegion|64/100|[from] item: Life Orb\n|\n|upkeep\n|\n|t:|1788304144\n|switch|p1b: Talonflame|Talonflame, L50, M|100/100\n|switch|p2b: Mawile|Mawile, L50, M|100/100\n|turn|2\n|inactive|HighHonorsJacob has 30 seconds left.\n|\n|t:|1788304170\n|move|p2b: Mawile|Protect|p2b: Mawile\n|-singleturn|p2b: Mawile|Protect\n|move|p1b: Talonflame|Flare Blitz|p2b: Mawile\n|-activate|p2b: Mawile|move: Protect\n|move|p1a: Sharpedo|Crunch|p2a: Basculegion\n|-supereffective|p2a: Basculegion|1\n|-damage|p2a: Basculegion|0 fnt\n|faint|p2a: Basculegion\n|\n|upkeep\n|\n|t:|1788304178\n|switch|p2a: Pelipper|Pelipper, L50, F|100/100\n|-weather|RainDance|[from] ability: Drizzle|[of] p2a: Pelipper\n|turn|3\n|\n|t:|1788304190\n|detailschange|p2b: Mawile|Mawile-Mega, L50, M\n|-mega|p2b: Mawile|Mawile|Mawilite\n|move|p1a: Sharpedo|Protect|p1a: Sharpedo\n|-singleturn|p1a: Sharpedo|Protect\n|move|p1b: Talonflame|Tailwind|p1b: Talonflame\n|-sidestart|p1: HighHonorsJacob|move: Tailwind\n|move|p2b: Mawile|Rock Slide|p1b: Talonflame|[spread] \n|-activate|p1a: Sharpedo|move: Protect\n|-miss|p2b: Mawile|p1b: Talonflame\n|move|p2a: Pelipper|Tailwind|p2a: Pelipper\n|-sidestart|p2: whymeeverytime|move: Tailwind\n|\n|-weather|RainDance|[upkeep]\n|upkeep\n|turn|4\n|\n|t:|1788304206\n|move|p2b: Mawile|Protect|p2b: Mawile\n|-singleturn|p2b: Mawile|Protect\n|move|p1b: Talonflame|Dual Wingbeat|p2b: Mawile\n|-activate|p2b: Mawile|move: Protect\n|move|p1a: Sharpedo|Liquidation|p2b: Mawile\n|-activate|p2b: Mawile|move: Protect\n|move|p2a: Pelipper|Hurricane|p1a: Sharpedo\n|-damage|p1a: Sharpedo|32/100\n|\n|-weather|RainDance|[upkeep]\n|upkeep\n|turn|5\n|\n|t:|1788304221\n|move|p2b: Mawile|Protect|p2b: Mawile\n|-singleturn|p2b: Mawile|Protect\n|move|p1b: Talonflame|Quick Guard|p1b: Talonflame\n|-singleturn|p1b: Talonflame|Quick Guard\n|move|p1a: Sharpedo|Liquidation|p2b: Mawile\n|-activate|p2b: Mawile|move: Protect\n|move|p2a: Pelipper|Hurricane|p1a: Sharpedo\n|-damage|p1a: Sharpedo|0 fnt\n|faint|p1a: Sharpedo\n|\n|-weather|RainDance|[upkeep]\n|upkeep\n|\n|t:|1788304225\n|switch|p1a: Ninetales|Ninetales-Alola, L50, F|100/100\n|-weather|Snowscape|[from] ability: Snow Warning|[of] p1a: Ninetales\n|turn|6\n|\n|t:|1788304240\n|move|p1b: Talonflame|Flare Blitz|p2b: Mawile\n|-supereffective|p2b: Mawile|1\n|-damage|p2b: Mawile|0 fnt\n|faint|p2b: Mawile\n|-damage|p1b: Talonflame|69/100|[from] Recoil\n|move|p1a: Ninetales|Freeze-Dry|p2a: Pelipper\n|-supereffective|p2a: Pelipper|2\n|-damage|p2a: Pelipper|0 fnt\n|faint|p2a: Pelipper\n|-damage|p1a: Ninetales|90/100|[from] item: Life Orb\n|\n|win|HighHonorsJacob\n|raw|HighHonorsJacob's rating: 1331 &rarr; <strong>1353</strong><br />(+22 for winning)\n|raw|whymeeverytime's rating: 1371 &rarr; <strong>1349</strong><br />(-22 for losing)\n","uploadtime":1788304262,"views":"11","formatid":"gen9championsvgc2026regmb","rating":1349,"private":0,"password":null}