{"id":"gen9championsvgc2026regmb-2674702300","format":"[Gen 9 Champions] VGC 2026 Reg M-B","players":["Viperfan","randomtieflinggirl"],"log":"|j|☆Viperfan\n|j|☆randomtieflinggirl\n|t:|1788392886\n|gametype|doubles\n|player|p1|Viperfan|266|1091\n|player|p2|randomtieflinggirl|170|1169\n|gen|9\n|tier|[Gen 9 Champions] VGC 2026 Reg M-B\n|rated|\n|rule|Species Clause: Limit one of each Pokémon\n|rule|Item Clause: Limit 1 of each item\n|clearpoke\n|poke|p1|Drampa, L50, M|\n|poke|p1|Banette, L50, M|\n|poke|p1|Aegislash, L50, F|\n|poke|p1|Clawitzer, L50, F|\n|poke|p1|Sinistcha, L50|\n|poke|p1|Kingambit, L50, M|\n|poke|p2|Lycanroc-Dusk, L50, M|\n|poke|p2|Froslass, L50, F|\n|poke|p2|Scovillain, L50, M|\n|poke|p2|Basculegion, L50, M|\n|poke|p2|Kingambit, L50, M|\n|poke|p2|Sneasler, L50, F|\n|teampreview|4\nrandomtieflinggirl has agreed to open team sheets.\nViperfan rejected open team sheets.\n|inactive|Battle timer is ON: inactive players will automatically lose when time's up. (requested by Viperfan)\n|inactive|randomtieflinggirl has 60 seconds left.\n|\n|t:|1788392954\n|teamsize|p1|4\n|teamsize|p2|4\n|start\n|switch|p1a: Aegislash|Aegislash, L50, F|100/100\n|switch|p1b: Banette|Banette, L50, M|100/100\n|switch|p2a: Froslass|Froslass, L50, F|100/100\n|switch|p2b: Basculegion|Basculegion, L50, M|100/100\n|turn|1\n|\n|t:|1788392973\n|detailschange|p2a: Froslass|Froslass-Mega, L50, F\n|-mega|p2a: Froslass|Froslass|Froslassite\n|-weather|Snowscape|[from] ability: Snow Warning|[of] p2a: Froslass\n|detailschange|p1b: Banette|Banette-Mega, L50, M\n|-mega|p1b: Banette|Banette|Banettite\n|move|p1a: Aegislash|Wide Guard|p1a: Aegislash\n|-singleturn|p1a: Aegislash|Wide Guard\n|move|p2a: Froslass|Shadow Ball|p1b: Banette\n|-supereffective|p1b: Banette|1\n|-damage|p1b: Banette|0 fnt\n|faint|p1b: Banette\n|move|p2b: Basculegion|Last Respects|p1a: Aegislash\n|-supereffective|p1a: Aegislash|1\n|-damage|p1a: Aegislash|42/100\n|\n|-weather|Snowscape|[upkeep]\n|-heal|p1a: Aegislash|48/100|[from] item: Leftovers\n|upkeep\n|\n|t:|1788392984\n|switch|p1b: Drampa|Drampa, L50, M|100/100\n|-ability|p1b: Drampa|Cloud Nine\n|turn|2\n|\n|t:|1788393006\n|move|p2a: Froslass|Protect|p2a: Froslass\n|-singleturn|p2a: Froslass|Protect\n|move|p2b: Basculegion|Last Respects|p1a: Aegislash\n|-supereffective|p1a: Aegislash|1\n|-damage|p1a: Aegislash|0 fnt\n|faint|p1a: Aegislash\n|move|p1b: Drampa|Thunderbolt|p2b: Basculegion\n|-supereffective|p2b: Basculegion|1\n|-damage|p2b: Basculegion|36/100\n|-enditem|p2b: Basculegion|Sitrus Berry|[eat]\n|-heal|p2b: Basculegion|60/100|[from] item: Sitrus Berry\n|\n|-weather|Snowscape|[upkeep]\n|upkeep\n|\n|t:|1788393011\n|switch|p1a: Clawitzer|Clawitzer, L50, F|100/100\n|turn|3\n|inactive|randomtieflinggirl has 30 seconds left.\n|\n|t:|1788393039\n|switch|p2a: Kingambit|Kingambit, L50, M|100/100\n|move|p2b: Basculegion|Protect|p2b: Basculegion\n|-singleturn|p2b: Basculegion|Protect\n|move|p1b: Drampa|Protect|p1b: Drampa\n|-singleturn|p1b: Drampa|Protect\n|move|p1a: Clawitzer|Dark Pulse|p2a: Kingambit\n|-resisted|p2a: Kingambit|1\n|-damage|p2a: Kingambit|78/100\n|\n|-weather|Snowscape|[upkeep]\n|upkeep\n|turn|4\n|\n|t:|1788393058\n|switch|p2b: Sneasler|Sneasler, L50, F|100/100\n|move|p2a: Kingambit|Sucker Punch|p1a: Clawitzer\n|-damage|p1a: Clawitzer|43/100\n|move|p1a: Clawitzer|Aura Sphere|p2a: Kingambit\n|-supereffective|p2a: Kingambit|2\n|-damage|p2a: Kingambit|0 fnt\n|faint|p2a: Kingambit\n|move|p1b: Drampa|Thunderbolt|p2b: Sneasler\n|-damage|p2b: Sneasler|56/100\n|\n|-weather|Snowscape|[upkeep]\n|upkeep\n|\n|t:|1788393073\n|switch|p2a: Froslass|Froslass-Mega, L50, F|100/100\n|turn|5\n|\n|t:|1788393082\n|move|p1b: Drampa|Protect|p1b: Drampa\n|-singleturn|p1b: Drampa|Protect\n|move|p2b: Sneasler|Fake Out|p1a: Clawitzer\n|-damage|p1a: Clawitzer|28/100\n|move|p2a: Froslass|Blizzard|p1a: Clawitzer|[spread] \n|-activate|p1b: Drampa|move: Protect\n|-miss|p2a: Froslass|p1a: Clawitzer\n|cant|p1a: Clawitzer|flinch\n|\n|-weather|none\n|upkeep\n|turn|6\n|inactive|Viperfan has 30 seconds left.\n|\n|t:|1788393108\n|move|p2a: Froslass|Protect|p2a: Froslass\n|-singleturn|p2a: Froslass|Protect\n|move|p2b: Sneasler|Close Combat|p1a: Clawitzer\n|-damage|p1a: Clawitzer|0 fnt\n|-unboost|p2b: Sneasler|def|1\n|-unboost|p2b: Sneasler|spd|1\n|faint|p1a: Clawitzer\n|-enditem|p2b: Sneasler|White Herb\n|-clearnegativeboost|p2b: Sneasler|[silent]\n|move|p1b: Drampa|Dragon Pulse|p2b: Sneasler\n|-damage|p2b: Sneasler|0 fnt\n|faint|p2b: Sneasler\n|\n|upkeep\n|\n|t:|1788393120\n|switch|p2b: Basculegion|Basculegion, L50, M|60/100\n|turn|7\n|\n|t:|1788393134\n|move|p2b: Basculegion|Protect|p2b: Basculegion\n|-singleturn|p2b: Basculegion|Protect\n|move|p2a: Froslass|Blizzard|p1b: Drampa\n|-supereffective|p1b: Drampa|1\n|-damage|p1b: Drampa|0 fnt\n|faint|p1b: Drampa\n|\n|win|randomtieflinggirl\n|raw|Viperfan's rating: 1091 &rarr; <strong>1073</strong><br />(-18 for losing)\n|raw|randomtieflinggirl's rating: 1169 &rarr; <strong>1188</strong><br />(+19 for winning)\n|l|☆Viperfan\n|player|p1|\n|c|☆randomtieflinggirl|gg\n","uploadtime":1788393144,"views":"1","formatid":"gen9championsvgc2026regmb","rating":1073,"private":0,"password":null}