{"id":"gen9championsvgc2026regmbbo3-2673985204","format":"[Gen 9 Champions] VGC 2026 Reg M-B (Bo3)","players":["BtC37","SeiVeR11"],"log":"|j|☆BtC37\n|j|☆SeiVeR11\n|html|<table width=\"100%\"><tr><td align=\"left\">BtC37</td><td align=\"right\">SeiVeR11</tr><tr><td align=\"left\"><i class=\"fa fa-circle-o\"></i> <i class=\"fa fa-circle-o\"></i> </td><td align=\"right\"><i class=\"fa fa-circle-o\"></i> <i class=\"fa fa-circle-o\"></i> </tr></table>\n|uhtml|bestof|<h2><strong>Game 1</strong> of <a href=\"/game-bestof3-gen9championsvgc2026regmbbo3-2673985203\">a best-of-3</a></h2>\n|t:|1788284947\n|gametype|doubles\n|player|p1|BtC37|ghetsis|1249\n|player|p2|SeiVeR11|169|1135\n|gen|9\n|tier|[Gen 9 Champions] VGC 2026 Reg M-B (Bo3)\n|rated|\n|rule|Species Clause: Limit one of each Pokémon\n|rule|Item Clause: Limit 1 of each item\n|clearpoke\n|poke|p1|Gengar, L50, F|\n|poke|p1|Maushold-Four, L50|\n|poke|p1|Garchomp, L50, F|\n|poke|p1|Whimsicott, L50, F, shiny|\n|poke|p1|Incineroar, L50, F|\n|poke|p1|Rotom-Wash, L50|\n|poke|p2|Floette-Eternal, L50, F|\n|poke|p2|Basculegion, L50, M|\n|poke|p2|Kingambit, L50, M|\n|poke|p2|Dragonite, L50, M|\n|poke|p2|Garchomp, L50, M|\n|poke|p2|Sneasler, L50, F|\n|teampreview|4\n|showteam|p1|Gengar||Gengarite|CursedBody|ShadowBall,PerishSong,Disable,Protect|Timid||F|||50|]Maushold-Four||ChopleBerry|FriendGuard|FollowMe,Encore,HelpingHand,Protect|Timid|||||50|]Garchomp||LifeOrb|RoughSkin|StompingTantrum,RockSlide,DragonClaw,Protect|Jolly||F|||50|]Whimsicott||FocusSash|Prankster|Tailwind,Moonblast,Encore,Protect|Timid||F|||50|]Incineroar||SitrusBerry|Intimidate|Protect,FakeOut,PartingShot,ThroatChop|Careful||F|||50|]Rotom-Wash||Leftovers|Levitate|HydroPump,VoltSwitch,WillOWisp,Protect|Bold|||||50|\n|showteam|p2|Floette-Eternal||Floettite|FlowerVeil|Moonblast,DazzlingGleam,LightofRuin,Protect|Timid||F|||50|]Basculegion||LifeOrb|Adaptability|WaveCrash,LastRespects,AquaJet,Protect|Adamant||M|||50|]Kingambit||ChopleBerry|Defiant|SuckerPunch,KowtowCleave,LowKick,IronHead|Adamant||M|||50|]Dragonite||Dragoninite|Multiscale|DragonPulse,HeatWave,ExtremeSpeed,Protect|Modest||M|||50|]Garchomp||ChoiceScarf|RoughSkin|DragonClaw,StompingTantrum,Earthquake,RockSlide|Adamant||M|||50|]Sneasler||FocusSash|PoisonTouch|CloseCombat,DireClaw,FakeOut,Feint|Jolly||F|||50|\n|inactive|Battle timer is ON: inactive players will automatically lose when time's up. (requested by BtC37)\n|inactive|BtC37 has 60 seconds left.\n|inactive|SeiVeR11 has 60 seconds left.\n|inactive|BtC37 has 30 seconds left.\n|inactive|BtC37 has 20 seconds left.\n|inactive|BtC37 has 15 seconds left.\n|\n|t:|1788285024\n|teamsize|p1|4\n|teamsize|p2|4\n|start\n|switch|p1a: Gengar|Gengar, L50, F|100/100\n|switch|p1b: Maushold|Maushold-Four, L50|100/100\n|switch|p2a: Basculegion|Basculegion, L50, M|100/100\n|switch|p2b: Kingambit|Kingambit, L50, M|100/100\n|turn|1\n|inactive|BtC37 has 30 seconds left.\n|inactive|BtC37 has 20 seconds left.\n|inactive|SeiVeR11 has 30 seconds left.\n|inactive|BtC37 has 15 seconds left.\n|inactive|BtC37 has 10 seconds left.\n|\n|t:|1788285074\n|detailschange|p1a: Gengar|Gengar-Mega, L50, F\n|-mega|p1a: Gengar|Gengar|Gengarite\n|move|p1a: Gengar|Protect|p1a: Gengar\n|-singleturn|p1a: Gengar|Protect\n|move|p1b: Maushold|Protect|p1b: Maushold\n|-singleturn|p1b: Maushold|Protect\n|move|p2a: Basculegion|Wave Crash|p1b: Maushold\n|-activate|p1b: Maushold|move: Protect\n|move|p2b: Kingambit|Kowtow Cleave|p1a: Gengar\n|-activate|p1a: Gengar|move: Protect\n|\n|upkeep\n|turn|2\n|inactive|BtC37 has 30 seconds left.\n|inactive|SeiVeR11 has 30 seconds left.\n|inactive|BtC37 has 20 seconds left.\n|\n|t:|1788285112\n|move|p1a: Gengar|Disable|p2b: Kingambit\n|-start|p2b: Kingambit|Disable|Kowtow Cleave\n|move|p1b: Maushold|Encore|p2b: Kingambit\n|-start|p2b: Kingambit|Encore\n|move|p2a: Basculegion|Wave Crash|p1b: Maushold\n|-damage|p1b: Maushold|0 fnt\n|faint|p1b: Maushold\n|-damage|p2a: Basculegion|69/100|[from] Recoil\n|-damage|p2a: Basculegion|60/100|[from] item: Life Orb\n|cant|p2b: Kingambit|Disable|Kowtow Cleave\n|\n|upkeep\n|\n|t:|1788285128\n|switch|p1b: Whimsicott|Whimsicott, L50, F, shiny|100/100\n|turn|3\n|\n|t:|1788285153\n|move|p2a: Basculegion|Protect|p2a: Basculegion\n|-singleturn|p2a: Basculegion|Protect\n|move|p1a: Gengar|Shadow Ball|p2a: Basculegion\n|-activate|p2a: Basculegion|move: Protect\n|move|p1b: Whimsicott|Moonblast|p2b: Kingambit\n|-damage|p2b: Kingambit|68/100\n|-activate|p2b: Kingambit|move: Struggle\n|move|p2b: Kingambit|Struggle|p1a: Gengar\n|-damage|p1a: Gengar|78/100\n|-damage|p2b: Kingambit|42/100|[from] recoil\n|\n|upkeep\n|turn|4\n|inactive|SeiVeR11 has 30 seconds left.\n|\n|t:|1788285180\n|switch|p2a: Garchomp|Garchomp, L50, M|100/100\n|move|p1a: Gengar|Shadow Ball|p2a: Garchomp\n|-damage|p2a: Garchomp|51/100\n|move|p1b: Whimsicott|Moonblast|p2b: Kingambit\n|-damage|p2b: Kingambit|14/100\n|-activate|p2b: Kingambit|move: Struggle\n|move|p2b: Kingambit|Struggle|p1a: Gengar\n|-damage|p1a: Gengar|58/100\n|-damage|p2b: Kingambit|0 fnt|[from] recoil\n|faint|p2b: Kingambit\n|\n|upkeep\n|\n|t:|1788285198\n|switch|p2b: Floette|Floette-Eternal, L50, F|100/100\n|turn|5\n|inactive|BtC37 has 30 seconds left.\n|inactive|SeiVeR11 has 30 seconds left.\n|\n|t:|1788285232\n|detailschange|p2b: Floette|Floette-Mega, L50, F\n|-mega|p2b: Floette|Floette|Floettite\n|-ability|p2b: Floette|Fairy Aura\n|move|p1b: Whimsicott|Protect|p1b: Whimsicott\n|-singleturn|p1b: Whimsicott|Protect\n|move|p1a: Gengar|Protect|p1a: Gengar\n|-singleturn|p1a: Gengar|Protect\n|move|p2a: Garchomp|Rock Slide|p1a: Gengar|[spread] \n|-activate|p1a: Gengar|move: Protect\n|-activate|p1b: Whimsicott|move: Protect\n|move|p2b: Floette|Moonblast|p1b: Whimsicott\n|-activate|p1b: Whimsicott|move: Protect\n|\n|upkeep\n|turn|6\n|inactive|BtC37 has 30 seconds left.\n|inactive|BtC37 has 20 seconds left.\n|inactive|BtC37 has 15 seconds left.\n|\n|t:|1788285276\n|move|p1b: Whimsicott|Tailwind|p1b: Whimsicott\n|-sidestart|p1: BtC37|move: Tailwind\n|move|p1a: Gengar|Disable|p2a: Garchomp\n|-start|p2a: Garchomp|Disable|Rock Slide\n|cant|p2a: Garchomp|Disable|Rock Slide\n|move|p2b: Floette|Light of Ruin|p1a: Gengar|[miss]\n|-miss|p2b: Floette|p1a: Gengar\n|\n|upkeep\n|turn|7\n|\n|t:|1788285291\n|move|p1b: Whimsicott|Encore|p2b: Floette\n|-start|p2b: Floette|Encore\n|move|p1a: Gengar|Disable|p2b: Floette\n|-start|p2b: Floette|Disable|Light of Ruin\n|-activate|p2a: Garchomp|move: Struggle\n|move|p2a: Garchomp|Struggle|p1a: Gengar\n|-damage|p1a: Gengar|35/100\n|-damage|p2a: Garchomp|26/100|[from] recoil\n|cant|p2b: Floette|Disable|Light of Ruin\n|\n|upkeep\n|turn|8\n|\n|t:|1788285307\n|move|p1a: Gengar|Shadow Ball|p2b: Floette\n|-damage|p2b: Floette|64/100\n|-unboost|p2b: Floette|spd|1\n|move|p1b: Whimsicott|Moonblast|p2b: Floette\n|-damage|p2b: Floette|3/100\n|-activate|p2a: Garchomp|move: Struggle\n|move|p2a: Garchomp|Struggle|p1a: Gengar\n|-damage|p1a: Gengar|14/100\n|-damage|p2a: Garchomp|1/100|[from] recoil\n|-activate|p2b: Floette|move: Struggle\n|move|p2b: Floette|Struggle|p1a: Gengar\n|-damage|p1a: Gengar|4/100\n|-damage|p2b: Floette|0 fnt|[from] recoil\n|faint|p2b: Floette\n|\n|upkeep\n|\n|t:|1788285310\n|switch|p2b: Basculegion|Basculegion, L50, M|60/100\n|turn|9\n|inactive|BtC37 has 30 seconds left.\n|inactive|BtC37 has 20 seconds left.\n|inactive|BtC37 has 15 seconds left.\n|\n|t:|1788285353\n|move|p2b: Basculegion|Aqua Jet|p1a: Gengar\n|-damage|p1a: Gengar|0 fnt\n|faint|p1a: Gengar\n|-damage|p2b: Basculegion|50/100g|[from] item: Life Orb\n|move|p1b: Whimsicott|Moonblast|p2a: Garchomp\n|-supereffective|p2a: Garchomp|1\n|-damage|p2a: Garchomp|0 fnt\n|faint|p2a: Garchomp\n|\n|-sideend|p1: BtC37|move: Tailwind\n|upkeep\n|\n|t:|1788285369\n|switch|p1a: Rotom|Rotom-Wash, L50|100/100\n|turn|10\n|inactive|BtC37 has 30 seconds left.\n|inactive|BtC37 has 20 seconds left.\n|\n|t:|1788285405\n|move|p1b: Whimsicott|Encore|p2b: Basculegion\n|-start|p2b: Basculegion|Encore\n|move|p2b: Basculegion|Aqua Jet|p1b: Whimsicott\n|-resisted|p1b: Whimsicott|1\n|-damage|p1b: Whimsicott|74/100\n|-damage|p2b: Basculegion|41/100|[from] item: Life Orb\n|move|p1a: Rotom|Volt Switch|p2b: Basculegion\n|-supereffective|p2b: Basculegion|1\n|-damage|p2b: Basculegion|0 fnt\n|faint|p2b: Basculegion\n|\n|win|BtC37\n||SeiVeR11 is ready for game 2.\n|inactive|BtC37 has 30 seconds to confirm battle start!\n","uploadtime":1788285416,"views":"0","formatid":"gen9championsvgc2026regmbbo3","rating":null,"private":0,"password":null}