{"id":"gen9championsvgc2026regmbbo3-2674508872","format":"[Gen 9 Champions] VGC 2026 Reg M-B (Bo3)","players":["jackpaulsartre33","GengarApologist"],"log":"|j|☆jackpaulsartre33\n|j|☆GengarApologist\n|html|<table width=\"100%\"><tr><td align=\"left\">jackpaulsartre33</td><td align=\"right\">GengarApologist</tr><tr><td align=\"left\"><i class=\"fa fa-circle-o\"></i> <i class=\"fa fa-circle-o\"></i> </td><td align=\"right\"><i class=\"fa fa-circle-o\"></i> <i class=\"fa fa-circle-o\"></i> </tr></table>\n|uhtml|bestof|<h2><strong>Game 1</strong> of <a href=\"/game-bestof3-gen9championsvgc2026regmbbo3-2674508871\">a best-of-3</a></h2>\n|t:|1788368126\n|gametype|doubles\n|player|p1|jackpaulsartre33|1|1155\n|player|p2|GengarApologist|101|1040\n|gen|9\n|tier|[Gen 9 Champions] VGC 2026 Reg M-B (Bo3)\n|rated|\n|rule|Species Clause: Limit one of each Pokémon\n|rule|Item Clause: Limit 1 of each item\n|clearpoke\n|poke|p1|Charizard, L50, M|\n|poke|p1|Kingambit, L50, M|\n|poke|p1|Sylveon, L50, F|\n|poke|p1|Aerodactyl, L50, F|\n|poke|p1|Farigiraf, L50, F|\n|poke|p1|Garchomp, L50, M|\n|poke|p2|Swampert, L50, F|\n|poke|p2|Whimsicott, L50, M|\n|poke|p2|Milotic, L50, F|\n|poke|p2|Staraptor, L50, F|\n|poke|p2|Archaludon, L50, F|\n|poke|p2|Arcanine-Hisui, L50, M|\n|teampreview|4\n|showteam|p1|Charizard||CharizarditeY|Blaze|HeatWave,SolarBeam,WeatherBall,Protect|Modest||M|||50|]Kingambit||FocusSash|Defiant|SuckerPunch,KowtowCleave,IronHead,LowKick|Adamant||M|||50|]Sylveon||FairyFeather|Pixilate|HyperVoice,HyperBeam,Protect,QuickAttack|Modest||F|||50|]Aerodactyl||Aerodactylite|Unnerve|IceFang,RockSlide,Tailwind,DualWingbeat|Jolly||F|||50|]Farigiraf||SitrusBerry|ArmorTail|TrickRoom,Psychic,Thunderbolt,Protect|Bold||F|||50|]Garchomp||LifeOrb|RoughSkin|DragonClaw,RockTomb,Earthquake,Protect|Jolly||M|||50|\n|showteam|p2|Swampert||Swampertite|Torrent|Protect,Waterfall,HighHorsepower,RockSlide|Adamant||F|||50|]Whimsicott||FocusSash|Prankster|Encore,Protect,Tailwind,Moonblast|Bold||M|||50|]Milotic||WiseGlasses|Competitive|IcyWind,Protect,Scald,DragonPulse|Calm||F|||50|]Staraptor||Staraptite|Intimidate|Protect,BraveBird,CloseCombat,Tailwind|Jolly||F|||50|]Archaludon||Leftovers|Stamina|DragonPulse,ElectroShot,Protect,FlashCannon|Timid||F|||50|]Arcanine-Hisui||SitrusBerry|RockHead|FlareBlitz,HeadSmash,Protect,Crunch|Jolly||M|||50|\n|inactive|Battle timer is ON: inactive players will automatically lose when time's up. (requested by jackpaulsartre33)\n|inactive|jackpaulsartre33 has 60 seconds left.\n|\n|t:|1788368165\n|teamsize|p1|4\n|teamsize|p2|4\n|start\n|switch|p1a: Farigiraf|Farigiraf, L50, F|100/100\n|switch|p1b: Charizard|Charizard, L50, M|100/100\n|switch|p2a: Milotic|Milotic, L50, F|100/100\n|switch|p2b: Swampert|Swampert, L50, F|100/100\n|turn|1\n|inactive|jackpaulsartre33 has 30 seconds left.\n|\n|t:|1788368196\n|move|p1b: Charizard|Protect|p1b: Charizard\n|-singleturn|p1b: Charizard|Protect\n|move|p2a: Milotic|Scald|p1a: Farigiraf\n|-crit|p1a: Farigiraf\n|-damage|p1a: Farigiraf|58/100\n|move|p2b: Swampert|Rock Slide|p1b: Charizard|[spread] p1a\n|-activate|p1b: Charizard|move: Protect\n|-damage|p1a: Farigiraf|42/100\n|-enditem|p1a: Farigiraf|Sitrus Berry|[eat]\n|-heal|p1a: Farigiraf|67/100|[from] item: Sitrus Berry\n|move|p1a: Farigiraf|Trick Room|p1a: Farigiraf\n|-fieldstart|move: Trick Room|[of] p1a: Farigiraf\n|\n|upkeep\n|turn|2\n|inactive|jackpaulsartre33 has 30 seconds left.\n|inactive|jackpaulsartre33 has 20 seconds left.\n|inactive|jackpaulsartre33 has 15 seconds left.\n|\n|t:|1788368236\n|detailschange|p2b: Swampert|Swampert-Mega, L50, F\n|-mega|p2b: Swampert|Swampert|Swampertite\n|detailschange|p1b: Charizard|Charizard-Mega-Y, L50, M\n|-mega|p1b: Charizard|Charizard|Charizardite Y\n|-weather|SunnyDay|[from] ability: Drought|[of] p1b: Charizard\n|move|p1a: Farigiraf|Thunderbolt|p2a: Milotic\n|-supereffective|p2a: Milotic|1\n|-crit|p2a: Milotic\n|-damage|p2a: Milotic|48/100\n|move|p2b: Swampert|Rock Slide|p1a: Farigiraf|[spread] p1a,p1b\n|-supereffective|p1b: Charizard|2\n|-damage|p1a: Farigiraf|50/100y\n|-damage|p1b: Charizard|0 fnt\n|faint|p1b: Charizard\n|move|p2a: Milotic|Scald|p1a: Farigiraf\n|-damage|p1a: Farigiraf|36/100\n|-status|p1a: Farigiraf|brn\n|\n|-weather|SunnyDay|[upkeep]\n|-damage|p1a: Farigiraf|30/100 brn|[from] brn\n|upkeep\n|c|☆jackpaulsartre33|lol\n|\n|t:|1788368261\n|switch|p1b: Sylveon|Sylveon, L50, F|100/100\n|turn|3\n|inactive|jackpaulsartre33 has 30 seconds left.\n|\n|t:|1788368289\n|move|p2a: Milotic|Protect|p2a: Milotic\n|-singleturn|p2a: Milotic|Protect\n|move|p1a: Farigiraf|Thunderbolt|p2a: Milotic\n|-activate|p2a: Milotic|move: Protect\n|move|p2b: Swampert|Rock Slide|p1a: Farigiraf|[spread] p1a,p1b\n|-damage|p1a: Farigiraf|11/100 brn\n|-damage|p1b: Sylveon|70/100\n|move|p1b: Sylveon|Hyper Beam|p2b: Swampert\n|-damage|p2b: Swampert|19/100\n|-mustrecharge|p1b: Sylveon\n|\n|-weather|SunnyDay|[upkeep]\n|-damage|p1a: Farigiraf|5/100 brn|[from] brn\n|upkeep\n|turn|4\n|inactive|GengarApologist has 30 seconds left.\n|\n|t:|1788368318\n|move|p1a: Farigiraf|Thunderbolt|p2a: Milotic\n|-supereffective|p2a: Milotic|1\n|-damage|p2a: Milotic|16/100\n|move|p2b: Swampert|High Horsepower|p1b: Sylveon\n|-damage|p1b: Sylveon|0 fnt\n|faint|p1b: Sylveon\n|move|p2a: Milotic|Icy Wind|p1a: Farigiraf\n|-damage|p1a: Farigiraf|0 fnt\n|faint|p1a: Farigiraf\n|\n|-weather|SunnyDay|[upkeep]\n|upkeep\n|\n|t:|1788368324\n|switch|p1b: Garchomp|Garchomp, L50, M|100/100\n|turn|5\n|\n|t:|1788368334\n|move|p2b: Swampert|Protect|p2b: Swampert\n|-singleturn|p2b: Swampert|Protect\n|move|p1b: Garchomp|Protect|p1b: Garchomp\n|-singleturn|p1b: Garchomp|Protect\n|move|p2a: Milotic|Icy Wind|p1b: Garchomp\n|-activate|p1b: Garchomp|move: Protect\n|\n|-weather|SunnyDay|[upkeep]\n|-fieldend|move: Trick Room\n|upkeep\n|turn|6\n|\n|t:|1788368349\n|move|p1b: Garchomp|Earthquake|p2a: Milotic|[spread] p2a,p2b\n|-damage|p2a: Milotic|0 fnt\n|-damage|p2b: Swampert|0 fnt\n|faint|p2a: Milotic\n|faint|p2b: Swampert\n|-damage|p1b: Garchomp|90/100|[from] item: Life Orb\n|\n|-weather|none\n|upkeep\n|\n|t:|1788368357\n|switch|p2a: Archaludon|Archaludon, L50, F|100/100\n|switch|p2b: Arcanine|Arcanine-Hisui, L50, M|100/100\n|turn|7\n|\n|t:|1788368374\n|move|p2b: Arcanine|Protect|p2b: Arcanine\n|-singleturn|p2b: Arcanine|Protect\n|move|p1b: Garchomp|Earthquake|p2a: Archaludon|[spread] p2a\n|-activate|p2b: Arcanine|move: Protect\n|-supereffective|p2a: Archaludon|1\n|-damage|p2a: Archaludon|27/100\n|-ability|p2a: Archaludon|Stamina|boost\n|-boost|p2a: Archaludon|def|1\n|-damage|p1b: Garchomp|80/100|[from] item: Life Orb\n|move|p2a: Archaludon|Flash Cannon|p1b: Garchomp\n|-damage|p1b: Garchomp|40/100\n|\n|-heal|p2a: Archaludon|33/100|[from] item: Leftovers\n|upkeep\n|turn|8\n|\n|t:|1788368389\n|move|p1b: Garchomp|Earthquake|p2a: Archaludon|[spread] p2a,p2b\n|-supereffective|p2a: Archaludon|1\n|-crit|p2a: Archaludon\n|-supereffective|p2b: Arcanine|2\n|-damage|p2a: Archaludon|0 fnt\n|-damage|p2b: Arcanine|0 fnt\n|faint|p2a: Archaludon\n|faint|p2b: Arcanine\n|-damage|p1b: Garchomp|31/100|[from] item: Life Orb\n|\n|win|jackpaulsartre33\n|l|☆GengarApologist\n|player|p2|\n|raw|jackpaulsartre33's rating: 1155 &rarr; <strong>1172</strong><br />(+17 for winning)\n|raw|GengarApologist's rating: 1040 &rarr; <strong>1029</strong><br />(-11 for losing)\n","uploadtime":1788368399,"views":"0","formatid":"gen9championsvgc2026regmbbo3","rating":1029,"private":0,"password":null}