{"id":"gen9championsvgc2026regmb-2674605660","format":"[Gen 9 Champions] VGC 2026 Reg M-B","players":["TheCrimsonPoet934","KallumZ-A"],"log":"|j|☆TheCrimsonPoet934\n|j|☆KallumZ-A\n|t:|1788379389\n|gametype|doubles\n|player|p1|TheCrimsonPoet934|ethan|1150\n|player|p2|KallumZ-A|101|1129\n|gen|9\n|tier|[Gen 9 Champions] VGC 2026 Reg M-B\n|rated|\n|rule|Species Clause: Limit one of each Pokémon\n|rule|Item Clause: Limit 1 of each item\n|clearpoke\n|poke|p1|Talonflame, L50, M, shiny|\n|poke|p1|Floette-Eternal, L50, F|\n|poke|p1|Sneasler, L50, M, shiny|\n|poke|p1|Garchomp, L50, M, shiny|\n|poke|p1|Alakazam, L50, M, shiny|\n|poke|p1|Sylveon, L50, M, shiny|\n|poke|p2|Staraptor, L50, F|\n|poke|p2|Maushold-Four, L50|\n|poke|p2|Delphox, L50, M|\n|poke|p2|Sinistcha, L50|\n|poke|p2|Annihilape, L50, M|\n|poke|p2|Whimsicott, L50, F|\n|teampreview|4\n|inactive|Battle timer is ON: inactive players will automatically lose when time's up. (requested by TheCrimsonPoet934)\n|inactive|KallumZ-A has 60 seconds left.\n|\n|t:|1788379429\n|teamsize|p1|4\n|teamsize|p2|4\n|start\n|switch|p1a: Talonflame|Talonflame, L50, M, shiny|100/100\n|switch|p1b: Sneasler|Sneasler, L50, M, shiny|100/100\n|switch|p2a: Whimsicott|Whimsicott, L50, F|100/100\n|switch|p2b: Delphox|Delphox, L50, M|100/100\n|turn|1\n|\n|t:|1788379453\n|detailschange|p2b: Delphox|Delphox-Mega, L50, M\n|-mega|p2b: Delphox|Delphox|Delphoxite\n|move|p2a: Whimsicott|Protect|p2a: Whimsicott\n|-singleturn|p2a: Whimsicott|Protect\n|move|p1b: Sneasler|Fake Out|p2b: Delphox\n|-damage|p2b: Delphox|76/100\n|move|p1a: Talonflame|Tailwind|p1a: Talonflame\n|-sidestart|p1: TheCrimsonPoet934|move: Tailwind\n|cant|p2b: Delphox|flinch\n|\n|upkeep\n|turn|2\n|\n|t:|1788379466\n|move|p1a: Talonflame|Dual Wingbeat|p2b: Delphox\n|-damage|p2b: Delphox|52/100\n|-damage|p2b: Delphox|28/100\n|-hitcount|p2b: Delphox|2\n|move|p2a: Whimsicott|Tailwind|p2a: Whimsicott\n|-sidestart|p2: KallumZ-A|move: Tailwind\n|move|p2b: Delphox|Psychic|p1b: Sneasler\n|-supereffective|p1b: Sneasler|2\n|-damage|p1b: Sneasler|0 fnt\n|faint|p1b: Sneasler\n|\n|upkeep\n|\n|t:|1788379476\n|switch|p1b: Alakazam|Alakazam, L50, M, shiny|100/100\n|turn|3\n|\n|t:|1788379492\n|move|p2b: Delphox|Protect|p2b: Delphox\n|-singleturn|p2b: Delphox|Protect\n|move|p1a: Talonflame|Dual Wingbeat|p2b: Delphox\n|-activate|p2b: Delphox|move: Protect\n|move|p1b: Alakazam|Shadow Ball|p2b: Delphox\n|-activate|p2b: Delphox|move: Protect\n|move|p2a: Whimsicott|Moonblast|p1a: Talonflame\n|-resisted|p1a: Talonflame|1\n|-damage|p1a: Talonflame|74/100\n|\n|upkeep\n|turn|4\n|inactive|TheCrimsonPoet934 has 30 seconds left.\n|\n|t:|1788379525\n|move|p2b: Delphox|Heat Wave|p1a: Talonflame|[spread] p1a,p1b\n|-resisted|p1a: Talonflame|1\n|-damage|p1a: Talonflame|41/100\n|-damage|p1b: Alakazam|44/100\n|move|p1a: Talonflame|Dual Wingbeat|p2b: Delphox\n|-damage|p2b: Delphox|3/100\n|-crit|p2b: Delphox\n|-damage|p2b: Delphox|0 fnt\n|faint|p2b: Delphox\n|-hitcount|p2: Delphox|2\n|move|p1b: Alakazam|Shadow Ball|p2a: Whimsicott\n|-damage|p2a: Whimsicott|34/100\n|move|p2a: Whimsicott|Moonblast|p1b: Alakazam\n|-damage|p1b: Alakazam|0 fnt\n|faint|p1b: Alakazam\n|\n|-sideend|p1: TheCrimsonPoet934|move: Tailwind\n|upkeep\n|\n|t:|1788379547\n|switch|p2b: Annihilape|Annihilape, L50, M|100/100\n|switch|p1b: Garchomp|Garchomp, L50, M, shiny|100/100\n|turn|5\n|\n|t:|1788379564\n|detailschange|p1b: Garchomp|Garchomp-Mega, L50, M, shiny\n|-mega|p1b: Garchomp|Garchomp|Garchompite\n|move|p2a: Whimsicott|Moonblast|p1b: Garchomp\n|-supereffective|p1b: Garchomp|1\n|-damage|p1b: Garchomp|24/100\n|move|p2b: Annihilape|Bulk Up|p2b: Annihilape\n|-boost|p2b: Annihilape|atk|1\n|-boost|p2b: Annihilape|def|1\n|move|p1a: Talonflame|Dual Wingbeat|p2b: Annihilape\n|-supereffective|p2b: Annihilape|1\n|-damage|p2b: Annihilape|78/100\n|-supereffective|p2b: Annihilape|1\n|-damage|p2b: Annihilape|57/100\n|-hitcount|p2b: Annihilape|2\n|move|p1b: Garchomp|Earthquake|p2b: Annihilape|[spread] p2a,p2b\n|-immune|p1a: Talonflame\n|-resisted|p2a: Whimsicott|1\n|-crit|p2a: Whimsicott\n|-damage|p2a: Whimsicott|0 fnt\n|-damage|p2b: Annihilape|30/100\n|faint|p2a: Whimsicott\n|\n|-heal|p2b: Annihilape|36/100|[from] item: Leftovers\n|-sideend|p2: KallumZ-A|move: Tailwind\n|upkeep\n|\n|t:|1788379575\n|switch|p2a: Maushold|Maushold-Four, L50|100/100\n|turn|6\n|\n|t:|1788379588\n|move|p2a: Maushold|Protect|p2a: Maushold\n|-singleturn|p2a: Maushold|Protect\n|move|p2b: Annihilape|Protect|p2b: Annihilape\n|-singleturn|p2b: Annihilape|Protect\n|move|p1a: Talonflame|Dual Wingbeat|p2b: Annihilape\n|-activate|p2b: Annihilape|move: Protect\n|move|p1b: Garchomp|Earthquake|p2a: Maushold|[spread] \n|-activate|p2a: Maushold|move: Protect\n|-activate|p2b: Annihilape|move: Protect\n|-immune|p1a: Talonflame\n|\n|-heal|p2b: Annihilape|42/100|[from] item: Leftovers\n|upkeep\n|turn|7\n|\n|t:|1788379605\n|move|p2a: Maushold|Follow Me|p2a: Maushold\n|-singleturn|p2a: Maushold|move: Follow Me\n|move|p1a: Talonflame|Dual Wingbeat|p2a: Maushold\n|-damage|p2a: Maushold|80/100\n|-crit|p2a: Maushold\n|-damage|p2a: Maushold|48/100\n|-hitcount|p2a: Maushold|2\n|move|p1b: Garchomp|Earthquake|p2a: Maushold|[spread] p2a,p2b\n|-immune|p1a: Talonflame\n|-damage|p2a: Maushold|0 fnt\n|-damage|p2b: Annihilape|18/100\n|faint|p2a: Maushold\n|move|p2b: Annihilape|Drain Punch|p1b: Garchomp\n|-damage|p1b: Garchomp|0 fnt\n|-heal|p2b: Annihilape|29/100|[from] drain|[of] p1b: Garchomp\n|faint|p1b: Garchomp\n|\n|-heal|p2b: Annihilape|35/100|[from] item: Leftovers\n|upkeep\n|turn|8\n|\n|t:|1788379623\n|move|p1a: Talonflame|Dual Wingbeat|p2b: Annihilape\n|-supereffective|p2b: Annihilape|1\n|-damage|p2b: Annihilape|17/100\n|-supereffective|p2b: Annihilape|1\n|-damage|p2b: Annihilape|0 fnt\n|faint|p2b: Annihilape\n|-hitcount|p2: Annihilape|2\n|\n|win|TheCrimsonPoet934\n|raw|TheCrimsonPoet934's rating: 1150 &rarr; <strong>1173</strong><br />(+23 for winning)\n|raw|KallumZ-A's rating: 1129 &rarr; <strong>1106</strong><br />(-23 for losing)\n|c|☆TheCrimsonPoet934|gg\n","uploadtime":1788379628,"views":"3","formatid":"gen9championsvgc2026regmb","rating":1106,"private":0,"password":null}