{"id":"gen9championsvgc2026regmb-2674600882","format":"[Gen 9 Champions] VGC 2026 Reg M-B","players":["Joan35","gonegeb"],"log":"|j|☆Joan35\n|j|☆gonegeb\n|t:|1788378818\n|gametype|doubles\n|player|p1|Joan35|jogger|1188\n|player|p2|gonegeb|corbeau|1267\n|gen|9\n|tier|[Gen 9 Champions] VGC 2026 Reg M-B\n|rated|\n|rule|Species Clause: Limit one of each Pokémon\n|rule|Item Clause: Limit 1 of each item\n|clearpoke\n|poke|p1|Staraptor, L50, F|\n|poke|p1|Raichu, L50, M|\n|poke|p1|Gholdengo, L50|\n|poke|p1|Garchomp, L50, F|\n|poke|p1|Incineroar, L50, F|\n|poke|p1|Clefable, L50, M|\n|poke|p2|Lucario, L50, M|\n|poke|p2|Umbreon, L50, M, shiny|\n|poke|p2|Arcanine-Hisui, L50, M, shiny|\n|poke|p2|Ceruledge, L50, M|\n|poke|p2|Corviknight, L50, M|\n|poke|p2|Whimsicott, L50, F, shiny|\n|teampreview|4\n|\n|t:|1788378842\n|teamsize|p1|4\n|teamsize|p2|4\n|start\n|switch|p1a: Incineroar|Incineroar, L50, F|100/100\n|switch|p1b: Garchomp|Garchomp, L50, F|100/100\n|switch|p2a: Corviknight|Corviknight, L50, M|100/100\n|switch|p2b: Whimsicott|Whimsicott, L50, F, shiny|100/100\n|-ability|p1a: Incineroar|Intimidate|boost\n|-ability|p2a: Corviknight|Mirror Armor\n|-unboost|p1a: Incineroar|atk|1\n|-unboost|p2b: Whimsicott|atk|1\n|turn|1\n|\n|t:|1788378861\n|move|p1a: Incineroar|Fake Out|p2b: Whimsicott\n|-damage|p2b: Whimsicott|88/100\n|cant|p2b: Whimsicott|flinch\n|move|p1b: Garchomp|Rock Tomb|p2a: Corviknight\n|-damage|p2a: Corviknight|84/100\n|-ability|p2a: Corviknight|Mirror Armor\n|-unboost|p1b: Garchomp|spe|1\n|-damage|p1b: Garchomp|90/100|[from] item: Life Orb\n|move|p2a: Corviknight|Bulk Up|p2a: Corviknight\n|-boost|p2a: Corviknight|atk|1\n|-boost|p2a: Corviknight|def|1\n|\n|upkeep\n|turn|2\n|\n|t:|1788378890\n|move|p1b: Garchomp|Protect|p1b: Garchomp\n|-singleturn|p1b: Garchomp|Protect\n|move|p2b: Whimsicott|Moonblast|p1b: Garchomp\n|-activate|p1b: Garchomp|move: Protect\n|move|p1a: Incineroar|Parting Shot|p2a: Corviknight\n|-ability|p2a: Corviknight|Mirror Armor\n|-unboost|p1a: Incineroar|atk|1\n|-ability|p2a: Corviknight|Mirror Armor\n|-unboost|p1a: Incineroar|spa|1\n|c|☆gonegeb|lol\n|\n|t:|1788378901\n|switch|p1a: Raichu|Raichu, L50, M|100/100|[from] Parting Shot\n|move|p2a: Corviknight|Bulk Up|p2a: Corviknight\n|-boost|p2a: Corviknight|atk|1\n|-boost|p2a: Corviknight|def|1\n|\n|upkeep\n|turn|3\n|\n|t:|1788378917\n|move|p2b: Whimsicott|Tailwind|p2b: Whimsicott\n|-sidestart|p2: gonegeb|move: Tailwind\n|move|p1a: Raichu|Encore|p2a: Corviknight\n|-start|p2a: Corviknight|Encore\n|move|p2a: Corviknight|Bulk Up|p2a: Corviknight\n|-boost|p2a: Corviknight|atk|1\n|-boost|p2a: Corviknight|def|1\n|move|p1b: Garchomp|Rock Tomb|p2b: Whimsicott\n|-damage|p2b: Whimsicott|45/100\n|-unboost|p2b: Whimsicott|spe|1\n|-damage|p1b: Garchomp|80/100|[from] item: Life Orb\n|\n|upkeep\n|turn|4\n|\n|t:|1788378936\n|move|p2b: Whimsicott|Moonblast|p1a: Raichu\n|-crit|p1a: Raichu\n|-damage|p1a: Raichu|18/100\n|move|p1a: Raichu|Volt Switch|p2a: Corviknight\n|-supereffective|p2a: Corviknight|1\n|-damage|p2a: Corviknight|24/100\n|\n|t:|1788378945\n|switch|p1a: Staraptor|Staraptor, L50, F|100/100|[from] Volt Switch\n|-ability|p1a: Staraptor|Intimidate|boost\n|-ability|p2a: Corviknight|Mirror Armor\n|-unboost|p1a: Staraptor|atk|1\n|-unboost|p2b: Whimsicott|atk|1\n|move|p2a: Corviknight|Bulk Up|p2a: Corviknight\n|-boost|p2a: Corviknight|atk|1\n|-boost|p2a: Corviknight|def|1\n|move|p1b: Garchomp|Rock Tomb|p2b: Whimsicott\n|-damage|p2b: Whimsicott|2/100\n|-unboost|p2b: Whimsicott|spe|1\n|-damage|p1b: Garchomp|70/100|[from] item: Life Orb\n|\n|upkeep\n|turn|5\n|\n|t:|1788378966\n|detailschange|p1a: Staraptor|Staraptor-Mega, L50, F\n|-mega|p1a: Staraptor|Staraptor|Staraptite\n|move|p1a: Staraptor|Close Combat|p2a: Corviknight\n|-damage|p2a: Corviknight|15/100\n|-boost|p1a: Staraptor|def|1\n|-boost|p1a: Staraptor|spd|1\n|move|p2a: Corviknight|Bulk Up|p2a: Corviknight\n|-boost|p2a: Corviknight|atk|1\n|-boost|p2a: Corviknight|def|1\n|move|p2b: Whimsicott|Moonblast|p1a: Staraptor\n|-supereffective|p1a: Staraptor|1\n|-damage|p1a: Staraptor|45/100\n|move|p1b: Garchomp|Rock Tomb|p2b: Whimsicott\n|-damage|p2b: Whimsicott|0 fnt\n|faint|p2b: Whimsicott\n|-damage|p1b: Garchomp|60/100|[from] item: Life Orb\n|\n|-end|p2a: Corviknight|Encore\n|upkeep\n|\n|t:|1788378973\n|switch|p2b: Lucario|Lucario, L50, M|100/100\n|turn|6\n|\n|t:|1788378995\n|detailschange|p2b: Lucario|Lucario-Mega, L50, M\n|-mega|p2b: Lucario|Lucario|Lucarionite\n|move|p1a: Staraptor|Protect|p1a: Staraptor\n|-singleturn|p1a: Staraptor|Protect\n|move|p2b: Lucario|Close Combat|p1b: Garchomp\n|-damage|p1b: Garchomp|0 fnt\n|-unboost|p2b: Lucario|def|1\n|-unboost|p2b: Lucario|spd|1\n|-damage|p2b: Lucario|87/100|[from] ability: Rough Skin|[of] p1b: Garchomp\n|faint|p1b: Garchomp\n|move|p2a: Corviknight|Roost|p2a: Corviknight\n|-heal|p2a: Corviknight|65/100\n|-singleturn|p2a: Corviknight|move: Roost\n|\n|-sideend|p2: gonegeb|move: Tailwind\n|upkeep\n|-message|Joan35 forfeited.\n|\n|win|gonegeb\n|raw|Joan35's rating: 1188 &rarr; <strong>1169</strong><br />(-19 for losing)\n|raw|gonegeb's rating: 1267 &rarr; <strong>1286</strong><br />(+19 for winning)\n|l|☆Joan35\n|player|p1|\n","uploadtime":1788379010,"views":"3","formatid":"gen9championsvgc2026regmb","rating":1169,"private":0,"password":null}