{"id":"gen9championsvgc2026regmb-2673875438","format":"[Gen 9 Champions] VGC 2026 Reg M-B","players":["GentlemanYone","Troubleman Bill"],"log":"|j|‽GentlemanYone\n|j|☆Troubleman Bill\n|t:|1788271762\n|gametype|doubles\n|player|p1|GentlemanYone|101|1461\n|player|p2|Troubleman Bill|clerk|1446\n|gen|9\n|tier|[Gen 9 Champions] VGC 2026 Reg M-B\n|rated|\n|rule|Species Clause: Limit one of each Pokémon\n|rule|Item Clause: Limit 1 of each item\n|clearpoke\n|poke|p1|Tyranitar, L50, M|\n|poke|p1|Excadrill, L50, M|\n|poke|p1|Milotic, L50, F|\n|poke|p1|Gholdengo, L50|\n|poke|p1|Sinistcha, L50|\n|poke|p1|Staraptor, L50, F|\n|poke|p2|Swampert, L50, M|\n|poke|p2|Altaria, L50, F|\n|poke|p2|Gengar, L50, F|\n|poke|p2|Incineroar, L50, F|\n|poke|p2|Pelipper, L50, M|\n|poke|p2|Archaludon, L50, M|\n|teampreview|4\n|\n|t:|1788271866\n|teamsize|p1|4\n|teamsize|p2|4\n|start\n|switch|p1a: Gholdengo|Gholdengo, L50|100/100\n|switch|p1b: Sinistcha|Sinistcha, L50|100/100\n|switch|p2a: Gengar|Gengar, L50, F|100/100\n|switch|p2b: Incineroar|Incineroar, L50, F|100/100\n|-ability|p2b: Incineroar|Intimidate|boost\n|-unboost|p1a: Gholdengo|atk|1\n|-unboost|p1b: Sinistcha|atk|1\n|turn|1\n|\n|t:|1788271946\n|detailschange|p2a: Gengar|Gengar-Mega, L50, F\n|-mega|p2a: Gengar|Gengar|Gengarite\n|move|p2a: Gengar|Shadow Ball|p1b: Sinistcha\n|-supereffective|p1b: Sinistcha|1\n|-damage|p1b: Sinistcha|2/100\n|move|p1a: Gholdengo|Shadow Ball|p2a: Gengar\n|-supereffective|p2a: Gengar|1\n|-damage|p2a: Gengar|0 fnt\n|faint|p2a: Gengar\n|-damage|p1a: Gholdengo|90/100|[from] item: Life Orb\n|move|p2b: Incineroar|Darkest Lariat|p1b: Sinistcha\n|-supereffective|p1b: Sinistcha|1\n|-enditem|p1b: Sinistcha|Colbur Berry|[eat]\n|-enditem|p1b: Sinistcha|Colbur Berry|[weaken]\n|-damage|p1b: Sinistcha|0 fnt\n|faint|p1b: Sinistcha\n|\n|upkeep\n|\n|t:|1788271969\n|switch|p2a: Archaludon|Archaludon, L50, M|100/100\n|switch|p1b: Staraptor|Staraptor, L50, F|100/100\n|-ability|p1b: Staraptor|Intimidate|boost\n|-unboost|p2a: Archaludon|atk|1\n|-unboost|p2b: Incineroar|atk|1\n|turn|2\n|inactive|Battle timer is ON: inactive players will automatically lose when time's up. (requested by Troubleman Bill)\n|\n|t:|1788272008\n|move|p1b: Staraptor|Protect|p1b: Staraptor\n|-singleturn|p1b: Staraptor|Protect\n|move|p2a: Archaludon|Protect|p2a: Archaludon\n|-singleturn|p2a: Archaludon|Protect\n|move|p1a: Gholdengo|Nasty Plot|p1a: Gholdengo\n|-boost|p1a: Gholdengo|spa|2\n|move|p2b: Incineroar|Darkest Lariat|p1a: Gholdengo\n|-supereffective|p1a: Gholdengo|1\n|-damage|p1a: Gholdengo|42/100\n|\n|upkeep\n|turn|3\n|inactive|Troubleman Bill has 30 seconds left.\n|\n|t:|1788272035\n|switch|p2a: Pelipper|Pelipper, L50, M|100/100\n|-weather|RainDance|[from] ability: Drizzle|[of] p2a: Pelipper\n|detailschange|p1b: Staraptor|Staraptor-Mega, L50, F\n|-mega|p1b: Staraptor|Staraptor|Staraptite\n|move|p1b: Staraptor|Close Combat|p2a: Pelipper\n|-resisted|p2a: Pelipper|1\n|-damage|p2a: Pelipper|67/100\n|-boost|p1b: Staraptor|def|1\n|-boost|p1b: Staraptor|spd|1\n|move|p1a: Gholdengo|Shadow Ball|p2a: Pelipper\n|-damage|p2a: Pelipper|0 fnt\n|faint|p2a: Pelipper\n|-damage|p1a: Gholdengo|32/100|[from] item: Life Orb\n|move|p2b: Incineroar|Darkest Lariat|p1a: Gholdengo\n|-supereffective|p1a: Gholdengo|1\n|-damage|p1a: Gholdengo|0 fnt\n|faint|p1a: Gholdengo\n|\n|-weather|RainDance|[upkeep]\n|upkeep\n|\n|t:|1788272058\n|switch|p1a: Excadrill|Excadrill, L50, M|100/100\n|switch|p2a: Archaludon|Archaludon, L50, M|100/100\n|turn|4\n|inactive|GentlemanYone has 30 seconds left.\n|inactive|Troubleman Bill has 30 seconds left.\n|inactive|GentlemanYone has 20 seconds left.\n|inactive|GentlemanYone has 15 seconds left.\n|inactive|GentlemanYone has 10 seconds left.\n|inactive|GentlemanYone has 5 seconds left.\n|\n|t:|1788272108\n|move|p2a: Archaludon|Protect|p2a: Archaludon\n|-singleturn|p2a: Archaludon|Protect\n|move|p1b: Staraptor|Close Combat|p2a: Archaludon\n|-activate|p2a: Archaludon|move: Protect\n|move|p1a: Excadrill|High Horsepower|p2b: Incineroar\n|-supereffective|p2b: Incineroar|1\n|-damage|p2b: Incineroar|3/100\n|-enditem|p2b: Incineroar|Sitrus Berry|[eat]\n|-heal|p2b: Incineroar|28/100|[from] item: Sitrus Berry\n|move|p2b: Incineroar|Parting Shot|p1a: Excadrill\n|-unboost|p1a: Excadrill|atk|1\n|-unboost|p1a: Excadrill|spa|1\n|\n|-weather|RainDance|[upkeep]\n|upkeep\n|turn|5\n|inactive|GentlemanYone has 30 seconds left.\n|\n|t:|1788272143\n|move|p1b: Staraptor|Close Combat|p2a: Archaludon\n|-supereffective|p2a: Archaludon|1\n|-damage|p2a: Archaludon|27/100\n|-boost|p1b: Staraptor|def|1\n|-boost|p1b: Staraptor|spd|1\n|-ability|p2a: Archaludon|Stamina|boost\n|-boost|p2a: Archaludon|def|1\n|move|p1a: Excadrill|High Horsepower|p2a: Archaludon\n|-supereffective|p2a: Archaludon|1\n|-damage|p2a: Archaludon|0 fnt\n|faint|p2a: Archaludon\n|move|p2b: Incineroar|Darkest Lariat|p1b: Staraptor\n|-resisted|p1b: Staraptor|1\n|-damage|p1b: Staraptor|86/100\n|\n|-weather|RainDance|[upkeep]\n|upkeep\n|turn|6\n|-message|Troubleman Bill forfeited.\n|\n|win|GentlemanYone\n|raw|GentlemanYone's rating: 1461 &rarr; <strong>1480</strong><br />(+19 for winning)\n|raw|Troubleman Bill's rating: 1446 &rarr; <strong>1427</strong><br />(-19 for losing)\n|l|☆Troubleman Bill\n|player|p2|\n","uploadtime":1788272163,"views":"11","formatid":"gen9championsvgc2026regmb","rating":1427,"private":0,"password":null}