{"id":"gen9championsvgc2026regmb-2673984043","format":"[Gen 9 Champions] VGC 2026 Reg M-B","players":["croixmer","ale_z_plumber"],"log":"|j|☆croixmer\n|j|☆ale_z_plumber\n|t:|1788284814\n|gametype|doubles\n|player|p1|croixmer|265|1506\n|player|p2|ale_z_plumber|102|1438\n|gen|9\n|tier|[Gen 9 Champions] VGC 2026 Reg M-B\n|rated|\n|rule|Species Clause: Limit one of each Pokémon\n|rule|Item Clause: Limit 1 of each item\n|clearpoke\n|poke|p1|Mawile, L50, F|\n|poke|p1|Aerodactyl, L50, F|\n|poke|p1|Farigiraf, L50, M|\n|poke|p1|Garchomp, L50, M|\n|poke|p1|Blastoise, L50, M|\n|poke|p1|Sylveon, L50, M|\n|poke|p2|Tyranitar, L50, F|\n|poke|p2|Excadrill, L50, F|\n|poke|p2|Rotom-Wash, L50|\n|poke|p2|Sinistcha, L50|\n|poke|p2|Dragonite, L50, F|\n|poke|p2|Sylveon, L50, M|\n|teampreview|4\n|\n|t:|1788284853\n|teamsize|p1|4\n|teamsize|p2|4\n|start\n|switch|p1a: Aerodactyl|Aerodactyl, L50, F|100/100\n|switch|p1b: Faith|Garchomp, L50, M|100/100\n|switch|p2a: Rotom|Rotom-Wash, L50|100/100\n|switch|p2b: Dragonite|Dragonite, L50, F|100/100\n|-ability|p1a: Aerodactyl|Unnerve\n|turn|1\n|\n|t:|1788284874\n|move|p2b: Dragonite|Protect|p2b: Dragonite\n|-singleturn|p2b: Dragonite|Protect\n|move|p1b: Faith|Dragon Claw|p2b: Dragonite\n|-activate|p2b: Dragonite|move: Protect\n|move|p2a: Rotom|Will-O-Wisp|p1b: Faith\n|-status|p1b: Faith|brn\n|move|p1a: Aerodactyl|Rock Slide|p2a: Rotom|[spread] p2a\n|-activate|p2b: Dragonite|move: Protect\n|-damage|p2a: Rotom|72/100\n|\n|-damage|p1b: Faith|94/100 brn|[from] brn\n|upkeep\n|turn|2\n|\n|t:|1788284893\n|move|p1b: Faith|Dragon Claw|p2b: Dragonite\n|-supereffective|p2b: Dragonite|1\n|-damage|p2b: Dragonite|75/100\n|move|p2a: Rotom|Will-O-Wisp|p1a: Aerodactyl\n|-status|p1a: Aerodactyl|brn\n|move|p1a: Aerodactyl|Tailwind|p1a: Aerodactyl\n|-sidestart|p1: croixmer|move: Tailwind\n|move|p2b: Dragonite|Dragon Claw|p1b: Faith\n|-supereffective|p1b: Faith|1\n|-damage|p1b: Faith|0 fnt\n|-damage|p2b: Dragonite|62/100|[from] ability: Rough Skin|[of] p1b: Faith\n|faint|p1b: Faith\n|-damage|p2b: Dragonite|53/100|[from] item: Life Orb\n|\n|-damage|p1a: Aerodactyl|94/100 brn|[from] brn\n|upkeep\n|\n|t:|1788284902\n|switch|p1b: Sylveon|Sylveon, L50, M|100/100\n|turn|3\n|\n|t:|1788284915\n|switch|p2a: Sinistcha|Sinistcha, L50|100/100\n|-heal|p2b: Dragonite|78/100|[from] ability: Hospitality|[of] p2a: Sinistcha\n|move|p2b: Dragonite|Protect|p2b: Dragonite\n|-singleturn|p2b: Dragonite|Protect\n|move|p1a: Aerodactyl|Rock Slide|p2b: Dragonite|[spread] p2a\n|-activate|p2b: Dragonite|move: Protect\n|-damage|p2a: Sinistcha|89/100\n|move|p1b: Sylveon|Moonblast|p2a: Sinistcha\n|-damage|p2a: Sinistcha|38/100\n|-unboost|p2a: Sinistcha|spa|1\n|\n|-heal|p2a: Sinistcha|44/100|[from] item: Leftovers\n|-damage|p1a: Aerodactyl|88/100 brn|[from] brn\n|upkeep\n|turn|4\n|\n|t:|1788284958\n|move|p2b: Dragonite|Extreme Speed|p1b: Sylveon\n|-damage|p1b: Sylveon|43/100\n|-damage|p2b: Dragonite|68/100|[from] item: Life Orb\n|move|p1a: Aerodactyl|Rock Slide|p2a: Sinistcha|[spread] p2a,p2b\n|-supereffective|p2b: Dragonite|1\n|-damage|p2a: Sinistcha|32/100\n|-damage|p2b: Dragonite|39/100\n|move|p1b: Sylveon|Hyper Voice|p2b: Dragonite|[spread] p2a,p2b\n|-supereffective|p2b: Dragonite|1\n|-damage|p2a: Sinistcha|0 fnt\n|-damage|p2b: Dragonite|0 fnt\n|faint|p2a: Sinistcha\n|faint|p2b: Dragonite\n|\n|-damage|p1a: Aerodactyl|82/100 brn|[from] brn\n|upkeep\n|\n|t:|1788284973\n|switch|p2b: Excadrill|Excadrill, L50, F|100/100\n|switch|p2a: Rotom|Rotom-Wash, L50|72/100\n|turn|5\n|\n|t:|1788284981\n|move|p1a: Aerodactyl|Protect|p1a: Aerodactyl\n|-singleturn|p1a: Aerodactyl|Protect\n|move|p1b: Sylveon|Hyper Voice|p2a: Rotom|[spread] p2a,p2b\n|-resisted|p2b: Excadrill|1\n|-damage|p2a: Rotom|17/100\n|-damage|p2b: Excadrill|73/100\n|move|p2a: Rotom|Thunderbolt|p1a: Aerodactyl\n|-activate|p1a: Aerodactyl|move: Protect\n|move|p2b: Excadrill|Iron Head|p1b: Sylveon\n|-supereffective|p1b: Sylveon|1\n|-damage|p1b: Sylveon|0 fnt\n|faint|p1b: Sylveon\n|\n|-damage|p1a: Aerodactyl|76/100 brn|[from] brn\n|-sideend|p1: croixmer|move: Tailwind\n|upkeep\n|\n|t:|1788284992\n|switch|p1b: Kendra|Blastoise, L50, M|100/100\n|turn|6\n|\n|t:|1788285007\n|detailschange|p1b: Kendra|Blastoise-Mega, L50, M\n|-mega|p1b: Kendra|Blastoise|Blastoisinite\n|move|p2a: Rotom|Thunderbolt|p1b: Kendra\n|-supereffective|p1b: Kendra|1\n|-damage|p1b: Kendra|30/100\n|move|p1a: Aerodactyl|Tailwind|p1a: Aerodactyl\n|-sidestart|p1: croixmer|move: Tailwind\n|move|p1b: Kendra|Dark Pulse|p2a: Rotom\n|-damage|p2a: Rotom|0 fnt\n|faint|p2a: Rotom\n|move|p2b: Excadrill|Iron Head|p1a: Aerodactyl\n|-supereffective|p1a: Aerodactyl|1\n|-damage|p1a: Aerodactyl|0 fnt\n|faint|p1a: Aerodactyl\n|\n|upkeep\n|turn|7\n|\n|t:|1788285021\n|move|p1b: Kendra|Aura Sphere|p2b: Excadrill\n|-supereffective|p2b: Excadrill|1\n|-damage|p2b: Excadrill|0 fnt\n|faint|p2b: Excadrill\n|\n|win|croixmer\n|raw|croixmer's rating: 1506 &rarr; <strong>1522</strong><br />(+16 for winning)\n|raw|ale_z_plumber's rating: 1438 &rarr; <strong>1422</strong><br />(-16 for losing)\n|l|☆croixmer\n|player|p1|\n","uploadtime":1788285044,"views":"0","formatid":"gen9championsvgc2026regmb","rating":1422,"private":0,"password":null}