{"id":"gen9championsvgc2026regmb-2674963812","format":"[Gen 9 Champions] VGC 2026 Reg M-B","players":["Walkertiw","TreyBayBay"],"log":"|j|☆Walkertiw\n|j|☆TreyBayBay\n|t:|1788442699\n|gametype|doubles\n|player|p1|Walkertiw|169|1303\n|player|p2|TreyBayBay|ninjaboy|1332\n|gen|9\n|tier|[Gen 9 Champions] VGC 2026 Reg M-B\n|rated|\n|rule|Species Clause: Limit one of each Pokémon\n|rule|Item Clause: Limit 1 of each item\n|clearpoke\n|poke|p1|Delphox, L50, M|\n|poke|p1|Vanilluxe, L50, F|\n|poke|p1|Floette-Eternal, L50, F|\n|poke|p1|Sinistcha, L50|\n|poke|p1|Milotic, L50, F|\n|poke|p1|Incineroar, L50, M|\n|poke|p2|Eelektross, L50, F|\n|poke|p2|Oranguru, L50, M|\n|poke|p2|Sylveon, L50, F, shiny|\n|poke|p2|Rampardos, L50, F|\n|poke|p2|Heracross, L50, M|\n|poke|p2|Grimmsnarl, L50, M|\n|teampreview|4\n|\n|t:|1788442732\n|teamsize|p1|4\n|teamsize|p2|4\n|start\n|switch|p1a: Delphox|Delphox, L50, M|100/100\n|switch|p1b: Incineroar|Incineroar, L50, M|100/100\n|switch|p2a: Oranguru|Oranguru, L50, M|100/100\n|switch|p2b: Grimmsnarl|Grimmsnarl, L50, M|100/100\n|-ability|p1b: Incineroar|Intimidate|boost\n|-fail|p2a: Oranguru|unboost|atk|[from] ability: Inner Focus|[of] p2a: Oranguru\n|-unboost|p2b: Grimmsnarl|atk|1\n|turn|1\n|inactive|Battle timer is ON: inactive players will automatically lose when time's up. (requested by Walkertiw)\n|\n|t:|1788442747\n|move|p1b: Incineroar|Fake Out|p2b: Grimmsnarl\n|-damage|p2b: Grimmsnarl|89/100\n|cant|p2b: Grimmsnarl|flinch\n|move|p1a: Delphox|Nasty Plot|p1a: Delphox\n|-boost|p1a: Delphox|spa|2\n|move|p2a: Oranguru|Trick Room|p2a: Oranguru\n|-fieldstart|move: Trick Room|[of] p2a: Oranguru\n|\n|upkeep\n|turn|2\n|\n|t:|1788442765\n|move|p2a: Oranguru|Protect|p2a: Oranguru\n|-singleturn|p2a: Oranguru|Protect\n|move|p2b: Grimmsnarl|Parting Shot|p1a: Delphox\n|-unboost|p1a: Delphox|atk|1\n|-unboost|p1a: Delphox|spa|1\n|\n|t:|1788442772\n|switch|p2b: Rampardos|Rampardos, L50, F|100/100|[from] Parting Shot\n|move|p1b: Incineroar|Flare Blitz|p2b: Rampardos\n|-resisted|p2b: Rampardos|1\n|-damage|p2b: Rampardos|67/100\n|-damage|p1b: Incineroar|89/100|[from] Recoil\n|move|p1a: Delphox|Heat Wave|p2a: Oranguru|[spread] p2b\n|-activate|p2a: Oranguru|move: Protect\n|-resisted|p2b: Rampardos|1\n|-damage|p2b: Rampardos|38/100\n|-status|p2b: Rampardos|brn\n|\n|-damage|p2b: Rampardos|32/100 brn|[from] brn\n|upkeep\n|turn|3\n|\n|t:|1788442789\n|move|p1a: Delphox|Protect|p1a: Delphox\n|-singleturn|p1a: Delphox|Protect\n|move|p2b: Rampardos|Rock Slide|p1b: Incineroar|[spread] p1b\n|-activate|p1a: Delphox|move: Protect\n|-supereffective|p1b: Incineroar|1\n|-damage|p1b: Incineroar|38/100\n|-enditem|p1b: Incineroar|Sitrus Berry|[eat]\n|-heal|p1b: Incineroar|62/100|[from] item: Sitrus Berry\n|move|p2a: Oranguru|Instruct|p2b: Rampardos\n|-singleturn|p2b: Rampardos|move: Instruct|[of] p2a: Oranguru\n|move|p2b: Rampardos|Rock Slide|p1a: Delphox|[spread] \n|-activate|p1a: Delphox|move: Protect\n|-miss|p2b: Rampardos|p1b: Incineroar\n|move|p1b: Incineroar|Parting Shot|p2a: Oranguru\n|-unboost|p2a: Oranguru|atk|1\n|-unboost|p2a: Oranguru|spa|1\n|\n|t:|1788442803\n|switch|p1b: Sinistcha|Sinistcha, L50|100/100|[from] Parting Shot\n|\n|-damage|p2b: Rampardos|26/100 brn|[from] brn\n|upkeep\n|turn|4\n|\n|t:|1788442814\n|switch|p1b: Incineroar|Incineroar, L50, M|62/100\n|-ability|p1b: Incineroar|Intimidate|boost\n|-fail|p2a: Oranguru|unboost|atk|[from] ability: Inner Focus|[of] p2a: Oranguru\n|-unboost|p2b: Rampardos|atk|1\n|move|p2b: Rampardos|Rock Slide|p1a: Delphox|[spread] p1a,p1b\n|-supereffective|p1a: Delphox|1\n|-supereffective|p1b: Incineroar|1\n|-damage|p1a: Delphox|42/100\n|-damage|p1b: Incineroar|27/100\n|move|p2a: Oranguru|Psychic Noise|p1b: Incineroar\n|-immune|p1b: Incineroar\n|move|p1a: Delphox|Heat Wave|p2b: Rampardos|[spread] p2a\n|-miss|p1a: Delphox|p2b: Rampardos\n|-damage|p2a: Oranguru|65/100\n|\n|-damage|p2b: Rampardos|20/100y brn|[from] brn\n|upkeep\n|turn|5\n|\n|t:|1788442839\n|move|p2a: Oranguru|Protect|p2a: Oranguru\n|-singleturn|p2a: Oranguru|Protect\n|move|p1b: Incineroar|Fake Out|p2b: Rampardos\n|-resisted|p2b: Rampardos|1\n|-damage|p2b: Rampardos|13/100 brn\n|cant|p2b: Rampardos|flinch\n|move|p1a: Delphox|Heat Wave|p2b: Rampardos|[spread] p2b\n|-activate|p2a: Oranguru|move: Protect\n|-resisted|p2b: Rampardos|1\n|-damage|p2b: Rampardos|0 fnt\n|faint|p2b: Rampardos\n|\n|-fieldend|move: Trick Room\n|upkeep\n|\n|t:|1788442852\n|switch|p2b: Grimmsnarl|Grimmsnarl, L50, M|89/100\n|turn|6\n|\n|t:|1788442858\n|move|p2b: Grimmsnarl|Fake Out|p1a: Delphox\n|-damage|p1a: Delphox|27/100\n|cant|p1a: Delphox|flinch\n|move|p1b: Incineroar|Flare Blitz|p2a: Oranguru\n|-crit|p2a: Oranguru\n|-damage|p2a: Oranguru|11/100\n|-damage|p1b: Incineroar|9/100|[from] Recoil\n|move|p2a: Oranguru|Trick Room|p2a: Oranguru\n|-fieldstart|move: Trick Room|[of] p2a: Oranguru\n|\n|upkeep\n|turn|7\n|\n|t:|1788442870\n|move|p2a: Oranguru|Protect|p2a: Oranguru\n|-singleturn|p2a: Oranguru|Protect\n|move|p2b: Grimmsnarl|Spirit Break|p1b: Incineroar\n|-damage|p1b: Incineroar|0 fnt\n|faint|p1b: Incineroar\n|move|p1a: Delphox|Heat Wave|p2b: Grimmsnarl|[spread] p2b\n|-activate|p2a: Oranguru|move: Protect\n|-damage|p2b: Grimmsnarl|28/100\n|-enditem|p2b: Grimmsnarl|Sitrus Berry|[eat]\n|-heal|p2b: Grimmsnarl|53/100|[from] item: Sitrus Berry\n|\n|upkeep\n|\n|t:|1788442877\n|switch|p1b: Floette|Floette-Eternal, L50, F|100/100\n|turn|8\n|\n|t:|1788442895\n|detailschange|p1b: Floette|Floette-Mega, L50, F\n|-mega|p1b: Floette|Floette|Floettite\n|-ability|p1b: Floette|Fairy Aura\n|move|p1a: Delphox|Protect|p1a: Delphox\n|-singleturn|p1a: Delphox|Protect\n|move|p2a: Oranguru|Psychic Noise|p1a: Delphox\n|-activate|p1a: Delphox|move: Protect\n|move|p2b: Grimmsnarl|Spirit Break|p1b: Floette\n|-damage|p1b: Floette|55/100\n|-unboost|p1b: Floette|spa|1\n|move|p1b: Floette|Dazzling Gleam|p2a: Oranguru|[spread] p2a,p2b\n|-supereffective|p2b: Grimmsnarl|1\n|-damage|p2a: Oranguru|0 fnt\n|-damage|p2b: Grimmsnarl|1/100\n|faint|p2a: Oranguru\n|\n|upkeep\n|\n|t:|1788442912\n|switch|p2a: Heracross|Heracross, L50, M|100/100\n|turn|9\n|\n|t:|1788442928\n|switch|p1a: Sinistcha|Sinistcha, L50|100/100\n|-heal|p1b: Floette|79/100|[from] ability: Hospitality|[of] p1a: Sinistcha\n|detailschange|p2a: Heracross|Heracross-Mega, L50, M\n|-mega|p2a: Heracross|Heracross|Heracronite\n|move|p1b: Floette|Protect|p1b: Floette\n|-singleturn|p1b: Floette|Protect\n|move|p2b: Grimmsnarl|Spirit Break|p1b: Floette\n|-activate|p1b: Floette|move: Protect\n|move|p2a: Heracross|Pin Missile|p1a: Sinistcha\n|-damage|p1a: Sinistcha|83/100\n|-damage|p1a: Sinistcha|64/100\n|-damage|p1a: Sinistcha|49/100\n|-damage|p1a: Sinistcha|30/100\n|-damage|p1a: Sinistcha|12/100\n|-hitcount|p1a: Sinistcha|5\n|\n|upkeep\n|turn|10\n|inactive|Walkertiw has 30 seconds left.\n|\n|t:|1788442955\n|move|p1a: Sinistcha|Rage Powder|p1a: Sinistcha\n|-singleturn|p1a: Sinistcha|move: Rage Powder\n|move|p2b: Grimmsnarl|Spirit Break|p1a: Sinistcha\n|-damage|p1a: Sinistcha|0 fnt\n|faint|p1a: Sinistcha\n|move|p2a: Heracross|Pin Missile|p1b: Floette\n|-resisted|p1b: Floette|1\n|-damage|p1b: Floette|69/100\n|-resisted|p1b: Floette|1\n|-damage|p1b: Floette|57/100\n|-resisted|p1b: Floette|1\n|-damage|p1b: Floette|47/100\n|-resisted|p1b: Floette|1\n|-damage|p1b: Floette|37/100\n|-resisted|p1b: Floette|1\n|-damage|p1b: Floette|26/100\n|-hitcount|p1b: Floette|5\n|move|p1b: Floette|Dazzling Gleam|p2b: Grimmsnarl|[spread] p2a,p2b\n|-supereffective|p2a: Heracross|1\n|-supereffective|p2b: Grimmsnarl|1\n|-damage|p2a: Heracross|48/100\n|-damage|p2b: Grimmsnarl|0 fnt\n|faint|p2b: Grimmsnarl\n|\n|-fieldend|move: Trick Room\n|upkeep\n|\n|t:|1788442957\n|switch|p1a: Delphox|Delphox, L50, M|27/100\n|turn|11\n|c|☆Walkertiw|Gg\n|c|☆TreyBayBay|shoulda rock blasted\n|c|☆TreyBayBay|GGs\n|\n|t:|1788442976\n|move|p1a: Delphox|Psychic|p2a: Heracross\n|-supereffective|p2a: Heracross|1\n|-damage|p2a: Heracross|0 fnt\n|faint|p2a: Heracross\n|\n|win|Walkertiw\n|raw|Walkertiw's rating: 1303 &rarr; <strong>1325</strong><br />(+22 for winning)\n|raw|TreyBayBay's rating: 1332 &rarr; <strong>1310</strong><br />(-22 for losing)\n|l|☆TreyBayBay\n|player|p2|\n","uploadtime":1788443013,"views":"1","formatid":"gen9championsvgc2026regmb","rating":1310,"private":0,"password":null}