{"id":"gen9championsvgc2026regmb-2674064290","format":"[Gen 9 Champions] VGC 2026 Reg M-B","players":["m3troGoonin","heilwoguiwhjnf"],"log":"|j|☆m3troGoonin\n|j|☆heilwoguiwhjnf\n|t:|1788294347\n|gametype|doubles\n|player|p1|m3troGoonin|101|1465\n|player|p2|heilwoguiwhjnf|170|1390\n|gen|9\n|tier|[Gen 9 Champions] VGC 2026 Reg M-B\n|rated|\n|rule|Species Clause: Limit one of each Pokémon\n|rule|Item Clause: Limit 1 of each item\n|clearpoke\n|poke|p1|Scovillain, L50, F, shiny|\n|poke|p1|Basculegion, L50, M|\n|poke|p1|Kingambit, L50, F|\n|poke|p1|Sneasler, L50, F|\n|poke|p1|Lycanroc-Dusk, L50, F|\n|poke|p1|Froslass, L50, F|\n|poke|p2|Whimsicott, L50, M|\n|poke|p2|Sylveon, L50, M|\n|poke|p2|Gyarados, L50, M|\n|poke|p2|Raichu, L50, M|\n|poke|p2|Garchomp, L50, F|\n|poke|p2|Gholdengo, L50|\n|teampreview|4\n|inactive|Battle timer is ON: inactive players will automatically lose when time's up. (requested by m3troGoonin)\n|inactive|heilwoguiwhjnf also wants the timer to be on.\nheilwoguiwhjnf has agreed to open team sheets.\n|\n|t:|1788294443\n|teamsize|p1|4\n|teamsize|p2|4\n|start\n|switch|p1a: Scovillain|Scovillain, L50, F, shiny|100/100\n|switch|p1b: Kingambit|Kingambit, L50, F|100/100\n|switch|p2a: Whimsicott|Whimsicott, L50, M|100/100\n|switch|p2b: Sylveon|Sylveon, L50, M|100/100\n|turn|1\n|inactive|m3troGoonin has 30 seconds left.\n|inactive|m3troGoonin has 20 seconds left.\n|inactive|m3troGoonin has 15 seconds left.\n|inactive|m3troGoonin has 10 seconds left.\n|\n|t:|1788294492\n|detailschange|p1a: Scovillain|Scovillain-Mega, L50, F, shiny\n|-mega|p1a: Scovillain|Scovillain|Scovillainite\n|move|p2b: Sylveon|Protect|p2b: Sylveon\n|-singleturn|p2b: Sylveon|Protect\n|move|p2a: Whimsicott|Moonblast|p1b: Kingambit\n|-damage|p1b: Kingambit|67/100\n|move|p1a: Scovillain|Overheat|p2a: Whimsicott\n|-supereffective|p2a: Whimsicott|1\n|-enditem|p2a: Whimsicott|Focus Sash\n|-damage|p2a: Whimsicott|1/100\n|-unboost|p1a: Scovillain|spa|2\n|move|p1b: Kingambit|Kowtow Cleave|p2a: Whimsicott\n|-resisted|p2a: Whimsicott|1\n|-damage|p2a: Whimsicott|0 fnt\n|faint|p2a: Whimsicott\n|\n|upkeep\n|\n|t:|1788294503\n|switch|p2a: Garchomp|Garchomp, L50, F|100/100\n|turn|2\n|\n|t:|1788294526\n|move|p1a: Scovillain|Rage Powder|p1a: Scovillain\n|-singleturn|p1a: Scovillain|move: Rage Powder\n|move|p2a: Garchomp|Rock Slide|p1b: Kingambit|[spread] p1a,p1b\n|-supereffective|p1a: Scovillain|1\n|-resisted|p1b: Kingambit|1\n|-damage|p1a: Scovillain|49/100\n|-damage|p1b: Kingambit|58/100\n|-status|p2a: Garchomp|brn|[from] ability: Spicy Spray|[of] p1a: Scovillain\n|-damage|p2a: Garchomp|90/100 brn|[from] item: Life Orb\n|move|p2b: Sylveon|Hyper Voice|p1b: Kingambit|[spread] p1a,p1b\n|-resisted|p1a: Scovillain|1\n|-damage|p1a: Scovillain|24/100\n|-damage|p1b: Kingambit|14/100\n|-status|p2b: Sylveon|brn|[from] ability: Spicy Spray|[of] p1a: Scovillain\n|move|p1b: Kingambit|Kowtow Cleave|p2b: Sylveon\n|-resisted|p2b: Sylveon|1\n|-damage|p2b: Sylveon|69/100 brn\n|\n|-damage|p2a: Garchomp|84/100 brn|[from] brn\n|-damage|p2b: Sylveon|63/100 brn|[from] brn\n|upkeep\n|turn|3\n|inactive|m3troGoonin has 30 seconds left.\n|\n|t:|1788294553\n|move|p1a: Scovillain|Protect|p1a: Scovillain\n|-singleturn|p1a: Scovillain|Protect\n|move|p1b: Kingambit|Sucker Punch|p2a: Garchomp\n|-damage|p2a: Garchomp|36/100 brn\n|-damage|p1b: Kingambit|2/100|[from] ability: Rough Skin|[of] p2a: Garchomp\n|move|p2a: Garchomp|Rock Slide|p1b: Kingambit|[spread] p1b\n|-activate|p1a: Scovillain|move: Protect\n|-resisted|p1b: Kingambit|1\n|-crit|p1b: Kingambit\n|-damage|p1b: Kingambit|0 fnt\n|faint|p1b: Kingambit\n|-damage|p2a: Garchomp|26/100 brn|[from] item: Life Orb\n|move|p2b: Sylveon|Hyper Voice|p1a: Scovillain\n|-activate|p1a: Scovillain|move: Protect\n|\n|-damage|p2a: Garchomp|20/100y brn|[from] brn\n|-damage|p2b: Sylveon|57/100 brn|[from] brn\n|upkeep\n|inactive|m3troGoonin has 30 seconds left.\n|\n|t:|1788294578\n|switch|p1b: Basculegion|Basculegion, L50, M|100/100\n|turn|4\n|\n|t:|1788294603\n|move|p2a: Garchomp|Rock Slide|p1b: Basculegion|[spread] p1a,p1b\n|-supereffective|p1a: Scovillain|1\n|-damage|p1a: Scovillain|1/100\n|-damage|p1b: Basculegion|86/100\n|-damage|p2a: Garchomp|10/100 brn|[from] item: Life Orb\n|move|p1b: Basculegion|Last Respects|p2b: Sylveon\n|-damage|p2b: Sylveon|0 fnt\n|faint|p2b: Sylveon\n|-damage|p1b: Basculegion|77/100|[from] item: Life Orb\n|move|p1a: Scovillain|Giga Drain|p2a: Garchomp\n|-damage|p2a: Garchomp|0 fnt\n|-heal|p1a: Scovillain|7/100|[from] drain|[of] p2a: Garchomp\n|faint|p2a: Garchomp\n|\n|upkeep\n|\n|t:|1788294612\n|switch|p2b: Raichu|Raichu, L50, M|100/100\n|turn|5\n|\n|t:|1788294620\n|detailschange|p2b: Raichu|Raichu-Mega-Y, L50, M\n|-mega|p2b: Raichu|Raichu|Raichunite Y\n|move|p1b: Basculegion|Protect|p1b: Basculegion\n|-singleturn|p1b: Basculegion|Protect\n|move|p1a: Scovillain|Protect|p1a: Scovillain\n|-singleturn|p1a: Scovillain|Protect\n|move|p2b: Raichu|Zap Cannon|p1b: Basculegion\n|-activate|p1b: Basculegion|move: Protect\n|\n|upkeep\n|turn|6\n|-message|heilwoguiwhjnf forfeited.\n|\n|win|m3troGoonin\n|raw|m3troGoonin's rating: 1465 &rarr; <strong>1481</strong><br />(+16 for winning)\n|raw|heilwoguiwhjnf's rating: 1390 &rarr; <strong>1374</strong><br />(-16 for losing)\n|l|☆heilwoguiwhjnf\n|player|p2|\n","uploadtime":1788294621,"views":"3","formatid":"gen9championsvgc2026regmb","rating":1374,"private":0,"password":null}