{"id":"gen9championsvgc2026regmbbo3-2674912036","format":"[Gen 9 Champions] VGC 2026 Reg M-B (Bo3)","players":["DroeloeVGC","kingsrowbajax"],"log":"|j|☆DroeloeVGC\n|j|☆kingsrowbajax\n|html|<table width=\"100%\"><tr><td align=\"left\">DroeloeVGC</td><td align=\"right\">kingsrowbajax</tr><tr><td align=\"left\"><i class=\"fa fa-circle-o\"></i> <i class=\"fa fa-circle-o\"></i> </td><td align=\"right\"><i class=\"fa fa-circle-o\"></i> <i class=\"fa fa-circle\"></i> </tr></table>\n|uhtml|bestof|<h2><strong>Game 2</strong> of <a href=\"/game-bestof3-gen9championsvgc2026regmbbo3-2674910510\">a best-of-3</a></h2>\n|t:|1788434611\n|gametype|doubles\n|player|p1|DroeloeVGC|hiker|1218\n|player|p2|kingsrowbajax|101|1275\n|gen|9\n|tier|[Gen 9 Champions] VGC 2026 Reg M-B (Bo3)\n|rated|\n|rule|Species Clause: Limit one of each Pokémon\n|rule|Item Clause: Limit 1 of each item\n|clearpoke\n|poke|p1|Staraptor, L50, F|\n|poke|p1|Whimsicott, L50, M|\n|poke|p1|Kingambit, L50, F|\n|poke|p1|Garchomp, L50, F|\n|poke|p1|Glimmora, L50, F|\n|poke|p1|Delphox, L50, M|\n|poke|p2|Blastoise, L50, M|\n|poke|p2|Delphox, L50, M|\n|poke|p2|Sinistcha-Masterpiece, L50|\n|poke|p2|Sneasler, L50, F|\n|poke|p2|Kingambit, L50, M|\n|poke|p2|Incineroar, L50, M|\n|teampreview|4\n|showteam|p1|Staraptor||Staraptite|Intimidate|BraveBird,CloseCombat,Roost,Protect|Jolly||F|||50|]Whimsicott||OccaBerry|Prankster|Moonblast,Tailwind,Charm,Encore|Timid||M|||50|]Kingambit||ChopleBerry|Defiant|KowtowCleave,IronHead,SuckerPunch,LowKick|Adamant||F|||50|]Garchomp||LifeOrb|RoughSkin|Earthquake,DragonClaw,RockSlide,Protect|Jolly||F|||50|]Glimmora||FocusSash|ToxicDebris|PowerGem,SludgeBomb,EarthPower,SpikyShield|Modest||F|||50|]Delphox||Delphoxite|Blaze|HeatWave,Psyshock,Substitute,Protect|Modest||M|||50|\n|showteam|p2|Blastoise||Blastoisinite|RainDish|WaterSpout,DarkPulse,ShellSmash,Protect|Modest||M|||50|]Delphox||Delphoxite|Blaze|HeatWave,Psychic,NastyPlot,Protect|Timid||M|||50|]Sinistcha-Masterpiece||ColburBerry|Hospitality|MatchaGotcha,RagePowder,TrickRoom,Protect|Bold|||||50|]Sneasler||FocusSash|PoisonTouch|FakeOut,PoisonJab,CloseCombat,QuickGuard|Jolly||F|||50|]Kingambit||LifeOrb|Defiant|KowtowCleave,SuckerPunch,SwordsDance,Protect|Adamant||M|||50|]Incineroar||SitrusBerry|Intimidate|FakeOut,FlareBlitz,ThroatChop,PartingShot|Careful||M|||50|\n|c|☆kingsrowbajax|we gaan helemaal droeloe\n|\n|t:|1788434632\n|teamsize|p1|4\n|teamsize|p2|4\n|start\n|switch|p1a: Garchomp|Garchomp, L50, F|100/100\n|switch|p1b: Glimmora|Glimmora, L50, F|100/100\n|switch|p2a: Sinistcha|Sinistcha-Masterpiece, L50|100/100\n|switch|p2b: Delphox|Delphox, L50, M|100/100\n|turn|1\n|\n|t:|1788434656\n|switch|p2b: Incineroar|Incineroar, L50, M|100/100\n|-ability|p2b: Incineroar|Intimidate|boost\n|-unboost|p1a: Garchomp|atk|1\n|-unboost|p1b: Glimmora|atk|1\n|switch|p1b: Whimsicott|Whimsicott, L50, M|100/100\n|move|p1a: Garchomp|Rock Slide|p2a: Sinistcha|[spread] p2a,p2b\n|-supereffective|p2b: Incineroar|1\n|-damage|p2a: Sinistcha|87/100\n|-damage|p2b: Incineroar|65/100\n|-damage|p1a: Garchomp|90/100|[from] item: Life Orb\n|move|p2a: Sinistcha|Matcha Gotcha|p1a: Garchomp|[spread] p1a,p1b\n|-resisted|p1b: Whimsicott|1\n|-damage|p1a: Garchomp|64/100\n|-heal|p2a: Sinistcha|100/100|[from] drain|[of] p1a: Garchomp\n|-damage|p1b: Whimsicott|85/100\n|\n|upkeep\n|turn|2\n|\n|t:|1788434690\n|switch|p1a: Glimmora|Glimmora, L50, F|100/100\n|switch|p1b: Kingambit|Kingambit, L50, F|100/100\n|move|p2b: Incineroar|Parting Shot|p1a: Glimmora\n|-unboost|p1a: Glimmora|atk|1\n|-unboost|p1a: Glimmora|spa|1\n|\n|t:|1788434702\n|switch|p2b: Delphox|Delphox, L50, M|100/100|[from] Parting Shot\n|move|p2a: Sinistcha|Matcha Gotcha|p1a: Glimmora|[spread] p1a,p1b\n|-resisted|p1b: Kingambit|1\n|-damage|p1a: Glimmora|68/100\n|-damage|p1b: Kingambit|89/100\n|-status|p1a: Glimmora|brn\n|\n|-damage|p1a: Glimmora|61/100 brn|[from] brn\n|upkeep\n|turn|3\n|\n|t:|1788434727\n|move|p2a: Sinistcha|Rage Powder|p2a: Sinistcha\n|-singleturn|p2a: Sinistcha|move: Rage Powder\n|move|p2b: Delphox|Psychic|p1a: Glimmora\n|-supereffective|p1a: Glimmora|1\n|-damage|p1a: Glimmora|0 fnt\n|faint|p1a: Glimmora\n|move|p1b: Kingambit|Kowtow Cleave|p2a: Sinistcha\n|-supereffective|p2a: Sinistcha|1\n|-enditem|p2a: Sinistcha|Colbur Berry|[eat]\n|-enditem|p2a: Sinistcha|Colbur Berry|[weaken]\n|-damage|p2a: Sinistcha|59/100\n|\n|upkeep\n|\n|t:|1788434738\n|switch|p1a: Whimsicott|Whimsicott, L50, M|85/100\n|turn|4\n|\n|t:|1788434754\n|detailschange|p2b: Delphox|Delphox-Mega, L50, M\n|-mega|p2b: Delphox|Delphox|Delphoxite\n|move|p2a: Sinistcha|Rage Powder|p2a: Sinistcha\n|-singleturn|p2a: Sinistcha|move: Rage Powder\n|move|p1a: Whimsicott|Encore|p2b: Delphox\n|-start|p2b: Delphox|Encore\n|move|p2b: Delphox|Psychic|p1b: Kingambit\n|-immune|p1b: Kingambit\n|move|p1b: Kingambit|Kowtow Cleave|p2a: Sinistcha\n|-supereffective|p2a: Sinistcha|1\n|-damage|p2a: Sinistcha|0 fnt\n|faint|p2a: Sinistcha\n|\n|upkeep\n|\n|t:|1788434773\n|switch|p2a: Sneasler|Sneasler, L50, F|100/100\n|turn|5\n|\n|t:|1788434807\n|switch|p2b: Incineroar|Incineroar, L50, M|65/100\n|-ability|p2b: Incineroar|Intimidate|boost\n|-unboost|p1a: Whimsicott|atk|1\n|-unboost|p1b: Kingambit|atk|1\n|-ability|p1b: Kingambit|Defiant|boost\n|-boost|p1b: Kingambit|atk|2\n|move|p1a: Whimsicott|Tailwind|p1a: Whimsicott\n|-sidestart|p1: DroeloeVGC|move: Tailwind\n|move|p1b: Kingambit|Sucker Punch|p2a: Sneasler\n|-resisted|p2a: Sneasler|1\n|-damage|p2a: Sneasler|46/100\n|move|p2a: Sneasler|Close Combat|p1b: Kingambit\n|-supereffective|p1b: Kingambit|2\n|-crit|p1b: Kingambit\n|-enditem|p1b: Kingambit|Chople Berry|[eat]\n|-enditem|p1b: Kingambit|Chople Berry|[weaken]\n|-damage|p1b: Kingambit|0 fnt\n|-unboost|p2a: Sneasler|def|1\n|-unboost|p2a: Sneasler|spd|1\n|faint|p1b: Kingambit\n|\n|upkeep\n|\n|t:|1788434823\n|switch|p1b: Garchomp|Garchomp, L50, F|64/100\n|turn|6\n|\n|t:|1788434847\n|move|p1b: Garchomp|Earthquake|p2a: Sneasler|[spread] p1a,p2a,p2b\n|-resisted|p1a: Whimsicott|1\n|-supereffective|p2a: Sneasler|1\n|-supereffective|p2b: Incineroar|1\n|-damage|p1a: Whimsicott|61/100\n|-damage|p2a: Sneasler|0 fnt\n|-damage|p2b: Incineroar|0 fnt\n|faint|p2a: Sneasler\n|faint|p2b: Incineroar\n|-damage|p1b: Garchomp|54/100|[from] item: Life Orb\n|move|p1a: Whimsicott|Moonblast|p2: Sneasler|[notarget]\n|-fail|p1a: Whimsicott\n|\n|upkeep\n|\n|t:|1788434858\n|switch|p2a: Delphox|Delphox-Mega, L50, M|100/100\n|turn|7\n|\n|t:|1788434875\n|move|p1b: Garchomp|Protect|p1b: Garchomp\n|-singleturn|p1b: Garchomp|Protect\n|move|p1a: Whimsicott|Moonblast|p2a: Delphox\n|-resisted|p2a: Delphox|1\n|-damage|p2a: Delphox|87/100\n|move|p2a: Delphox|Psychic|p1b: Garchomp\n|-activate|p1b: Garchomp|move: Protect\n|\n|upkeep\n|turn|8\n|\n|t:|1788434897\n|move|p1b: Garchomp|Rock Slide|p2a: Delphox\n|-supereffective|p2a: Delphox|1\n|-damage|p2a: Delphox|5/100\n|-damage|p1b: Garchomp|44/100|[from] item: Life Orb\n|move|p1a: Whimsicott|Moonblast|p2a: Delphox\n|-resisted|p2a: Delphox|1\n|-damage|p2a: Delphox|0 fnt\n|faint|p2a: Delphox\n|\n|win|DroeloeVGC\n","uploadtime":1788434898,"views":"1","formatid":"gen9championsvgc2026regmbbo3","rating":null,"private":0,"password":null}