{"id":"gen9championsvgc2026regmbbo3-2673707540","format":"[Gen 9 Champions] VGC 2026 Reg M-B (Bo3)","players":["vicburgos","teyvgc"],"log":"|j|☆vicburgos\n|j|☆teyvgc\n|html|<table width=\"100%\"><tr><td align=\"left\">vicburgos</td><td align=\"right\">teyvgc</tr><tr><td align=\"left\"><i class=\"fa fa-circle-o\"></i> <i class=\"fa fa-circle-o\"></i> </td><td align=\"right\"><i class=\"fa fa-circle-o\"></i> <i class=\"fa fa-circle\"></i> </tr></table>\n|uhtml|bestof|<h2><strong>Game 2</strong> of <a href=\"/game-bestof3-gen9championsvgc2026regmbbo3-2673706389\">a best-of-3</a></h2>\n|t:|1788237336\n|gametype|doubles\n|player|p1|vicburgos|2|1147\n|player|p2|teyvgc|rood|1401\n|gen|9\n|tier|[Gen 9 Champions] VGC 2026 Reg M-B (Bo3)\n|rated|\n|rule|Species Clause: Limit one of each Pokémon\n|rule|Item Clause: Limit 1 of each item\n|clearpoke\n|poke|p1|Incineroar, L50, F|\n|poke|p1|Sinistcha, L50|\n|poke|p1|Maushold-Four, L50|\n|poke|p1|Annihilape, L50, F|\n|poke|p1|Vaporeon, L50, M|\n|poke|p1|Grimmsnarl, L50, M|\n|poke|p2|Delphox, L50, F|\n|poke|p2|Vanilluxe, L50, F|\n|poke|p2|Floette-Eternal, L50, F|\n|poke|p2|Sinistcha, L50|\n|poke|p2|Milotic, L50, F|\n|poke|p2|Incineroar, L50, F|\n|teampreview|4\n|showteam|p1|Incineroar||ChopleBerry|Intimidate|FlareBlitz,Protect,FakeOut,DarkestLariat|Adamant||F|||50|]Sinistcha||BigRoot|Hospitality|MatchaGotcha,Protect,RagePowder,ShadowBall|Bold|||||50|]Maushold-Four||WideLens|FriendGuard|PopulationBomb,Protect,FollowMe,ThunderWave|Jolly|||||50|]Annihilape||SitrusBerry|Defiant|RageFist,Protect,BulkUp,DrainPunch|Careful||F|||50|]Vaporeon||Leftovers|WaterAbsorb|Scald,Roar,CalmMind,IceBeam|Bold||M|||50|]Grimmsnarl||LightClay|Prankster|SpiritBreak,Reflect,LightScreen,PartingShot|Impish||M|||50|\n|showteam|p2|Delphox||Delphoxite|Blaze|HeatWave,Psychic,NastyPlot,Protect|Timid||F|||50|]Vanilluxe||ChoiceScarf|SnowWarning|Blizzard,FreezeDry,SheerCold,IcyWind|Timid||F|||50|]Floette-Eternal||Floettite|FlowerVeil|Protect,Moonblast,DazzlingGleam,CalmMind|Modest||F|||50|]Sinistcha||KasibBerry|Hospitality|LifeDew,RagePowder,MatchaGotcha,Protect|Bold|||||50|]Milotic||Leftovers|Competitive|Coil,Protect,MuddyWater,Hypnosis|Bold||F|||50|]Incineroar||SitrusBerry|Intimidate|FakeOut,PartingShot,FlareBlitz,DarkestLariat|Impish||F|||50|\n|inactive|Battle timer is ON: inactive players will automatically lose when time's up. (requested by vicburgos)\n|\n|t:|1788237376\n|teamsize|p1|4\n|teamsize|p2|4\n|start\n|switch|p1a: Grimmsnarl|Grimmsnarl, L50, M|100/100\n|switch|p1b: Vaporeon|Vaporeon, L50, M|100/100\n|switch|p2a: Floette|Floette-Eternal, L50, F|100/100\n|switch|p2b: Sinistcha|Sinistcha, L50|100/100\n|turn|1\n|\n|t:|1788237388\n|move|p2b: Sinistcha|Rage Powder|p2b: Sinistcha\n|-singleturn|p2b: Sinistcha|move: Rage Powder\n|move|p1a: Grimmsnarl|Light Screen|p1a: Grimmsnarl\n|-sidestart|p1: vicburgos|move: Light Screen\n|move|p2a: Floette|Calm Mind|p2a: Floette\n|-boost|p2a: Floette|spa|1\n|-boost|p2a: Floette|spd|1\n|move|p1b: Vaporeon|Roar|p2b: Sinistcha\n|drag|p2b: Milotic|Milotic, L50, F|100/100\n|\n|upkeep\n|turn|2\n|\n|t:|1788237407\n|detailschange|p2a: Floette|Floette-Mega, L50, F\n|-mega|p2a: Floette|Floette|Floettite\n|-ability|p2a: Floette|Fairy Aura\n|move|p1a: Grimmsnarl|Parting Shot|p2a: Floette\n|-unboost|p2a: Floette|atk|1\n|-unboost|p2a: Floette|spa|1\n|\n|t:|1788237415\n|switch|p1a: Maushold|Maushold-Four, L50|100/100|[from] Parting Shot\n|move|p2a: Floette|Dazzling Gleam|p1a: Maushold|[spread] p1a,p1b\n|-damage|p1a: Maushold|61/100\n|-damage|p1b: Vaporeon|82/100\n|move|p2b: Milotic|Coil|p2b: Milotic\n|-boost|p2b: Milotic|atk|1\n|-boost|p2b: Milotic|def|1\n|-boost|p2b: Milotic|accuracy|1\n|move|p1b: Vaporeon|Roar|p2a: Floette\n|drag|p2a: Sinistcha|Sinistcha, L50|100/100\n|\n|-heal|p1b: Vaporeon|88/100|[from] item: Leftovers\n|upkeep\n|turn|3\n|\n|t:|1788237434\n|move|p1a: Maushold|Thunder Wave|p2b: Milotic\n|-status|p2b: Milotic|par\n|move|p2a: Sinistcha|Matcha Gotcha|p1b: Vaporeon|[spread] p1a,p1b\n|-supereffective|p1b: Vaporeon|1\n|-damage|p1a: Maushold|39/100\n|-damage|p1b: Vaporeon|69/100\n|move|p1b: Vaporeon|Calm Mind|p1b: Vaporeon\n|-boost|p1b: Vaporeon|spa|1\n|-boost|p1b: Vaporeon|spd|1\n|move|p2b: Milotic|Hypnosis|p1a: Maushold\n|-status|p1a: Maushold|slp|[from] move: Hypnosis\n|\n|-heal|p1b: Vaporeon|75/100|[from] item: Leftovers\n|upkeep\n|turn|4\n|\n|t:|1788237454\n|cant|p1a: Maushold|slp\n|move|p2a: Sinistcha|Matcha Gotcha|p1a: Maushold|[spread] p1a,p1b\n|-supereffective|p1b: Vaporeon|1\n|-damage|p1a: Maushold|16/100 slp\n|-damage|p1b: Vaporeon|62/100\n|-status|p1b: Vaporeon|brn\n|move|p1b: Vaporeon|Calm Mind|p1b: Vaporeon\n|-boost|p1b: Vaporeon|spa|1\n|-boost|p1b: Vaporeon|spd|1\n|move|p2b: Milotic|Hypnosis||[still]\n|-fail|p2b: Milotic\n|\n|-heal|p1b: Vaporeon|67/100 brn|[from] item: Leftovers\n|-damage|p1b: Vaporeon|62/100 brn|[from] brn\n|upkeep\n|turn|5\n|\n|t:|1788237474\n|-curestatus|p1a: Maushold|slp|[msg]\n|move|p1a: Maushold|Thunder Wave|p2a: Sinistcha\n|-status|p2a: Sinistcha|par\n|move|p1b: Vaporeon|Ice Beam|p2a: Sinistcha\n|-supereffective|p2a: Sinistcha|1\n|-crit|p2a: Sinistcha\n|-damage|p2a: Sinistcha|0 fnt\n|faint|p2a: Sinistcha\n|move|p2b: Milotic|Coil|p2b: Milotic\n|-boost|p2b: Milotic|atk|1\n|-boost|p2b: Milotic|def|1\n|-boost|p2b: Milotic|accuracy|1\n|\n|-heal|p1b: Vaporeon|67/100 brn|[from] item: Leftovers\n|-damage|p1b: Vaporeon|62/100 brn|[from] brn\n|upkeep\n|\n|t:|1788237488\n|switch|p2a: Incineroar|Incineroar, L50, F|100/100\n|-ability|p2a: Incineroar|Intimidate|boost\n|-unboost|p1a: Maushold|atk|1\n|-unboost|p1b: Vaporeon|atk|1\n|turn|6\n|\n|t:|1788237500\n|move|p2a: Incineroar|Fake Out|p1b: Vaporeon\n|-damage|p1b: Vaporeon|56/100 brn\n|move|p1a: Maushold|Population Bomb|p2a: Incineroar\n|-damage|p2a: Incineroar|96/100\n|-damage|p2a: Incineroar|93/100\n|-damage|p2a: Incineroar|89/100\n|-damage|p2a: Incineroar|86/100\n|-damage|p2a: Incineroar|82/100\n|-damage|p2a: Incineroar|79/100\n|-damage|p2a: Incineroar|75/100\n|-damage|p2a: Incineroar|71/100\n|-crit|p2a: Incineroar\n|-damage|p2a: Incineroar|63/100\n|-damage|p2a: Incineroar|59/100\n|-hitcount|p2a: Incineroar|10\n|cant|p1b: Vaporeon|flinch\n|cant|p2b: Milotic|par\n|\n|-heal|p1b: Vaporeon|62/100 brn|[from] item: Leftovers\n|-damage|p1b: Vaporeon|56/100 brn|[from] brn\n|upkeep\n|turn|7\n|\n|t:|1788237521\n|move|p2b: Milotic|Protect|p2b: Milotic\n|-singleturn|p2b: Milotic|Protect\n|move|p1a: Maushold|Thunder Wave|p2a: Incineroar\n|-status|p2a: Incineroar|par\n|move|p1b: Vaporeon|Scald|p2a: Incineroar\n|-supereffective|p2a: Incineroar|1\n|-damage|p2a: Incineroar|0 fnt\n|faint|p2a: Incineroar\n|\n|-heal|p1b: Vaporeon|62/100 brn|[from] item: Leftovers\n|-damage|p1b: Vaporeon|56/100 brn|[from] brn\n|upkeep\n|\n|t:|1788237528\n|switch|p2a: Floette|Floette-Mega, L50, F|100/100\n|-ability|p2a: Floette|Fairy Aura\n|turn|8\n|\n|t:|1788237536\n|move|p1a: Maushold|Thunder Wave|p2a: Floette\n|-status|p2a: Floette|par\n|move|p1b: Vaporeon|Calm Mind|p1b: Vaporeon\n|-boost|p1b: Vaporeon|spa|1\n|-boost|p1b: Vaporeon|spd|1\n|move|p2a: Floette|Dazzling Gleam|p1b: Vaporeon|[spread] p1a,p1b\n|-damage|p1a: Maushold|0 fnt\n|-damage|p1b: Vaporeon|49/100 brn\n|faint|p1a: Maushold\n|move|p2b: Milotic|Hypnosis||[still]\n|-fail|p2b: Milotic\n|\n|-heal|p1b: Vaporeon|55/100 brn|[from] item: Leftovers\n|-damage|p1b: Vaporeon|49/100 brn|[from] brn\n|-sideend|p1: vicburgos|move: Light Screen\n|upkeep\n|\n|t:|1788237552\n|switch|p1a: Incineroar|Incineroar, L50, F|100/100\n|-ability|p1a: Incineroar|Intimidate|boost\n|-unboost|p2a: Floette|atk|1\n|-unboost|p2b: Milotic|atk|1\n|-ability|p2b: Milotic|Competitive|boost\n|-boost|p2b: Milotic|spa|2\n|turn|9\n|\n|t:|1788237562\n|move|p2a: Floette|Protect|p2a: Floette\n|-singleturn|p2a: Floette|Protect\n|move|p1a: Incineroar|Fake Out|p2a: Floette\n|-activate|p2a: Floette|move: Protect\n|move|p1b: Vaporeon|Scald|p2a: Floette\n|-activate|p2a: Floette|move: Protect\n|move|p2b: Milotic|Hypnosis|p1a: Incineroar\n|-status|p1a: Incineroar|slp|[from] move: Hypnosis\n|\n|-heal|p1b: Vaporeon|55/100 brn|[from] item: Leftovers\n|-damage|p1b: Vaporeon|49/100 brn|[from] brn\n|upkeep\n|turn|10\n|\n|t:|1788237576\n|move|p1b: Vaporeon|Scald|p2a: Floette\n|-damage|p2a: Floette|39/100 par\n|cant|p1a: Incineroar|slp\n|move|p2a: Floette|Moonblast|p1b: Vaporeon\n|-damage|p1b: Vaporeon|27/100 brn\n|move|p2b: Milotic|Muddy Water|p1a: Incineroar|[spread] p1a\n|-heal|p1b: Vaporeon|52/100 brn|[from] ability: Water Absorb|[of] p2b: Milotic\n|-supereffective|p1a: Incineroar|1\n|-damage|p1a: Incineroar|7/100 slp\n|\n|-heal|p1b: Vaporeon|58/100 brn|[from] item: Leftovers\n|-damage|p1b: Vaporeon|52/100 brn|[from] brn\n|upkeep\n|turn|11\n|\n|t:|1788237598\n|move|p2b: Milotic|Protect|p2b: Milotic\n|-singleturn|p2b: Milotic|Protect\n|move|p1b: Vaporeon|Scald|p2a: Floette\n|-damage|p2a: Floette|0 fnt\n|faint|p2a: Floette\n|-curestatus|p1a: Incineroar|slp|[msg]\n|move|p1a: Incineroar|Flare Blitz|p2b: Milotic\n|-activate|p2b: Milotic|move: Protect\n|\n|-heal|p1b: Vaporeon|58/100 brn|[from] item: Leftovers\n|-damage|p1b: Vaporeon|52/100 brn|[from] brn\n|upkeep\n|turn|12\n|-message|teyvgc forfeited.\n|\n|win|vicburgos\n","uploadtime":1788237605,"views":"0","formatid":"gen9championsvgc2026regmbbo3","rating":null,"private":0,"password":null}