{"id":"gen9championsvgc2026regmb-2674786759","format":"[Gen 9 Champions] VGC 2026 Reg M-B","players":["ASapHerb","MPelton02"],"log":"|j|☆ASapHerb\n|j|☆MPelton02\n|html|<table width=\"100%\"><tr><td align=\"left\">ASapHerb</td><td align=\"right\">MPelton02</tr><tr><td align=\"left\"><i class=\"fa fa-circle-o\"></i> <i class=\"fa fa-circle-o\"></i> <i class=\"fa fa-circle-o\"></i> </td><td align=\"right\"><i class=\"fa fa-circle-o\"></i> <i class=\"fa fa-circle-o\"></i> <i class=\"fa fa-circle-o\"></i> </tr></table>\n|uhtml|bestof|<h2><strong>Game 1</strong> of <a href=\"/game-bestof5-gen9championsvgc2026regmb-2674786758\">a best-of-5</a></h2>\n|t:|1788406664\n|gametype|doubles\n|player|p1|ASapHerb|169|\n|player|p2|MPelton02|265|\n|gen|9\n|tier|[Gen 9 Champions] VGC 2026 Reg M-B\n|rule|Species Clause: Limit one of each Pokémon\n|rule|Item Clause: Limit 1 of each item\n|raw|<div class=\"infobox\"><details class=\"readmore\" open><summary><strong>1 custom rule:</strong></summary> Best of = 5</details></div>\n|clearpoke\n|poke|p1|Blaziken, L50, F|\n|poke|p1|Froslass, L50, F|\n|poke|p1|Dragonite, L50, M|\n|poke|p1|Sneasler, L50, F, shiny|\n|poke|p1|Kingambit, L50, F|\n|poke|p1|Toxapex, L50, F|\n|poke|p2|Raichu, L50, M, shiny|\n|poke|p2|Pelipper, L50, F|\n|poke|p2|Swampert, L50, M|\n|poke|p2|Sinistcha-Masterpiece, L50|\n|poke|p2|Farigiraf, L50, F|\n|poke|p2|Whimsicott, L50, F|\n|teampreview|4\n|j| Mashed Potoooooooo\n|inactive|Battle timer is ON: inactive players will automatically lose when time's up. (requested by ASapHerb)\n|inactiveoff|Battle timer is now OFF.\n|inactive|Battle timer is ON: inactive players will automatically lose when time's up. (requested by ASapHerb)\n|inactive|ASapHerb has 60 seconds left.\n|\n|t:|1788406771\n|teamsize|p1|4\n|teamsize|p2|4\n|start\n|switch|p1a: Toxic Tendencies|Sneasler, L50, F, shiny|100/100\n|switch|p1b: Toxic Traits|Toxapex, L50, F|100/100\n|switch|p2a: Raichu|Raichu, L50, M, shiny|100/100\n|switch|p2b: Shrek is love|Swampert, L50, M|100/100\n|turn|1\n|inactive|ASapHerb has 30 seconds left.\n|inactive|MPelton02 has 30 seconds left.\n|inactive|ASapHerb has 20 seconds left.\n|inactive|MPelton02 has 20 seconds left.\n|l| Mashed Potoooooooo\n|inactive|MPelton02 has 15 seconds left.\n|inactive|MPelton02 has 10 seconds left.\n|\n|t:|1788406818\n|move|p1a: Toxic Tendencies|Fake Out|p2b: Shrek is love\n|-damage|p2b: Shrek is love|81/100\n|move|p2a: Raichu|Zap Cannon|p1b: Toxic Traits|[miss]\n|-miss|p2a: Raichu|p1b: Toxic Traits\n|cant|p2b: Shrek is love|flinch\n|move|p1b: Toxic Traits|Toxic|p2b: Shrek is love\n|-status|p2b: Shrek is love|tox\n|\n|-damage|p2b: Shrek is love|75/100 tox|[from] psn\n|upkeep\n|turn|2\n|j| Mashed Potoooooooo\n|\n|t:|1788406843\n|move|p2a: Raichu|Protect|p2a: Raichu\n|-singleturn|p2a: Raichu|Protect\n|move|p1b: Toxic Traits|Baneful Bunker|p1b: Toxic Traits\n|-singleturn|p1b: Toxic Traits|move: Protect\n|move|p1a: Toxic Tendencies|Close Combat|p2a: Raichu\n|-activate|p2a: Raichu|move: Protect\n|move|p2b: Shrek is love|Earthquake|p1b: Toxic Traits|[spread] p1a\n|-activate|p2a: Raichu|move: Protect\n|-activate|p1b: Toxic Traits|move: Protect\n|-supereffective|p1a: Toxic Tendencies|1\n|-enditem|p1a: Toxic Tendencies|Focus Sash\n|-damage|p1a: Toxic Tendencies|1/100\n|\n|-damage|p2b: Shrek is love|62/100 tox|[from] psn\n|upkeep\n|turn|3\n|inactive|ASapHerb has 30 seconds left.\n|inactive|MPelton02 has 30 seconds left.\n|\n|t:|1788406871\n|detailschange|p2a: Raichu|Raichu-Mega-Y, L50, M, shiny\n|-mega|p2a: Raichu|Raichu|Raichunite Y\n|move|p1a: Toxic Tendencies|Protect|p1a: Toxic Tendencies\n|-singleturn|p1a: Toxic Tendencies|Protect\n|move|p2a: Raichu|Zap Cannon|p1b: Toxic Traits\n|-supereffective|p1b: Toxic Traits|1\n|-crit|p1b: Toxic Traits\n|-damage|p1b: Toxic Traits|0 fnt\n|faint|p1b: Toxic Traits\n|move|p2b: Shrek is love|Flip Turn|p1a: Toxic Tendencies\n|-activate|p1a: Toxic Tendencies|move: Protect\n|\n|-damage|p2b: Shrek is love|44/100 tox|[from] psn\n|upkeep\n|\n|t:|1788406890\n|switch|p1b: Look at dat Fross|Froslass, L50, F|100/100\n|turn|4\n|\n|t:|1788406903\n|switch|p1a: Dragon r Tight|Dragonite, L50, M|100/100\n|detailschange|p1b: Look at dat Fross|Froslass-Mega, L50, F\n|-mega|p1b: Look at dat Fross|Froslass|Froslassite\n|-weather|Snowscape|[from] ability: Snow Warning|[of] p1b: Look at dat Fross\n|move|p2a: Raichu|Zap Cannon|p1b: Look at dat Fross\n|-damage|p1b: Look at dat Fross|18/100\n|-status|p1b: Look at dat Fross|par\n|move|p2b: Shrek is love|Flip Turn|p1a: Dragon r Tight\n|-resisted|p1a: Dragon r Tight|1\n|-damage|p1a: Dragon r Tight|86/100\n|\n|t:|1788406916\n|switch|p2b: NevrainsCalifornia|Pelipper, L50, F|100/100|[from] Flip Turn\n|-weather|RainDance|[from] ability: Drizzle|[of] p2b: NevrainsCalifornia\n|move|p1b: Look at dat Fross|Aurora Veil||[still]\n|-fail|p1b: Look at dat Fross\n|\n|-weather|RainDance|[upkeep]\n|upkeep\n|turn|5\n|\n|t:|1788406939\n|move|p1b: Look at dat Fross|Protect|p1b: Look at dat Fross\n|-singleturn|p1b: Look at dat Fross|Protect\n|move|p1a: Dragon r Tight|Extreme Speed|p2a: Raichu\n|-damage|p2a: Raichu|0 fnt\n|faint|p2a: Raichu\n|-damage|p1a: Dragon r Tight|76/100|[from] item: Life Orb\n|move|p2b: NevrainsCalifornia|Weather Ball|p1b: Look at dat Fross\n|-activate|p1b: Look at dat Fross|move: Protect\n|\n|-weather|RainDance|[upkeep]\n|upkeep\n|\n|t:|1788406958\n|switch|p2a: Shrek is love|Swampert, L50, M|44/100 tox\n|turn|6\n|inactive|ASapHerb has 30 seconds left.\n|\n|t:|1788406983\n|switch|p2b: Sinistcha|Sinistcha-Masterpiece, L50|100/100\n|-heal|p2a: Shrek is love|68/100 tox|[from] ability: Hospitality|[of] p2b: Sinistcha\n|move|p2a: Shrek is love|Earthquake|p1b: Look at dat Fross|[spread] p2b,p1b\n|-immune|p1a: Dragon r Tight\n|-resisted|p2b: Sinistcha|1\n|-damage|p2b: Sinistcha|83/100\n|-damage|p1b: Look at dat Fross|0 fnt\n|faint|p1b: Look at dat Fross\n|move|p1a: Dragon r Tight|Dragon Claw|p2b: Sinistcha\n|-damage|p2b: Sinistcha|30/100\n|-enditem|p2b: Sinistcha|Sitrus Berry|[eat]\n|-heal|p2b: Sinistcha|55/100|[from] item: Sitrus Berry\n|-damage|p1a: Dragon r Tight|67/100|[from] item: Life Orb\n|\n|-weather|RainDance|[upkeep]\n|-damage|p2a: Shrek is love|62/100 tox|[from] psn\n|upkeep\n|l| Mashed Potoooooooo\n|j| Mashed Potoooooooo\n|\n|t:|1788406998\n|switch|p1b: Toxic Tendencies|Sneasler, L50, F, shiny|1/100\n|turn|7\n|\n|t:|1788407011\n|move|p1b: Toxic Tendencies|Protect|p1b: Toxic Tendencies\n|-singleturn|p1b: Toxic Tendencies|Protect\n|move|p2a: Shrek is love|Protect|p2a: Shrek is love\n|-singleturn|p2a: Shrek is love|Protect\n|move|p1a: Dragon r Tight|Extreme Speed|p2a: Shrek is love\n|-activate|p2a: Shrek is love|move: Protect\n|move|p2b: Sinistcha|Strength Sap|p1a: Dragon r Tight\n|-unboost|p1a: Dragon r Tight|atk|1\n|-heal|p2b: Sinistcha|100/100\n|\n|-weather|RainDance|[upkeep]\n|-damage|p2a: Shrek is love|50/100g tox|[from] psn\n|upkeep\n|turn|8\n|inactive|ASapHerb has 30 seconds left.\n|inactive|MPelton02 has 30 seconds left.\n|\n|t:|1788407041\n|move|p2b: Sinistcha|Rage Powder|p2b: Sinistcha\n|-singleturn|p2b: Sinistcha|move: Rage Powder\n|move|p1b: Toxic Tendencies|Close Combat|p2b: Sinistcha\n|-immune|p2b: Sinistcha\n|move|p2a: Shrek is love|Earthquake|p1a: Dragon r Tight|[spread] p2b,p1b\n|-immune|p1a: Dragon r Tight\n|-resisted|p2b: Sinistcha|1\n|-supereffective|p1b: Toxic Tendencies|1\n|-damage|p2b: Sinistcha|83/100\n|-damage|p1b: Toxic Tendencies|0 fnt\n|faint|p1b: Toxic Tendencies\n|move|p1a: Dragon r Tight|Dragon Claw|p2b: Sinistcha\n|-damage|p2b: Sinistcha|44/100\n|-damage|p1a: Dragon r Tight|57/100|[from] item: Life Orb\n|\n|-weather|RainDance|[upkeep]\n|-damage|p2a: Shrek is love|31/100 tox|[from] psn\n|upkeep\n|turn|9\n|inactive|ASapHerb has 30 seconds left.\n|inactive|ASapHerb has 20 seconds left.\n|inactive|ASapHerb has 15 seconds left.\n|\n|t:|1788407081\n|move|p2a: Shrek is love|Wave Crash|p1a: Dragon r Tight\n|-resisted|p1a: Dragon r Tight|1\n|-damage|p1a: Dragon r Tight|0 fnt\n|faint|p1a: Dragon r Tight\n|-damage|p2a: Shrek is love|10/100 tox|[from] Recoil\n|\n|win|MPelton02\n||ASapHerb is ready for game 2.\n||MPelton02 is ready for game 2.\n|uhtml|next|Next: <a href=\"/battle-gen9championsvgc2026regmb-2674788978\"><strong>Game 2 of 5</strong></a>\n|l| Mashed Potoooooooo\n|j| Mashed Potoooooooo\n|l| Mashed Potoooooooo\n|j| danwilt\n|j| xJacKaz\n|j| fittyjason\n|l|☆MPelton02\n|player|p2|\n|l| danwilt\n|l| fittyjason\n","uploadtime":1788407154,"views":"8","formatid":"gen9championsvgc2026regmb","rating":null,"private":0,"password":null}