{"id":"gen9championsvgc2026regmbbo3-2673660346","format":"[Gen 9 Champions] VGC 2026 Reg M-B (Bo3)","players":["lukien_light","jsizzle15"],"log":"|j|☆lukien_light\n|j|☆jsizzle15\n|html|<table width=\"100%\"><tr><td align=\"left\">lukien_light</td><td align=\"right\">jsizzle15</tr><tr><td align=\"left\"><i class=\"fa fa-circle\"></i> <i class=\"fa fa-circle-o\"></i> </td><td align=\"right\"><i class=\"fa fa-circle-o\"></i> <i class=\"fa fa-circle\"></i> </tr></table>\n|uhtml|bestof|<h2><strong>Game 3</strong> of <a href=\"/game-bestof3-gen9championsvgc2026regmbbo3-2673656311\">a best-of-3</a></h2>\n|t:|1788228757\n|gametype|doubles\n|player|p1|lukien_light|102|\n|player|p2|jsizzle15|blue|\n|gen|9\n|tier|[Gen 9 Champions] VGC 2026 Reg M-B (Bo3)\n|rule|Species Clause: Limit one of each Pokémon\n|rule|Item Clause: Limit 1 of each item\n|clearpoke\n|poke|p1|Mimikyu, L50, F, shiny|\n|poke|p1|Gardevoir, L50, F, shiny|\n|poke|p1|Basculegion, L50, M|\n|poke|p1|Kingambit, L50, F|\n|poke|p1|Liepard, L50, F|\n|poke|p1|Kangaskhan, L50, F|\n|poke|p2|Sinistcha, L50|\n|poke|p2|Metagross, L50|\n|poke|p2|Excadrill, L50, M|\n|poke|p2|Talonflame, L50, M|\n|poke|p2|Blastoise, L50, M|\n|poke|p2|Qwilfish, L50, M, shiny|\n|teampreview|4\n|showteam|p1|Mimikyu||LifeOrb|Disguise|TrickRoom,PlayRough,ShadowClaw,DrainPunch|Brave||F|||50|]Gardevoir||Gardevoirite|Trace|HyperVoice,Psyshock,Protect,ShadowBall|Quiet||F|||50|]Basculegion||ChoiceScarf|Adaptability|LastRespects,AquaJet,WaveCrash,IceFang|Jolly||M|||50|]Kingambit||BlackGlasses|SupremeOverlord|StoneEdge,SuckerPunch,Protect,KowtowCleave|Brave||F|||50|]Liepard||FocusSash|Prankster|FakeOut,ThunderWave,Encore,Screech|Impish||F|||50|]Kangaskhan||Kangaskhanite|Scrappy|SuckerPunch,DoubleEdge,Protect,LowKick|Adamant||F|||50|\n|showteam|p2|Sinistcha||KasibBerry|Hospitality|MatchaGotcha,RagePowder,ShadowBall,Protect|Bold|||||50|]Metagross||LifeOrb|ClearBody|BulletPunch,HammerArm,Protect,PsychicFangs|Adamant|||||50|]Excadrill||Excadrite|MoldBreaker|Protect,SwordsDance,IronHead,Earthquake|Adamant||M|||50|]Talonflame||FocusSash|GaleWings|Tailwind,BraveBird,FlareBlitz,WillOWisp|Adamant||M|||50|]Blastoise||ExpertBelt|RainDish|FakeOut,AuraSphere,DarkPulse,FlashCannon|Modest||M|||50|]Qwilfish||SitrusBerry|Intimidate|FlipTurn,PoisonJab,Crunch,AquaJet|Impish||M|||50|\n|inactive|Battle timer is ON: inactive players will automatically lose when time's up. (requested by lukien_light)\n|inactive|lukien_light has 60 seconds left.\n|c|☆jsizzle15|gl\n|\n|t:|1788228807\n|teamsize|p1|4\n|teamsize|p2|4\n|start\n|switch|p1a: Liepard|Liepard, L50, F|100/100\n|switch|p1b: Kangaskhan|Kangaskhan, L50, F|100/100\n|switch|p2a: Talonflame|Talonflame, L50, M|100/100\n|switch|p2b: Excadrill|Excadrill, L50, M|100/100\n|-ability|p2b: Excadrill|Mold Breaker\n|turn|1\n|inactive|jsizzle15 has 30 seconds left.\n|inactive|jsizzle15 has 20 seconds left.\n|inactive|jsizzle15 has 15 seconds left.\n|\n|t:|1788228852\n|detailschange|p1b: Kangaskhan|Kangaskhan-Mega, L50, F\n|-mega|p1b: Kangaskhan|Kangaskhan|Kangaskhanite\n|move|p2b: Excadrill|Protect|p2b: Excadrill\n|-singleturn|p2b: Excadrill|Protect\n|move|p1a: Liepard|Fake Out|p2a: Talonflame\n|-damage|p2a: Talonflame|85/100\n|cant|p2a: Talonflame|flinch\n|move|p1b: Kangaskhan|Low Kick|p2b: Excadrill\n|-activate|p2b: Excadrill|move: Protect\n|\n|upkeep\n|turn|2\n|\n|t:|1788228875\n|switch|p2b: Sinistcha|Sinistcha, L50|100/100\n|-heal|p2a: Talonflame|100/100|[from] ability: Hospitality|[of] p2b: Sinistcha\n|move|p2a: Talonflame|Tailwind|p2a: Talonflame\n|-sidestart|p2: jsizzle15|move: Tailwind\n|move|p1a: Liepard|Encore||[still]\n|-fail|p1a: Liepard\n|move|p1b: Kangaskhan|Double-Edge|p2a: Talonflame\n|-damage|p2a: Talonflame|5/100\n|-damage|p2a: Talonflame|0 fnt\n|faint|p2a: Talonflame\n|-hitcount|p2: Talonflame|2\n|-damage|p1b: Kangaskhan|71/100|[from] Recoil\n|\n|upkeep\n|inactive|jsizzle15 has 30 seconds left.\n|\n|t:|1788228901\n|switch|p2a: Excadrill|Excadrill, L50, M|100/100\n|-ability|p2a: Excadrill|Mold Breaker\n|turn|3\n|\n|t:|1788228930\n|detailschange|p2a: Excadrill|Excadrill-Mega, L50, M\n|-mega|p2a: Excadrill|Excadrill|Excadrite\n|move|p1a: Liepard|Screech|p2a: Excadrill\n|-unboost|p2a: Excadrill|def|2\n|move|p2a: Excadrill|Earthquake|p1a: Liepard|[spread] p2b,p1a,p1b\n|-resisted|p2b: Sinistcha|1\n|-damage|p2b: Sinistcha|82/100\n|-damage|p1a: Liepard|39/100\n|-damage|p1b: Kangaskhan|25/100\n|move|p2b: Sinistcha|Matcha Gotcha|p1b: Kangaskhan|[spread] p1a,p1b\n|-damage|p1a: Liepard|0 fnt\n|-heal|p2b: Sinistcha|100/100|[from] drain|[of] p1a: Liepard\n|-damage|p1b: Kangaskhan|0 fnt\n|faint|p1a: Liepard\n|faint|p1b: Kangaskhan\n|\n|upkeep\n|\n|t:|1788228948\n|switch|p1b: Basculegion|Basculegion, L50, M|100/100\n|switch|p1a: Kingambit|Kingambit, L50, F|100/100\n|-activate|p1a: Kingambit|ability: Supreme Overlord\n|-start|p1a: Kingambit|fallen2|[silent]\n|turn|4\n|inactive|lukien_light has 30 seconds left.\n|\n|t:|1788228975\n|move|p1a: Kingambit|Sucker Punch|p2a: Excadrill\n|-damage|p2a: Excadrill|0 fnt\n|faint|p2a: Excadrill\n|move|p1b: Basculegion|Last Respects|p2b: Sinistcha\n|-supereffective|p2b: Sinistcha|1\n|-enditem|p2b: Sinistcha|Kasib Berry|[eat]\n|-enditem|p2b: Sinistcha|Kasib Berry|[weaken]\n|-damage|p2b: Sinistcha|32/100\n|move|p2b: Sinistcha|Matcha Gotcha|p1b: Basculegion|[spread] p1a\n|-miss|p2b: Sinistcha|p1b: Basculegion\n|-resisted|p1a: Kingambit|1\n|-damage|p1a: Kingambit|86/100\n|-heal|p2b: Sinistcha|40/100|[from] drain|[of] p1a: Kingambit\n|-status|p1a: Kingambit|brn\n|\n|-damage|p1a: Kingambit|81/100 brn|[from] brn\n|upkeep\n|\n|t:|1788228991\n|switch|p2a: Blastoise|Blastoise, L50, M|100/100\n|turn|5\n|\n|t:|1788229006\n|move|p2b: Sinistcha|Protect|p2b: Sinistcha\n|-singleturn|p2b: Sinistcha|Protect\n|move|p1a: Kingambit|Sucker Punch||[still]\n|-fail|p1a: Kingambit\n|move|p1b: Basculegion|Last Respects|p2a: Blastoise\n|-crit|p2a: Blastoise\n|-damage|p2a: Blastoise|0 fnt\n|faint|p2a: Blastoise\n|\n|-damage|p1a: Kingambit|75/100 brn|[from] brn\n|-sideend|p2: jsizzle15|move: Tailwind\n|upkeep\n|turn|6\n|c|☆jsizzle15|damn\n|\n|t:|1788229021\n|move|p1a: Kingambit|Sucker Punch|p2b: Sinistcha\n|-supereffective|p2b: Sinistcha|1\n|-damage|p2b: Sinistcha|0 fnt\n|faint|p2b: Sinistcha\n|\n|win|lukien_light\n|c|☆lukien_light|unlucky\n|c|☆lukien_light|gg\n|c|☆jsizzle15|gg\n","uploadtime":1788229031,"views":"22","formatid":"gen9championsvgc2026regmbbo3","rating":null,"private":0,"password":null}