{"id":"gen9championsvgc2026regmbbo3-2673828872","format":"[Gen 9 Champions] VGC 2026 Reg M-B (Bo3)","players":["bearlover997","humania1"],"log":"|j|☆bearlover997\n|j|☆humania1\n|html|<table width=\"100%\"><tr><td align=\"left\">bearlover997</td><td align=\"right\">humania1</tr><tr><td align=\"left\"><i class=\"fa fa-circle-o\"></i> <i class=\"fa fa-circle-o\"></i> </td><td align=\"right\"><i class=\"fa fa-circle-o\"></i> <i class=\"fa fa-circle-o\"></i> </tr></table>\n|uhtml|bestof|<h2><strong>Game 1</strong> of <a href=\"/game-bestof3-gen9championsvgc2026regmbbo3-2673828871\">a best-of-3</a></h2>\n|t:|1788264936\n|gametype|doubles\n|player|p1|bearlover997|sage|1048\n|player|p2|humania1|265|1047\n|gen|9\n|tier|[Gen 9 Champions] VGC 2026 Reg M-B (Bo3)\n|rated|\n|rule|Species Clause: Limit one of each Pokémon\n|rule|Item Clause: Limit 1 of each item\n|clearpoke\n|poke|p1|Lopunny, L50, F|\n|poke|p1|Volcarona, L50, F|\n|poke|p1|Ninetales-Alola, L50, F|\n|poke|p1|Dragalge, L50, M|\n|poke|p1|Grimmsnarl, L50, M|\n|poke|p1|Sinistcha, L50|\n|poke|p2|Blastoise, L50, F|\n|poke|p2|Delphox, L50, M, shiny|\n|poke|p2|Incineroar, L50, F|\n|poke|p2|Sinistcha, L50|\n|poke|p2|Sneasler, L50, M|\n|poke|p2|Vivillon, L50, F|\n|teampreview|4\n|showteam|p1|Lopunny||Lopunnite|Limber|FakeOut,Uturn,CloseCombat,Encore|Jolly||F|||50|]Volcarona||Leftovers|FlameBody|HeatWave,BugBuzz,Protect,QuiverDance|Modest||F|||50|]Ninetales-Alola||FocusSash|SnowWarning|Encore,Disable,Protect,FreezeDry|Timid||F|||50|]Dragalge||Dragalgite|PoisonPoint|SludgeBomb,DracoMeteor,FlipTurn,Toxic|Calm||M|||50|]Grimmsnarl||LightClay|Prankster|LightScreen,Reflect,PartingShot,SpiritBreak|Careful||M|||50|]Sinistcha||SitrusBerry|Hospitality|RagePowder,Curse,MatchaGotcha,Protect|Bold|||||50|\n|showteam|p2|Blastoise||Blastoisinite|Torrent|Protect,ShellSmash,WaterSpout,DarkPulse|Modest||F|||50|]Delphox||Delphoxite|Blaze|Protect,HeatWave,Psyshock,NastyPlot|Timid||M|||50|]Incineroar||PasshoBerry|Intimidate|FakeOut,PartingShot,FlareBlitz,ThroatChop|Impish||F|||50|]Sinistcha||SitrusBerry|Hospitality|Protect,MatchaGotcha,TrickRoom,RagePowder|Bold|||||50|]Sneasler||FocusSash|PoisonTouch|QuickGuard,FakeOut,CloseCombat,DireClaw|Jolly||M|||50|]Vivillon||ChoiceScarf|CompoundEyes|Hurricane,SleepPowder,RagePowder,Uturn|Timid||F|||50|\n|inactive|Battle timer is ON: inactive players will automatically lose when time's up. (requested by humania1)\n|inactive|bearlover997 also wants the timer to be on.\n|\n|t:|1788264955\n|teamsize|p1|4\n|teamsize|p2|4\n|start\n|switch|p1a: Lopunny|Lopunny, L50, F|100/100\n|switch|p1b: Volcarona|Volcarona, L50, F|100/100\n|switch|p2a: Delphox|Delphox, L50, M, shiny|100/100\n|switch|p2b: Incineroar|Incineroar, L50, F|100/100\n|-ability|p2b: Incineroar|Intimidate|boost\n|-unboost|p1a: Lopunny|atk|1\n|-unboost|p1b: Volcarona|atk|1\n|turn|1\n|inactive|humania1 has 30 seconds left.\n|inactive|humania1 has 20 seconds left.\n|inactive|humania1 has 15 seconds left.\n|inactive|humania1 has 10 seconds left.\n|\n|t:|1788265001\n|detailschange|p1a: Lopunny|Lopunny-Mega, L50, F\n|-mega|p1a: Lopunny|Lopunny|Lopunnite\n|move|p2a: Delphox|Protect|p2a: Delphox\n|-singleturn|p2a: Delphox|Protect\n|move|p1a: Lopunny|Fake Out|p2a: Delphox\n|-activate|p2a: Delphox|move: Protect\n|move|p2b: Incineroar|Fake Out|p1b: Volcarona\n|-damage|p1b: Volcarona|83/100\n|cant|p1b: Volcarona|flinch\n|\n|-heal|p1b: Volcarona|89/100|[from] item: Leftovers\n|upkeep\n|turn|2\n|inactive|humania1 has 30 seconds left.\n|inactive|humania1 has 20 seconds left.\n|inactive|humania1 has 15 seconds left.\n|inactive|humania1 has 10 seconds left.\n|\n|t:|1788265047\n|switch|p2b: Sneasler|Sneasler, L50, M|100/100\n|detailschange|p2a: Delphox|Delphox-Mega, L50, M, shiny\n|-mega|p2a: Delphox|Delphox|Delphoxite\n|move|p1a: Lopunny|Encore|p2a: Delphox\n|-start|p2a: Delphox|Encore\n|move|p2a: Delphox|Protect||[still]\n|-fail|p2a: Delphox\n|move|p1b: Volcarona|Quiver Dance|p1b: Volcarona\n|-boost|p1b: Volcarona|spa|1\n|-boost|p1b: Volcarona|spd|1\n|-boost|p1b: Volcarona|spe|1\n|\n|-heal|p1b: Volcarona|95/100|[from] item: Leftovers\n|upkeep\n|turn|3\n|\n|t:|1788265065\n|move|p2a: Delphox|Protect|p2a: Delphox\n|-singleturn|p2a: Delphox|Protect\n|move|p1b: Volcarona|Heat Wave|p2a: Delphox|[spread] p2b\n|-activate|p2a: Delphox|move: Protect\n|-damage|p2b: Sneasler|7/100\n|move|p1a: Lopunny|U-turn|p2b: Sneasler\n|-resisted|p2b: Sneasler|2\n|-crit|p2b: Sneasler\n|-damage|p2b: Sneasler|0 fnt\n|faint|p2b: Sneasler\n|\n|t:|1788265078\n|switch|p1a: Grimmsnarl|Grimmsnarl, L50, M|100/100|[from] U-turn\n|\n|-heal|p1b: Volcarona|100/100|[from] item: Leftovers\n|upkeep\n|\n|t:|1788265078\n|switch|p2b: Sinistcha|Sinistcha, L50|100/100\n|turn|4\n|\n|t:|1788265092\n|switch|p2a: Incineroar|Incineroar, L50, F|100/100\n|-ability|p2a: Incineroar|Intimidate|boost\n|-unboost|p1a: Grimmsnarl|atk|1\n|-unboost|p1b: Volcarona|atk|1\n|move|p2b: Sinistcha|Protect|p2b: Sinistcha\n|-singleturn|p2b: Sinistcha|Protect\n|move|p1b: Volcarona|Heat Wave|p2b: Sinistcha|[spread] p2a\n|-activate|p2b: Sinistcha|move: Protect\n|-resisted|p2a: Incineroar|1\n|-damage|p2a: Incineroar|69/100\n|move|p1a: Grimmsnarl|Spirit Break|p2a: Incineroar\n|-damage|p2a: Incineroar|51/100\n|-unboost|p2a: Incineroar|spa|1\n|\n|upkeep\n|turn|5\n|\n|t:|1788265115\n|move|p2b: Sinistcha|Rage Powder|p2b: Sinistcha\n|-singleturn|p2b: Sinistcha|move: Rage Powder\n|move|p1a: Grimmsnarl|Reflect|p1a: Grimmsnarl\n|-sidestart|p1: bearlover997|Reflect\n|move|p1b: Volcarona|Heat Wave|p2b: Sinistcha|[spread] p2a,p2b\n|-resisted|p2a: Incineroar|1\n|-supereffective|p2b: Sinistcha|1\n|-damage|p2a: Incineroar|19/100\n|-damage|p2b: Sinistcha|0 fnt\n|faint|p2b: Sinistcha\n|move|p2a: Incineroar|Throat Chop|p1b: Volcarona\n|-damage|p1b: Volcarona|67/100\n|-start|p1b: Volcarona|Throat Chop|[silent]\n|\n|-heal|p1b: Volcarona|74/100|[from] item: Leftovers\n|upkeep\n|\n|t:|1788265115\n|switch|p2b: Delphox|Delphox-Mega, L50, M, shiny|100/100\n|turn|6\n|\n|t:|1788265131\n|move|p1b: Volcarona|Protect|p1b: Volcarona\n|-singleturn|p1b: Volcarona|Protect\n|move|p1a: Grimmsnarl|Light Screen|p1a: Grimmsnarl\n|-sidestart|p1: bearlover997|move: Light Screen\n|move|p2b: Delphox|Psyshock|p1b: Volcarona\n|-activate|p1b: Volcarona|move: Protect\n|move|p2a: Incineroar|Flare Blitz|p1b: Volcarona\n|-activate|p1b: Volcarona|move: Protect\n|\n|-heal|p1b: Volcarona|80/100|[from] item: Leftovers\n|-end|p1b: Volcarona|Throat Chop|[silent]\n|upkeep\n|turn|7\n|\n|t:|1788265150\n|move|p1b: Volcarona|Bug Buzz|p2b: Delphox\n|-damage|p2b: Delphox|27/100\n|move|p2b: Delphox|Psyshock|p1b: Volcarona\n|-damage|p1b: Volcarona|35/100\n|move|p2a: Incineroar|Flare Blitz|p1b: Volcarona\n|-damage|p1b: Volcarona|0 fnt\n|faint|p1b: Volcarona\n|-damage|p2a: Incineroar|10/100|[from] Recoil\n|move|p1a: Grimmsnarl|Spirit Break|p2b: Delphox\n|-resisted|p2b: Delphox|1\n|-damage|p2b: Delphox|13/100\n|-unboost|p2b: Delphox|spa|1\n|\n|upkeep\n|\n|t:|1788265165\n|switch|p1b: Lopunny|Lopunny-Mega, L50, F|100/100\n|turn|8\n|\n|t:|1788265169\n|move|p2b: Delphox|Protect|p2b: Delphox\n|-singleturn|p2b: Delphox|Protect\n|move|p1b: Lopunny|Fake Out|p2b: Delphox\n|-activate|p2b: Delphox|move: Protect\n|move|p2a: Incineroar|Throat Chop|p1b: Lopunny\n|-resisted|p1b: Lopunny|1\n|-damage|p1b: Lopunny|87/100\n|-start|p1b: Lopunny|Throat Chop|[silent]\n|move|p1a: Grimmsnarl|Spirit Break|p2a: Incineroar\n|-damage|p2a: Incineroar|0 fnt\n|faint|p2a: Incineroar\n|\n|upkeep\n|turn|9\n|\n|t:|1788265174\n|move|p2b: Delphox|Protect|p2b: Delphox\n|-singleturn|p2b: Delphox|Protect\n|move|p1b: Lopunny|Encore|p2b: Delphox\n|-activate|p2b: Delphox|move: Protect\n|move|p1a: Grimmsnarl|Spirit Break|p2b: Delphox\n|-activate|p2b: Delphox|move: Protect\n|\n|-end|p1b: Lopunny|Throat Chop|[silent]\n|upkeep\n|turn|10\n|\n|t:|1788265178\n|move|p1b: Lopunny|Encore|p2b: Delphox\n|-start|p2b: Delphox|Encore\n|move|p2b: Delphox|Protect||[still]\n|-fail|p2b: Delphox\n|move|p1a: Grimmsnarl|Spirit Break|p2b: Delphox\n|-resisted|p2b: Delphox|1\n|-damage|p2b: Delphox|0 fnt\n|faint|p2b: Delphox\n|\n|win|bearlover997\n","uploadtime":1788265178,"views":"1","formatid":"gen9championsvgc2026regmbbo3","rating":null,"private":0,"password":null}