{"id":"gen9championsvgc2026regmbbo3-2673698547","format":"[Gen 9 Champions] VGC 2026 Reg M-B (Bo3)","players":["Infernape314","shibikanon"],"log":"|j|☆Infernape314\n|j|☆shibikanon\n|html|<table width=\"100%\"><tr><td align=\"left\">Infernape314</td><td align=\"right\">shibikanon</tr><tr><td align=\"left\"><i class=\"fa fa-circle-o\"></i> <i class=\"fa fa-circle-o\"></i> </td><td align=\"right\"><i class=\"fa fa-circle-o\"></i> <i class=\"fa fa-circle-o\"></i> </tr></table>\n|uhtml|bestof|<h2><strong>Game 1</strong> of <a href=\"/game-bestof3-gen9championsvgc2026regmbbo3-2673698546\">a best-of-3</a></h2>\n|t:|1788235471\n|gametype|doubles\n|player|p1|Infernape314|thorton|1178\n|player|p2|shibikanon|skyla-masters3|1151\n|gen|9\n|tier|[Gen 9 Champions] VGC 2026 Reg M-B (Bo3)\n|rated|\n|rule|Species Clause: Limit one of each Pokémon\n|rule|Item Clause: Limit 1 of each item\n|clearpoke\n|poke|p1|Archaludon, L50, F|\n|poke|p1|Swampert, L50, M|\n|poke|p1|Pelipper, L50, M|\n|poke|p1|Dragapult, L50, M|\n|poke|p1|Scizor, L50, M|\n|poke|p1|Heliolisk, L50, F|\n|poke|p2|Blaziken, L50, F|\n|poke|p2|Froslass, L50, F|\n|poke|p2|Kingambit, L50, M|\n|poke|p2|Garchomp, L50, F|\n|poke|p2|Basculegion, L50, M|\n|poke|p2|Sneasler, L50, F|\n|teampreview|4\n|showteam|p1|Archaludon||Leftovers|Stamina|DragonPulse,ElectroShot,FlashCannon,Protect|Modest||F|||50|]Swampert||Swampertite|Torrent|WaveCrash,HighHorsepower,IcePunch,Protect|Adamant||M|||50|]Pelipper||SitrusBerry|Drizzle|WeatherBall,Hurricane,WideGuard,Protect|Bold||M|||50|]Dragapult||FocusSash|ClearBody|DracoMeteor,ShadowBall,WillOWisp,Protect|Timid||M|||50|]Scizor||LifeOrb|Swarm|BulletPunch,CloseCombat,BugBite,Protect|Adamant||M|||50|]Heliolisk||ChoiceScarf|DrySkin|Thunderbolt,Electroweb,VoltSwitch,DarkPulse|Modest||F|||50|\n|showteam|p2|Blaziken||Blazikenite|SpeedBoost|CloseCombat,FlareBlitz,RockSlide,Detect|Adamant||F|||50|]Froslass||Froslassite|SnowCloak|Blizzard,ShadowBall,AuroraVeil,Protect|Modest||F|||50|]Kingambit||LifeOrb|Defiant|KowtowCleave,SuckerPunch,SwordsDance,Protect|Adamant||M|||50|]Garchomp||ChoiceScarf|RoughSkin|DragonClaw,StompingTantrum,RockSlide,Earthquake|Adamant||F|||50|]Basculegion||SitrusBerry|Adaptability|WaveCrash,LastRespects,AquaJet,Protect|Adamant||M|||50|]Sneasler||FocusSash|PoisonTouch|CloseCombat,PoisonJab,FakeOut,Protect|Jolly||F|||50|\n|inactive|Battle timer is ON: inactive players will automatically lose when time's up. (requested by Infernape314)\n|inactive|shibikanon also wants the timer to be on.\n|inactive|Infernape314 has 60 seconds left.\n|inactive|shibikanon has 60 seconds left.\n|inactive|shibikanon has 30 seconds left.\n|inactive|shibikanon has 20 seconds left.\n|\n|t:|1788235544\n|teamsize|p1|4\n|teamsize|p2|4\n|start\n|switch|p1a: Scizor|Scizor, L50, M|100/100\n|switch|p1b: Dragapult|Dragapult, L50, M|100/100\n|switch|p2a: Sneasler|Sneasler, L50, F|100/100\n|switch|p2b: Kingambit|Kingambit, L50, M|100/100\n|turn|1\n|\n|t:|1788235557\n|move|p1a: Scizor|Protect|p1a: Scizor\n|-singleturn|p1a: Scizor|Protect\n|move|p2a: Sneasler|Fake Out|p1a: Scizor\n|-activate|p1a: Scizor|move: Protect\n|move|p1b: Dragapult|Will-O-Wisp|p2a: Sneasler\n|-status|p2a: Sneasler|brn\n|move|p2b: Kingambit|Kowtow Cleave|p1b: Dragapult\n|-supereffective|p1b: Dragapult|1\n|-enditem|p1b: Dragapult|Focus Sash\n|-damage|p1b: Dragapult|1/100\n|-damage|p2b: Kingambit|90/100|[from] item: Life Orb\n|\n|-damage|p2a: Sneasler|94/100 brn|[from] brn\n|upkeep\n|turn|2\n|\n|t:|1788235577\n|move|p1b: Dragapult|Protect|p1b: Dragapult\n|-singleturn|p1b: Dragapult|Protect\n|move|p2b: Kingambit|Protect|p2b: Kingambit\n|-singleturn|p2b: Kingambit|Protect\n|move|p2a: Sneasler|Poison Jab|p1b: Dragapult\n|-activate|p1b: Dragapult|move: Protect\n|move|p1a: Scizor|Close Combat|p2b: Kingambit\n|-activate|p2b: Kingambit|move: Protect\n|\n|-damage|p2a: Sneasler|88/100 brn|[from] brn\n|upkeep\n|turn|3\n|\n|t:|1788235590\n|switch|p1b: Pelipper|Pelipper, L50, M|100/100\n|-weather|RainDance|[from] ability: Drizzle|[of] p1b: Pelipper\n|move|p2b: Kingambit|Sucker Punch|p1a: Scizor\n|-damage|p1a: Scizor|42/100\n|-damage|p2b: Kingambit|80/100|[from] item: Life Orb\n|move|p2a: Sneasler|Close Combat|p1a: Scizor\n|-damage|p1a: Scizor|11/100\n|-unboost|p2a: Sneasler|def|1\n|-unboost|p2a: Sneasler|spd|1\n|move|p1a: Scizor|Close Combat|p2b: Kingambit\n|-supereffective|p2b: Kingambit|2\n|-damage|p2b: Kingambit|0 fnt\n|-unboost|p1a: Scizor|def|1\n|-unboost|p1a: Scizor|spd|1\n|faint|p2b: Kingambit\n|-damage|p1a: Scizor|1/100|[from] item: Life Orb\n|\n|-weather|RainDance|[upkeep]\n|-damage|p2a: Sneasler|82/100 brn|[from] brn\n|upkeep\n|\n|t:|1788235602\n|switch|p2b: Basculegion|Basculegion, L50, M|100/100\n|turn|4\n|\n|t:|1788235616\n|move|p1b: Pelipper|Protect|p1b: Pelipper\n|-singleturn|p1b: Pelipper|Protect\n|move|p1a: Scizor|Bullet Punch|p2b: Basculegion\n|-resisted|p2b: Basculegion|1\n|-damage|p2b: Basculegion|86/100\n|-damage|p1a: Scizor|0 fnt|[from] item: Life Orb\n|faint|p1a: Scizor\n|move|p2a: Sneasler|Poison Jab|p1b: Pelipper\n|-activate|p1b: Pelipper|move: Protect\n|move|p2b: Basculegion|Last Respects|p1b: Pelipper\n|-activate|p1b: Pelipper|move: Protect\n|\n|-weather|RainDance|[upkeep]\n|-damage|p2a: Sneasler|77/100 brn|[from] brn\n|upkeep\n|\n|t:|1788235625\n|switch|p1a: Swampert|Swampert, L50, M|100/100\n|turn|5\n|\n|t:|1788235640\n|detailschange|p1a: Swampert|Swampert-Mega, L50, M\n|-mega|p1a: Swampert|Swampert|Swampertite\n|move|p2a: Sneasler|Protect|p2a: Sneasler\n|-singleturn|p2a: Sneasler|Protect\n|move|p1a: Swampert|High Horsepower|p2b: Basculegion|[miss]\n|-miss|p1a: Swampert|p2b: Basculegion\n|move|p2b: Basculegion|Last Respects|p1b: Pelipper\n|-damage|p1b: Pelipper|42/100\n|-enditem|p1b: Pelipper|Sitrus Berry|[eat]\n|-heal|p1b: Pelipper|67/100|[from] item: Sitrus Berry\n|move|p1b: Pelipper|Hurricane|p2b: Basculegion\n|-damage|p2b: Basculegion|46/100\n|-start|p2b: Basculegion|confusion\n|-enditem|p2b: Basculegion|Sitrus Berry|[eat]\n|-heal|p2b: Basculegion|70/100|[from] item: Sitrus Berry\n|\n|-weather|RainDance|[upkeep]\n|-damage|p2a: Sneasler|71/100 brn|[from] brn\n|upkeep\n|turn|6\n|\n|t:|1788235659\n|-activate|p2b: Basculegion|confusion\n|move|p2b: Basculegion|Protect|p2b: Basculegion\n|-singleturn|p2b: Basculegion|Protect\n|move|p1a: Swampert|High Horsepower|p2b: Basculegion\n|-activate|p2b: Basculegion|move: Protect\n|move|p2a: Sneasler|Poison Jab|p1b: Pelipper\n|-damage|p1b: Pelipper|47/100\n|-status|p1b: Pelipper|psn\n|move|p1b: Pelipper|Hurricane|p2a: Sneasler\n|-supereffective|p2a: Sneasler|1\n|-damage|p2a: Sneasler|0 fnt\n|faint|p2a: Sneasler\n|\n|-weather|RainDance|[upkeep]\n|-damage|p1b: Pelipper|34/100 psn|[from] psn\n|upkeep\n|\n|t:|1788235672\n|switch|p2a: Froslass|Froslass, L50, F|100/100\n|turn|7\n|\n|t:|1788235682\n|detailschange|p2a: Froslass|Froslass-Mega, L50, F\n|-mega|p2a: Froslass|Froslass|Froslassite\n|-weather|Snowscape|[from] ability: Snow Warning|[of] p2a: Froslass\n|move|p1b: Pelipper|Wide Guard|p1b: Pelipper\n|-singleturn|p1b: Pelipper|Wide Guard\n|move|p2a: Froslass|Shadow Ball|p1b: Pelipper\n|-damage|p1b: Pelipper|0 fnt\n|faint|p1b: Pelipper\n|move|p1a: Swampert|High Horsepower|p2b: Basculegion\n|-damage|p2b: Basculegion|12/100\n|-activate|p2b: Basculegion|confusion\n|move|p2b: Basculegion|Last Respects|p1a: Swampert\n|-damage|p1a: Swampert|20/100y\n|\n|-weather|Snowscape|[upkeep]\n|upkeep\n|\n|t:|1788235691\n|switch|p1b: Dragapult|Dragapult, L50, M|1/100\n|turn|8\n|\n|t:|1788235699\n|move|p1b: Dragapult|Protect|p1b: Dragapult\n|-singleturn|p1b: Dragapult|Protect\n|move|p1a: Swampert|Protect|p1a: Swampert\n|-singleturn|p1a: Swampert|Protect\n|-activate|p2b: Basculegion|confusion\n|move|p2b: Basculegion|Aqua Jet|p1b: Dragapult\n|-activate|p1b: Dragapult|move: Protect\n|move|p2a: Froslass|Shadow Ball|p1a: Swampert\n|-activate|p1a: Swampert|move: Protect\n|\n|-weather|Snowscape|[upkeep]\n|upkeep\n|turn|9\n|-message|Infernape314 forfeited.\n|\n|win|shibikanon\n","uploadtime":1788235708,"views":"0","formatid":"gen9championsvgc2026regmbbo3","rating":null,"private":0,"password":null}