{"id":"gen9championsvgc2026regmbbo3-2674398957","format":"[Gen 9 Champions] VGC 2026 Reg M-B (Bo3)","players":["beaveittoleaver","Thanathos0606"],"log":"|j|‽beaveittoleaver\n|j|☆Thanathos0606\n|html|<table width=\"100%\"><tr><td align=\"left\">beaveittoleaver</td><td align=\"right\">Thanathos0606</tr><tr><td align=\"left\"><i class=\"fa fa-circle-o\"></i> <i class=\"fa fa-circle-o\"></i> </td><td align=\"right\"><i class=\"fa fa-circle-o\"></i> <i class=\"fa fa-circle-o\"></i> </tr></table>\n|uhtml|bestof|<h2><strong>Game 1</strong> of <a href=\"/game-bestof3-gen9championsvgc2026regmbbo3-2674398956\">a best-of-3</a></h2>\n|t:|1788354859\n|gametype|doubles\n|player|p1|beaveittoleaver|rocketgruntf|1052\n|player|p2|Thanathos0606|169|1079\n|gen|9\n|tier|[Gen 9 Champions] VGC 2026 Reg M-B (Bo3)\n|rated|\n|rule|Species Clause: Limit one of each Pokémon\n|rule|Item Clause: Limit 1 of each item\n|clearpoke\n|poke|p1|Tyranitar, L50, F|\n|poke|p1|Excadrill, L50, M|\n|poke|p1|Corviknight, L50, M|\n|poke|p1|Rotom-Wash, L50|\n|poke|p1|Gyarados, L50, F|\n|poke|p1|Simisear, L50, M|\n|poke|p2|Basculegion, L50, M|\n|poke|p2|Garchomp, L50, F|\n|poke|p2|Scizor, L50, F|\n|poke|p2|Tyranitar, L50, F|\n|poke|p2|Sneasler, L50, F|\n|poke|p2|Corviknight, L50, F|\n|teampreview|4\n|showteam|p1|Tyranitar||Tyranitarite|SandStream|Crunch,DragonDance,RockSlide,Protect|Adamant||F|||50|]Excadrill||FocusSash|SandRush|Earthquake,IronHead,Protect,HighHorsepower|Adamant||M|||50|]Corviknight||Leftovers|MirrorArmor|BraveBird,Tailwind,BulkUp,BodyPress|Careful||M|||50|]Rotom-Wash||SitrusBerry|Levitate|HydroPump,Thunderbolt,Protect,ThunderWave|Calm|||||50|]Gyarados||LifeOrb|Moxie|DragonDance,Crunch,Waterfall,Protect|Adamant||F|||50|]Simisear||Charcoal|Blaze|FakeOut,Overheat,Protect,Yawn|Timid||M|||50|\n|showteam|p2|Basculegion||SitrusBerry|Adaptability|WaveCrash,LastRespects,AquaJet,Protect|Jolly||M|||50|]Garchomp||Garchompite|RoughSkin|EarthPower,DracoMeteor,PowerGem,Protect|Modest||F|||50|]Scizor||LifeOrb|Technician|BulletPunch,BugBite,SwordsDance,Protect|Adamant||F|||50|]Tyranitar||ChoiceScarf|SandStream|RockSlide,KnockOff,IcePunch,Superpower|Jolly||F|||50|]Sneasler||FocusSash|PoisonTouch|PoisonJab,CloseCombat,FakeOut,Protect|Jolly||F|||50|]Corviknight||Leftovers|MirrorArmor|IronHead,BraveBird,Tailwind,Protect|Impish||F|||50|\n|inactive|Battle timer is ON: inactive players will automatically lose when time's up. (requested by Thanathos0606)\n|inactive|beaveittoleaver also wants the timer to be on.\n|inactive|beaveittoleaver has 60 seconds left.\n|inactive|Thanathos0606 has 60 seconds left.\n|inactive|Thanathos0606 has 30 seconds left.\n|inactive|Thanathos0606 has 20 seconds left.\n|\n|t:|1788354932\n|teamsize|p1|4\n|teamsize|p2|4\n|start\n|switch|p1a: Simisear|Simisear, L50, M|100/100\n|switch|p1b: Excadrill|Excadrill, L50, M|100/100\n|switch|p2a: Garchomp|Garchomp, L50, F|100/100\n|switch|p2b: Sneasler|Sneasler, L50, F|100/100\n|turn|1\n|inactive|beaveittoleaver has 30 seconds left.\n|inactive|Thanathos0606 has 30 seconds left.\n|\n|t:|1788354962\n|move|p1b: Excadrill|Protect|p1b: Excadrill\n|-singleturn|p1b: Excadrill|Protect\n|move|p2b: Sneasler|Fake Out|p1b: Excadrill\n|-activate|p1b: Excadrill|move: Protect\n|move|p1a: Simisear|Fake Out|p2a: Garchomp\n|-damage|p2a: Garchomp|91/100\n|-damage|p1a: Simisear|87/100|[from] ability: Rough Skin|[of] p2a: Garchomp\n|cant|p2a: Garchomp|flinch\n|\n|upkeep\n|turn|2\n|inactive|beaveittoleaver has 30 seconds left.\n|inactive|Thanathos0606 has 30 seconds left.\n|inactive|Thanathos0606 has 20 seconds left.\n|inactive|Thanathos0606 has 15 seconds left.\n|\n|t:|1788355005\n|switch|p1b: Gyarados|Gyarados, L50, F|100/100\n|move|p2a: Garchomp|Protect|p2a: Garchomp\n|-singleturn|p2a: Garchomp|Protect\n|move|p2b: Sneasler|Close Combat|p1b: Gyarados\n|-resisted|p1b: Gyarados|1\n|-damage|p1b: Gyarados|59/100\n|-unboost|p2b: Sneasler|def|1\n|-unboost|p2b: Sneasler|spd|1\n|move|p1a: Simisear|Yawn|p2a: Garchomp\n|-activate|p2a: Garchomp|move: Protect\n|\n|upkeep\n|turn|3\n|inactive|beaveittoleaver has 30 seconds left.\n|inactive|Thanathos0606 has 30 seconds left.\n|inactive|Thanathos0606 has 20 seconds left.\n|inactive|beaveittoleaver has 20 seconds left.\n|\n|t:|1788355051\n|switch|p2b: Corviknight|Corviknight, L50, F|100/100\n|switch|p1b: Excadrill|Excadrill, L50, M|100/100\n|detailschange|p2a: Garchomp|Garchomp-Mega, L50, F\n|-mega|p2a: Garchomp|Garchomp|Garchompite\n|move|p1a: Simisear|Yawn|p2a: Garchomp\n|-start|p2a: Garchomp|move: Yawn|[of] p1a: Simisear\n|move|p2a: Garchomp|Earth Power|p1a: Simisear\n|-supereffective|p1a: Simisear|1\n|-damage|p1a: Simisear|0 fnt\n|faint|p1a: Simisear\n|\n|upkeep\n|\n|t:|1788355067\n|switch|p1a: Rotom|Rotom-Wash, L50|100/100\n|turn|4\n|\n|t:|1788355082\n|switch|p2a: Sneasler|Sneasler, L50, F|100/100\n|move|p1b: Excadrill|Protect|p1b: Excadrill\n|-singleturn|p1b: Excadrill|Protect\n|move|p2b: Corviknight|Protect|p2b: Corviknight\n|-singleturn|p2b: Corviknight|Protect\n|move|p1a: Rotom|Thunderbolt|p2b: Corviknight\n|-activate|p2b: Corviknight|move: Protect\n|\n|upkeep\n|turn|5\n|inactive|beaveittoleaver has 30 seconds left.\n|inactive|beaveittoleaver has 20 seconds left.\n|\n|t:|1788355121\n|move|p2a: Sneasler|Fake Out|p1a: Rotom\n|-damage|p1a: Rotom|84/100\n|move|p1b: Excadrill|High Horsepower|p2a: Sneasler\n|-supereffective|p2a: Sneasler|1\n|-enditem|p2a: Sneasler|Focus Sash\n|-damage|p2a: Sneasler|1/100\n|cant|p1a: Rotom|flinch\n|move|p2b: Corviknight|Tailwind|p2b: Corviknight\n|-sidestart|p2: Thanathos0606|move: Tailwind\n|\n|upkeep\n|turn|6\n|\n|t:|1788355138\n|switch|p2b: Garchomp|Garchomp-Mega, L50, F|91/100\n|move|p1b: Excadrill|Protect|p1b: Excadrill\n|-singleturn|p1b: Excadrill|Protect\n|move|p2a: Sneasler|Close Combat|p1b: Excadrill\n|-activate|p1b: Excadrill|move: Protect\n|move|p1a: Rotom|Thunderbolt|p2a: Sneasler\n|-damage|p2a: Sneasler|0 fnt\n|faint|p2a: Sneasler\n|\n|upkeep\n|\n|t:|1788355148\n|switch|p2a: Basculegion|Basculegion, L50, M|100/100\n|turn|7\n|\n|t:|1788355158\n|switch|p1b: Gyarados|Gyarados, L50, F|59/100\n|move|p2b: Garchomp|Earth Power|p1b: Gyarados\n|-immune|p1b: Gyarados\n|move|p2a: Basculegion|Last Respects|p1a: Rotom\n|-damage|p1a: Rotom|16/100\n|-enditem|p1a: Rotom|Sitrus Berry|[eat]\n|-heal|p1a: Rotom|41/100|[from] item: Sitrus Berry\n|move|p1a: Rotom|Thunderbolt|p2a: Basculegion\n|-supereffective|p2a: Basculegion|1\n|-damage|p2a: Basculegion|23/100\n|-enditem|p2a: Basculegion|Sitrus Berry|[eat]\n|-heal|p2a: Basculegion|48/100|[from] item: Sitrus Berry\n|\n|upkeep\n|turn|8\n|inactive|beaveittoleaver has 30 seconds left.\n|inactive|beaveittoleaver has 20 seconds left.\n|inactive|beaveittoleaver has 15 seconds left.\n|\n|t:|1788355198\n|switch|p1b: Excadrill|Excadrill, L50, M|100/100\n|move|p1a: Rotom|Protect|p1a: Rotom\n|-singleturn|p1a: Rotom|Protect\n|move|p2b: Garchomp|Power Gem|p1b: Excadrill\n|-resisted|p1b: Excadrill|2\n|-damage|p1b: Excadrill|90/100\n|move|p2a: Basculegion|Last Respects|p1a: Rotom\n|-activate|p1a: Rotom|move: Protect\n|\n|-sideend|p2: Thanathos0606|move: Tailwind\n|upkeep\n|turn|9\n|\n|t:|1788355222\n|move|p1b: Excadrill|Protect|p1b: Excadrill\n|-singleturn|p1b: Excadrill|Protect\n|move|p2a: Basculegion|Aqua Jet|p1b: Excadrill\n|-activate|p1b: Excadrill|move: Protect\n|move|p2b: Garchomp|Power Gem|p1a: Rotom\n|-damage|p1a: Rotom|17/100\n|move|p1a: Rotom|Thunderbolt|p2a: Basculegion\n|-supereffective|p2a: Basculegion|1\n|-damage|p2a: Basculegion|0 fnt\n|faint|p2a: Basculegion\n|\n|upkeep\n|\n|t:|1788355233\n|switch|p2a: Corviknight|Corviknight, L50, F|100/100\n|turn|10\n|\n|t:|1788355250\n|move|p1b: Excadrill|High Horsepower|p2b: Garchomp\n|-damage|p2b: Garchomp|45/100\n|move|p2b: Garchomp|Power Gem|p1b: Excadrill\n|-resisted|p1b: Excadrill|2\n|-damage|p1b: Excadrill|80/100\n|move|p1a: Rotom|Thunderbolt|p2a: Corviknight\n|-supereffective|p2a: Corviknight|1\n|-damage|p2a: Corviknight|50/100g\n|move|p2a: Corviknight|Tailwind|p2a: Corviknight\n|-sidestart|p2: Thanathos0606|move: Tailwind\n|\n|-heal|p2a: Corviknight|56/100|[from] item: Leftovers\n|upkeep\n|turn|11\n|-message|Thanathos0606 forfeited.\n|\n|win|beaveittoleaver\n|l|☆Thanathos0606\n|player|p2|\n|raw|beaveittoleaver's rating: 1052 &rarr; <strong>1087</strong><br />(+35 for winning)\n|raw|Thanathos0606's rating: 1079 &rarr; <strong>1055</strong><br />(-24 for losing)\n|l|‽beaveittoleaver\n|player|p1|\n|j|‽beaveittoleaver\n|player|p1|beaveittoleaver|rocketgruntf|\n","uploadtime":1788355286,"views":"18","formatid":"gen9championsvgc2026regmbbo3","rating":1055,"private":0,"password":null}