{"id":"gen9championsvgc2026regmb-2674514827","format":"[Gen 9 Champions] VGC 2026 Reg M-B","players":["DA COME UP","DominicGV"],"log":"|badge|p1|bronze|gen9ou|100-10\n|uhtml|medal-msg|<div class=\"broadcast-blue\">Curious what those medals under the avatar are? PS now has Ladder Seasons! For more information, check out the <a href=\"https://www.smogon.com/forums/threads/3740067/\">thread on Smogon.</a></div>\n|j|☆DA COME UP\n|j|☆DominicGV\n|t:|1788368831\n|gametype|doubles\n|player|p1|DA COME UP|hilbert-wonderlauncher|1098\n|player|p2|DominicGV|waiter-gen4dp|1178\n|gen|9\n|tier|[Gen 9 Champions] VGC 2026 Reg M-B\n|rated|\n|rule|Species Clause: Limit one of each Pokémon\n|rule|Item Clause: Limit 1 of each item\n|clearpoke\n|poke|p1|Gardevoir, L50, F|\n|poke|p1|Sinistcha, L50|\n|poke|p1|Farigiraf, L50, M|\n|poke|p1|Torkoal, L50, F|\n|poke|p1|Incineroar, L50, F|\n|poke|p1|Jolteon, L50, M|\n|poke|p2|Charizard, L50, M|\n|poke|p2|Dedenne, L50, F|\n|poke|p2|Dragonite, L50, M|\n|poke|p2|Vileplume, L50, F|\n|poke|p2|Farigiraf, L50, F|\n|poke|p2|Incineroar, L50, F|\n|teampreview|4\n|inactive|Battle timer is ON: inactive players will automatically lose when time's up. (requested by DominicGV)\n|inactive|DA COME UP has 60 seconds left.\n|inactive|DominicGV has 60 seconds left.\n|\n|t:|1788368881\n|teamsize|p1|4\n|teamsize|p2|4\n|start\n|switch|p1a: Gardevoir|Gardevoir, L50, F|100/100\n|switch|p1b: Jolteon|Jolteon, L50, M|100/100\n|switch|p2a: Charizard|Charizard, L50, M|100/100\n|switch|p2b: Vileplume|Vileplume, L50, F|100/100\n|turn|1\n|inactive|DominicGV has 30 seconds left.\n|\n|t:|1788368911\n|detailschange|p1a: Gardevoir|Gardevoir-Mega, L50, F\n|-mega|p1a: Gardevoir|Gardevoir|Gardevoirite\n|move|p2a: Charizard|Protect|p2a: Charizard\n|-singleturn|p2a: Charizard|Protect\n|move|p1b: Jolteon|Thunderbolt|p2a: Charizard\n|-activate|p2a: Charizard|move: Protect\n|move|p1a: Gardevoir|Psychic|p2b: Vileplume\n|-supereffective|p2b: Vileplume|1\n|-damage|p2b: Vileplume|0 fnt\n|faint|p2b: Vileplume\n|\n|upkeep\n|\n|t:|1788368921\n|switch|p2b: Incineroar|Incineroar, L50, F|100/100\n|-ability|p2b: Incineroar|Intimidate|boost\n|-unboost|p1a: Gardevoir|atk|1\n|-unboost|p1b: Jolteon|atk|1\n|turn|2\n|c|☆DA COME UP|woah\n|\n|t:|1788368930\n|detailschange|p2a: Charizard|Charizard-Mega-Y, L50, M\n|-mega|p2a: Charizard|Charizard|Charizardite Y\n|-weather|SunnyDay|[from] ability: Drought|[of] p2a: Charizard\n|move|p1a: Gardevoir|Protect|p1a: Gardevoir\n|-singleturn|p1a: Gardevoir|Protect\n|move|p2b: Incineroar|Fake Out|p1b: Jolteon\n|-damage|p1b: Jolteon|78/100\n|cant|p1b: Jolteon|flinch\n|move|p2a: Charizard|Heat Wave|p1a: Gardevoir|[spread] p1b\n|-activate|p1a: Gardevoir|move: Protect\n|-damage|p1b: Jolteon|0 fnt\n|faint|p1b: Jolteon\n|\n|-weather|SunnyDay|[upkeep]\n|upkeep\n|\n|t:|1788368945\n|switch|p1b: Incineroar|Incineroar, L50, F|100/100\n|-ability|p1b: Incineroar|Intimidate|boost\n|-unboost|p2a: Charizard|atk|1\n|-unboost|p2b: Incineroar|atk|1\n|turn|3\n|\n|t:|1788368968\n|move|p2a: Charizard|Protect|p2a: Charizard\n|-singleturn|p2a: Charizard|Protect\n|move|p1b: Incineroar|Fake Out|p2a: Charizard\n|-activate|p2a: Charizard|move: Protect\n|move|p1a: Gardevoir|Psychic|p2a: Charizard\n|-activate|p2a: Charizard|move: Protect\n|move|p2b: Incineroar|Parting Shot|p1a: Gardevoir\n|-unboost|p1a: Gardevoir|atk|1\n|-unboost|p1a: Gardevoir|spa|1\n|\n|t:|1788368976\n|switch|p2b: Dedenne|Dedenne, L50, F|100/100|[from] Parting Shot\n|\n|-weather|SunnyDay|[upkeep]\n|upkeep\n|turn|4\n|\n|t:|1788368992\n|switch|p1a: Farigiraf|Farigiraf, L50, M|100/100\n|move|p2b: Dedenne|Entrainment|p2a: Charizard\n|-ability|p2a: Charizard|Plus|Drought|[from] move: Entrainment|[of] p2b: Dedenne\n|move|p2a: Charizard|Weather Ball|p1a: Farigiraf\n|-damage|p1a: Farigiraf|0 fnt\n|faint|p1a: Farigiraf\n|move|p1b: Incineroar|Darkest Lariat|p2a: Charizard\n|-damage|p2a: Charizard|56/100\n|\n|-weather|SunnyDay|[upkeep]\n|upkeep\n|\n|t:|1788369004\n|switch|p1a: Gardevoir|Gardevoir-Mega, L50, F|100/100\n|turn|5\n|\n|t:|1788369019\n|switch|p2b: Incineroar|Incineroar, L50, F|100/100\n|-ability|p2b: Incineroar|Intimidate|boost\n|-unboost|p1a: Gardevoir|atk|1\n|-unboost|p1b: Incineroar|atk|1\n|move|p2a: Charizard|Weather Ball|p1a: Gardevoir\n|-damage|p1a: Gardevoir|26/100\n|move|p1a: Gardevoir|Psychic|p2a: Charizard\n|-damage|p2a: Charizard|0 fnt\n|faint|p2a: Charizard\n|move|p1b: Incineroar|Darkest Lariat|p2b: Incineroar\n|-resisted|p2b: Incineroar|1\n|-damage|p2b: Incineroar|87/100\n|\n|-weather|SunnyDay|[upkeep]\n|upkeep\n|\n|t:|1788369021\n|switch|p2a: Dedenne|Dedenne, L50, F|100/100\n|turn|6\n|\n|t:|1788369030\n|move|p2b: Incineroar|Fake Out|p1b: Incineroar\n|-damage|p1b: Incineroar|88/100\n|move|p2a: Dedenne|Electroweb|p1b: Incineroar|[spread] p1a,p1b\n|-damage|p1a: Gardevoir|16/100\n|-damage|p1b: Incineroar|77/100\n|-unboost|p1a: Gardevoir|spe|1\n|-unboost|p1b: Incineroar|spe|1\n|move|p1a: Gardevoir|Hyper Voice|p2a: Dedenne|[spread] p2a,p2b\n|-damage|p2a: Dedenne|29/100\n|-damage|p2b: Incineroar|40/100\n|cant|p1b: Incineroar|flinch\n|\n|-weather|none\n|-heal|p1b: Incineroar|83/100|[from] item: Leftovers\n|upkeep\n|turn|7\n|\n|t:|1788369047\n|move|p2a: Dedenne|Electroweb|p1b: Incineroar|[spread] p1a,p1b\n|-damage|p1a: Gardevoir|7/100\n|-damage|p1b: Incineroar|72/100\n|-unboost|p1a: Gardevoir|spe|1\n|-unboost|p1b: Incineroar|spe|1\n|move|p2b: Incineroar|Darkest Lariat|p1a: Gardevoir\n|-damage|p1a: Gardevoir|0 fnt\n|faint|p1a: Gardevoir\n|move|p1b: Incineroar|Close Combat|p2b: Incineroar\n|-supereffective|p2b: Incineroar|1\n|-damage|p2b: Incineroar|0 fnt\n|-unboost|p1b: Incineroar|def|1\n|-unboost|p1b: Incineroar|spd|1\n|faint|p2b: Incineroar\n|\n|-heal|p1b: Incineroar|78/100|[from] item: Leftovers\n|upkeep\n|turn|8\n|-message|DominicGV forfeited.\n|\n|win|DA COME UP\n|raw|DA COME UP's rating: 1120 &rarr; <strong>1149</strong><br />(+29 for winning)\n|raw|DominicGV's rating: 1178 &rarr; <strong>1149</strong><br />(-29 for losing)\n|l|☆DominicGV\n|player|p2|\n","uploadtime":1788369059,"views":"0","formatid":"gen9championsvgc2026regmb","rating":1149,"private":0,"password":null}