{"id":"gen9championsvgc2026regmb-2673979820","format":"[Gen 9 Champions] VGC 2026 Reg M-B","players":["Onecaptain1","benenelius"],"log":"|j|☆Onecaptain1\n|j|☆benenelius\n|t:|1788284324\n|gametype|doubles\n|player|p1|Onecaptain1|red|1106\n|player|p2|benenelius|dancer|1103\n|gen|9\n|tier|[Gen 9 Champions] VGC 2026 Reg M-B\n|rated|\n|rule|Species Clause: Limit one of each Pokémon\n|rule|Item Clause: Limit 1 of each item\n|clearpoke\n|poke|p1|Swampert, L50, M|\n|poke|p1|Pelipper, L50, M|\n|poke|p1|Basculegion, L50, M|\n|poke|p1|Sinistcha, L50|\n|poke|p1|Sneasler, L50, M|\n|poke|p1|Archaludon, L50, F|\n|poke|p2|Vivillon-Fancy, L50, F|\n|poke|p2|Beartic, L50, M|\n|poke|p2|Froslass, L50, F, shiny|\n|poke|p2|Samurott-Hisui, L50, F|\n|poke|p2|Armarouge, L50, M|\n|poke|p2|Kleavor, L50, M, shiny|\n|teampreview|4\n|inactive|Battle timer is ON: inactive players will automatically lose when time's up. (requested by Onecaptain1)\n|inactive|Onecaptain1 has 60 seconds left.\n|\n|t:|1788284365\n|teamsize|p1|4\n|teamsize|p2|4\n|start\n|switch|p1a: Swampert|Swampert, L50, M|100/100\n|switch|p1b: Pelipper|Pelipper, L50, M|100/100\n|switch|p2a: Froslass|Froslass, L50, F, shiny|100/100\n|switch|p2b: Samurott|Samurott-Hisui, L50, F|100/100\n|-weather|RainDance|[from] ability: Drizzle|[of] p1b: Pelipper\n|turn|1\n|inactive|benenelius has 30 seconds left.\n|\n|t:|1788284394\n|switch|p1b: Archaludon|Archaludon, L50, F|100/100\n|detailschange|p2a: Froslass|Froslass-Mega, L50, F, shiny\n|-mega|p2a: Froslass|Froslass|Froslassite\n|-weather|Snowscape|[from] ability: Snow Warning|[of] p2a: Froslass\n|detailschange|p1a: Swampert|Swampert-Mega, L50, M\n|-mega|p1a: Swampert|Swampert|Swampertite\n|move|p1a: Swampert|Protect|p1a: Swampert\n|-singleturn|p1a: Swampert|Protect\n|move|p2b: Samurott|Razor Shell|p1a: Swampert\n|-activate|p1a: Swampert|move: Protect\n|move|p2a: Froslass|Aurora Veil|p2a: Froslass\n|-sidestart|p2: benenelius|move: Aurora Veil\n|\n|-weather|Snowscape|[upkeep]\n|upkeep\n|turn|2\n|inactive|benenelius has 30 seconds left.\n|\n|t:|1788284420\n|switch|p2a: Aries Spears|Armarouge, L50, M|100/100\n|switch|p1a: Pelipper|Pelipper, L50, M|100/100\n|-weather|RainDance|[from] ability: Drizzle|[of] p1a: Pelipper\n|move|p2b: Samurott|Razor Shell|p1a: Pelipper\n|-resisted|p1a: Pelipper|1\n|-damage|p1a: Pelipper|56/100\n|-unboost|p1a: Pelipper|def|1\n|move|p1b: Archaludon|Electro Shot||[still]\n|-prepare|p1b: Archaludon|Electro Shot\n|-boost|p1b: Archaludon|spa|1\n|-anim|p1b: Archaludon|Electro Shot|p2b: Samurott\n|-supereffective|p2b: Samurott|1\n|-damage|p2b: Samurott|0 fnt\n|faint|p2b: Samurott\n|\n|-weather|RainDance|[upkeep]\n|upkeep\n|\n|t:|1788284442\n|switch|p2b: Froslass|Froslass-Mega, L50, F, shiny|100/100\n|-weather|Snowscape|[from] ability: Snow Warning|[of] p2b: Froslass\n|turn|3\n|\n|t:|1788284454\n|move|p1a: Pelipper|Protect|p1a: Pelipper\n|-singleturn|p1a: Pelipper|Protect\n|move|p2b: Froslass|Thunderbolt|p1a: Pelipper\n|-activate|p1a: Pelipper|move: Protect\n|move|p2a: Aries Spears|Armor Cannon|p1b: Archaludon\n|-damage|p1b: Archaludon|24/100\n|-unboost|p2a: Aries Spears|def|1\n|-unboost|p2a: Aries Spears|spd|1\n|-ability|p1b: Archaludon|Stamina|boost\n|-boost|p1b: Archaludon|def|1\n|move|p1b: Archaludon|Flash Cannon|p2b: Froslass\n|-supereffective|p2b: Froslass|1\n|-damage|p2b: Froslass|0 fnt\n|faint|p2b: Froslass\n|\n|-weather|Snowscape|[upkeep]\n|-heal|p1b: Archaludon|30/100|[from] item: Leftovers\n|upkeep\n|\n|t:|1788284459\n|switch|p2b: Beartic|Beartic, L50, M|100/100\n|turn|4\n|inactive|benenelius has 30 seconds left.\n|inactive|benenelius has 20 seconds left.\n|inactive|benenelius has 15 seconds left.\n|\n|t:|1788284502\n|switch|p1a: Swampert|Swampert-Mega, L50, M|100/100\n|move|p1b: Archaludon|Protect|p1b: Archaludon\n|-singleturn|p1b: Archaludon|Protect\n|move|p2b: Beartic|Icicle Crash|p1a: Swampert\n|-damage|p1a: Swampert|59/100\n|move|p2a: Aries Spears|Armor Cannon|p1b: Archaludon\n|-activate|p1b: Archaludon|move: Protect\n|\n|-weather|Snowscape|[upkeep]\n|-heal|p1b: Archaludon|36/100|[from] item: Leftovers\n|upkeep\n|turn|5\n|\n|t:|1788284519\n|switch|p1a: Pelipper|Pelipper, L50, M|56/100\n|-weather|RainDance|[from] ability: Drizzle|[of] p1a: Pelipper\n|move|p2a: Aries Spears|Protect|p2a: Aries Spears\n|-singleturn|p2a: Aries Spears|Protect\n|move|p2b: Beartic|Icicle Crash|p1a: Pelipper\n|-damage|p1a: Pelipper|8/100\n|move|p1b: Archaludon|Flash Cannon|p2b: Beartic\n|-supereffective|p2b: Beartic|1\n|-damage|p2b: Beartic|0 fnt\n|faint|p2b: Beartic\n|\n|-weather|RainDance|[upkeep]\n|-heal|p1b: Archaludon|42/100|[from] item: Leftovers\n|-sideend|p2: benenelius|move: Aurora Veil\n|upkeep\n|turn|6\n|-message|benenelius forfeited.\n|\n|win|Onecaptain1\n|raw|Onecaptain1's rating: 1106 &rarr; <strong>1131</strong><br />(+25 for winning)\n|raw|benenelius's rating: 1103 &rarr; <strong>1078</strong><br />(-25 for losing)\n|l|☆benenelius\n|player|p2|\n","uploadtime":1788284538,"views":"12","formatid":"gen9championsvgc2026regmb","rating":1078,"private":0,"password":null}