{"id":"gen9championsvgc2026regmbbo3-2673351147","format":"[Gen 9 Champions] VGC 2026 Reg M-B (Bo3)","players":["raibhay","testsubject8888"],"log":"|j|☆raibhay\n|j|☆testsubject8888\n|html|<table width=\"100%\"><tr><td align=\"left\">raibhay</td><td align=\"right\">testsubject8888</tr><tr><td align=\"left\"><i class=\"fa fa-circle-o\"></i> <i class=\"fa fa-circle-o\"></i> </td><td align=\"right\"><i class=\"fa fa-circle-o\"></i> <i class=\"fa fa-circle\"></i> </tr></table>\n|uhtml|bestof|<h2><strong>Game 2</strong> of <a href=\"/game-bestof3-gen9championsvgc2026regmbbo3-2673348214\">a best-of-3</a></h2>\n|t:|1788187066\n|gametype|doubles\n|player|p1|raibhay|169|\n|player|p2|testsubject8888|102|\n|gen|9\n|tier|[Gen 9 Champions] VGC 2026 Reg M-B (Bo3)\n|rule|Species Clause: Limit one of each Pokémon\n|rule|Item Clause: Limit 1 of each item\n|clearpoke\n|poke|p1|Venusaur, L50, M|\n|poke|p1|Charizard, L50, M|\n|poke|p1|Grimmsnarl, L50, M, shiny|\n|poke|p1|Archaludon, L50, F, shiny|\n|poke|p1|Basculegion, L50, M|\n|poke|p1|Pelipper, L50, F, shiny|\n|poke|p2|Staraptor, L50, F|\n|poke|p2|Vanilluxe, L50, M|\n|poke|p2|Farigiraf, L50, M|\n|poke|p2|Blastoise, L50, M|\n|poke|p2|Kingambit, L50, F|\n|poke|p2|Camerupt, L50, F|\n|teampreview|4\n|showteam|p1|Venusaur||FocusSash|Chlorophyll|SludgeBomb,EarthPower,SleepPowder,Protect|Modest||M|||50|]Charizard||CharizarditeY|Blaze|Protect,HeatWave,SolarBeam,WeatherBall|Modest||M|||50|]Grimmsnarl||LightClay|Prankster|SpiritBreak,LightScreen,Reflect,PartingShot|Sassy||M|||50|]Archaludon||Leftovers|Stamina|ElectroShot,DragonPulse,FlashCannon,Protect|Calm||F|||50|]Basculegion||ChoiceScarf|Adaptability|WaveCrash,LastRespects,AquaJet,FlipTurn|Jolly||M|||50|]Pelipper||SitrusBerry|Drizzle|Hurricane,WeatherBall,Tailwind,WideGuard|Modest||F|||50|\n|showteam|p2|Staraptor||ChoiceScarf|Intimidate|FinalGambit,BraveBird,CloseCombat,Uturn|Jolly||F|||50|]Vanilluxe||NeverMeltIce|SnowWarning|Blizzard,FreezeDry,Protect,IceShard|Quiet||M|||50|]Farigiraf||ColburBerry|ArmorTail|PsychicFangs,HyperVoice,HelpingHand,TrickRoom|Relaxed||M|||50|]Blastoise||Blastoisinite|RainDish|FakeOut,WaterSpout,AuraSphere,DarkPulse|Quiet||M|||50|]Kingambit||LifeOrb|Defiant|KowtowCleave,IronHead,Protect,SuckerPunch|Brave||F|||50|]Camerupt||Cameruptite|SolidRock|HeatWave,EarthPower,Protect,AncientPower|Quiet||F|||50|\n|j| ayushxd\n|\n|t:|1788187091\n|teamsize|p1|4\n|teamsize|p2|4\n|start\n|switch|p1a: Grimmsnarl|Grimmsnarl, L50, M, shiny|100/100\n|switch|p1b: Basculegion|Basculegion, L50, M|100/100\n|switch|p2a: Farigiraf|Farigiraf, L50, M|100/100\n|switch|p2b: Staraptor|Staraptor, L50, F|100/100\n|-ability|p2b: Staraptor|Intimidate|boost\n|-unboost|p1a: Grimmsnarl|atk|1\n|-unboost|p1b: Basculegion|atk|1\n|turn|1\n|\n|t:|1788187121\n|switch|p2b: Vanilluxe|Vanilluxe, L50, M|100/100\n|-weather|Snowscape|[from] ability: Snow Warning|[of] p2b: Vanilluxe\n|move|p1a: Grimmsnarl|Reflect|p1a: Grimmsnarl\n|-sidestart|p1: raibhay|Reflect\n|move|p1b: Basculegion|Flip Turn|p2a: Farigiraf\n|-damage|p2a: Farigiraf|80/100\n|\n|t:|1788187131\n|switch|p1b: Pelipper|Pelipper, L50, F, shiny|100/100|[from] Flip Turn\n|-weather|RainDance|[from] ability: Drizzle|[of] p1b: Pelipper\n|move|p2a: Farigiraf|Trick Room|p2a: Farigiraf\n|-fieldstart|move: Trick Room|[of] p2a: Farigiraf\n|\n|-weather|RainDance|[upkeep]\n|upkeep\n|turn|2\n|\n|t:|1788187159\n|move|p1a: Grimmsnarl|Light Screen|p1a: Grimmsnarl\n|-sidestart|p1: raibhay|move: Light Screen\n|move|p2a: Farigiraf|Psychic Fangs|p1b: Pelipper\n|-sideend|p1: raibhay|Reflect\n|-sideend|p1: raibhay|move: Light Screen\n|-damage|p1b: Pelipper|67/100\n|move|p2b: Vanilluxe|Freeze-Dry|p1b: Pelipper\n|-supereffective|p1b: Pelipper|2\n|-damage|p1b: Pelipper|0 fnt\n|faint|p1b: Pelipper\n|\n|-weather|RainDance|[upkeep]\n|upkeep\n|\n|t:|1788187171\n|switch|p1b: Archaludon|Archaludon, L50, F, shiny|100/100\n|turn|3\n|\n|t:|1788187192\n|switch|p2b: Camerupt|Camerupt, L50, F|100/100\n|move|p1a: Grimmsnarl|Spirit Break|p2b: Camerupt\n|-resisted|p2b: Camerupt|1\n|-damage|p2b: Camerupt|86/100\n|-unboost|p2b: Camerupt|spa|1\n|move|p2a: Farigiraf|Hyper Voice|p1b: Archaludon|[spread] p1a,p1b\n|-resisted|p1b: Archaludon|1\n|-damage|p1a: Grimmsnarl|77/100\n|-damage|p1b: Archaludon|89/100\n|-ability|p1b: Archaludon|Stamina|boost\n|-boost|p1b: Archaludon|def|1\n|move|p1b: Archaludon|Electro Shot||[still]\n|-prepare|p1b: Archaludon|Electro Shot\n|-boost|p1b: Archaludon|spa|1\n|-anim|p1b: Archaludon|Electro Shot|p2a: Farigiraf\n|-damage|p2a: Farigiraf|31/100\n|\n|-weather|RainDance|[upkeep]\n|-heal|p1b: Archaludon|95/100|[from] item: Leftovers\n|upkeep\n|turn|4\n|\n|t:|1788187224\n|detailschange|p2b: Camerupt|Camerupt-Mega, L50, F\n|-mega|p2b: Camerupt|Camerupt|Cameruptite\n|move|p2a: Farigiraf|Helping Hand|p2b: Camerupt\n|-singleturn|p2b: Camerupt|Helping Hand|[of] p2a: Farigiraf\n|move|p1a: Grimmsnarl|Light Screen|p1a: Grimmsnarl\n|-sidestart|p1: raibhay|move: Light Screen\n|move|p2b: Camerupt|Earth Power|p1b: Archaludon\n|-supereffective|p1b: Archaludon|1\n|-damage|p1b: Archaludon|13/100\n|-ability|p1b: Archaludon|Stamina|boost\n|-boost|p1b: Archaludon|def|1\n|move|p1b: Archaludon|Flash Cannon|p2a: Farigiraf\n|-crit|p2a: Farigiraf\n|-damage|p2a: Farigiraf|0 fnt\n|faint|p2a: Farigiraf\n|\n|-weather|RainDance|[upkeep]\n|-heal|p1b: Archaludon|19/100|[from] item: Leftovers\n|upkeep\n|\n|t:|1788187239\n|switch|p2a: Vanilluxe|Vanilluxe, L50, M|100/100\n|-weather|Snowscape|[from] ability: Snow Warning|[of] p2a: Vanilluxe\n|turn|5\n|\n|t:|1788187253\n|move|p1b: Archaludon|Protect|p1b: Archaludon\n|-singleturn|p1b: Archaludon|Protect\n|move|p2b: Camerupt|Earth Power|p1a: Grimmsnarl\n|-damage|p1a: Grimmsnarl|47/100\n|move|p1a: Grimmsnarl|Spirit Break|p2a: Vanilluxe\n|-damage|p2a: Vanilluxe|84/100\n|-unboost|p2a: Vanilluxe|spa|1\n|move|p2a: Vanilluxe|Blizzard|p1b: Archaludon|[spread] p1a\n|-activate|p1b: Archaludon|move: Protect\n|-damage|p1a: Grimmsnarl|27/100\n|\n|-weather|Snowscape|[upkeep]\n|-heal|p1b: Archaludon|25/100|[from] item: Leftovers\n|-fieldend|move: Trick Room\n|upkeep\n|turn|6\n|inactive|Battle timer is ON: inactive players will automatically lose when time's up. (requested by testsubject8888)\n|\n|t:|1788187303\n|move|p2a: Vanilluxe|Protect|p2a: Vanilluxe\n|-singleturn|p2a: Vanilluxe|Protect\n|move|p1b: Archaludon|Flash Cannon|p2a: Vanilluxe\n|-activate|p2a: Vanilluxe|move: Protect\n|move|p1a: Grimmsnarl|Spirit Break|p2b: Camerupt\n|-resisted|p2b: Camerupt|1\n|-damage|p2b: Camerupt|77/100\n|-unboost|p2b: Camerupt|spa|1\n|move|p2b: Camerupt|Earth Power|p1b: Archaludon\n|-supereffective|p1b: Archaludon|1\n|-damage|p1b: Archaludon|0 fnt\n|faint|p1b: Archaludon\n|\n|-weather|Snowscape|[upkeep]\n|upkeep\n|\n|t:|1788187319\n|switch|p1b: Basculegion|Basculegion, L50, M|100/100\n|turn|7\n|\n|t:|1788187337\n|switch|p2a: Staraptor|Staraptor, L50, F|100/100\n|-ability|p2a: Staraptor|Intimidate|boost\n|-unboost|p1a: Grimmsnarl|atk|1\n|-unboost|p1b: Basculegion|atk|1\n|move|p2b: Camerupt|Protect|p2b: Camerupt\n|-singleturn|p2b: Camerupt|Protect\n|move|p1b: Basculegion|Last Respects|p2a: Staraptor\n|-immune|p2a: Staraptor\n|move|p1a: Grimmsnarl|Spirit Break|p2b: Camerupt\n|-activate|p2b: Camerupt|move: Protect\n|\n|-weather|Snowscape|[upkeep]\n|upkeep\n|turn|8\n|\n|t:|1788187359\n|move|p2a: Staraptor|Brave Bird|p1a: Grimmsnarl\n|-damage|p1a: Grimmsnarl|0 fnt\n|faint|p1a: Grimmsnarl\n|-damage|p2a: Staraptor|90/100|[from] Recoil\n|move|p1b: Basculegion|Last Respects|p2b: Camerupt\n|-damage|p2b: Camerupt|0 fnt\n|faint|p2b: Camerupt\n|\n|-weather|Snowscape|[upkeep]\n|upkeep\n|\n|t:|1788187363\n|switch|p2b: Vanilluxe|Vanilluxe, L50, M|84/100\n|turn|9\n|\n|t:|1788187376\n|move|p2a: Staraptor|Brave Bird|p1b: Basculegion\n|-damage|p1b: Basculegion|36/100\n|-damage|p2a: Staraptor|69/100|[from] Recoil\n|move|p1b: Basculegion|Last Respects|p2b: Vanilluxe\n|-damage|p2b: Vanilluxe|25/100\n|move|p2b: Vanilluxe|Freeze-Dry|p1b: Basculegion\n|-supereffective|p1b: Basculegion|1\n|-damage|p1b: Basculegion|0 fnt\n|faint|p1b: Basculegion\n|\n|win|testsubject8888\n|l|☆testsubject8888\n|player|p2|\n|l| ayushxd\n|l|☆raibhay\n|player|p1|\n|j| ayushxd\n","uploadtime":1788187649,"views":"14","formatid":"gen9championsvgc2026regmbbo3","rating":null,"private":0,"password":null}