{"id":"gen9championsvgc2026regmb-2674040893","format":"[Gen 9 Champions] VGC 2026 Reg M-B","players":["LowLadderCatGirl","superdolphin440"],"log":"|j|☆LowLadderCatGirl\n|j|☆superdolphin440\n|html|<table width=\"100%\"><tr><td align=\"left\">LowLadderCatGirl</td><td align=\"right\">superdolphin440</tr><tr><td align=\"left\"><i class=\"fa fa-circle\"></i> <i class=\"fa fa-circle-o\"></i> </td><td align=\"right\"><i class=\"fa fa-circle-o\"></i> <i class=\"fa fa-circle\"></i> </tr></table>\n|uhtml|bestof|<h2><strong>Game 3</strong> of <a href=\"/game-bestof3-gen9championsvgc2026regmb-2674037800\">a best-of-3</a></h2>\n|t:|1788291502\n|gametype|doubles\n|player|p1|LowLadderCatGirl|yancy|\n|player|p2|superdolphin440|scientistf|\n|gen|9\n|tier|[Gen 9 Champions] VGC 2026 Reg M-B\n|rule|Species Clause: Limit one of each Pokémon\n|rule|Item Clause: Limit 1 of each item\n|raw|<div class=\"infobox\"><details class=\"readmore\" open><summary><strong>1 custom rule:</strong></summary> Best of = 3</details></div>\n|clearpoke\n|poke|p1|Raichu, L50, F|\n|poke|p1|Krookodile, L50, F|\n|poke|p1|Palafin, L50, F|\n|poke|p1|Ditto, L50|\n|poke|p1|Tinkaton, L50, F|\n|poke|p1|Froslass, L50, F|\n|poke|p2|Gengar, L50, M, shiny|\n|poke|p2|Basculegion, L50, M|\n|poke|p2|Steelix, L50, M, shiny|\n|poke|p2|Kommo-o, L50, F, shiny|\n|poke|p2|Grimmsnarl, L50, M|\n|poke|p2|Politoed, L50, F, shiny|\n|teampreview|4\n|inactive|Battle timer is ON: inactive players will automatically lose when time's up. (requested by LowLadderCatGirl)\n|\n|t:|1788291531\n|teamsize|p1|4\n|teamsize|p2|4\n|start\n|switch|p1a: Krookodile|Krookodile, L50, F|100/100\n|switch|p1b: Palafin|Palafin, L50, F|100/100\n|switch|p2a: cementoss|Steelix, L50, M, shiny|100/100\n|switch|p2b: best jeanist|Grimmsnarl, L50, M|100/100\n|-ability|p1a: Krookodile|Intimidate|boost\n|-unboost|p2a: cementoss|atk|1\n|-unboost|p2b: best jeanist|atk|1\n|turn|1\n|\n|t:|1788291550\n|switch|p2a: wash|Politoed, L50, F, shiny|100/100\n|-weather|RainDance|[from] ability: Drizzle|[of] p2a: wash\n|move|p2b: best jeanist|Reflect|p2b: best jeanist\n|-sidestart|p2: superdolphin440|Reflect\n|move|p1a: Krookodile|High Horsepower|p2a: wash\n|-damage|p2a: wash|61/100\n|move|p1b: Palafin|Wave Crash|p2a: wash\n|-resisted|p2a: wash|1\n|-damage|p2a: wash|29/100\n|-damage|p1b: Palafin|88/100|[from] Recoil\n|\n|-weather|RainDance|[upkeep]\n|upkeep\n|turn|2\n|inactive|LowLadderCatGirl has 30 seconds left.\n|\n|t:|1788291577\n|move|p1a: Krookodile|High Horsepower|p2a: wash\n|-damage|p2a: wash|0 fnt\n|faint|p2a: wash\n|move|p1b: Palafin|Flip Turn|p2b: best jeanist\n|-damage|p2b: best jeanist|70/100\n|\n|t:|1788291584\n|detailschange|p1b: Palafin|Palafin-Hero, L50, F\n|switch|p1b: Raichu|Raichu, L50, F|100/100|[from] Flip Turn\n|move|p2b: best jeanist|Spirit Break|p1b: Raichu\n|-damage|p1b: Raichu|61/100\n|-unboost|p1b: Raichu|spa|1\n|\n|-weather|RainDance|[upkeep]\n|upkeep\n|\n|t:|1788291588\n|switch|p2a: cementoss|Steelix, L50, M, shiny|100/100\n|turn|3\n|\n|t:|1788291602\n|detailschange|p1b: Raichu|Raichu-Mega-Y, L50, F\n|-mega|p1b: Raichu|Raichu|Raichunite Y\n|detailschange|p2a: cementoss|Steelix-Mega, L50, M, shiny\n|-mega|p2a: cementoss|Steelix|Steelixite\n|move|p2b: best jeanist|Light Screen|p2b: best jeanist\n|-sidestart|p2: superdolphin440|move: Light Screen\n|move|p1b: Raichu|Zap Cannon|p2b: best jeanist\n|-damage|p2b: best jeanist|45/100\n|-status|p2b: best jeanist|par\n|move|p1a: Krookodile|High Horsepower|p2b: best jeanist\n|-damage|p2b: best jeanist|14/100 par\n|move|p2a: cementoss|High Horsepower|p1b: Raichu\n|-supereffective|p1b: Raichu|1\n|-damage|p1b: Raichu|0 fnt\n|faint|p1b: Raichu\n|\n|-weather|RainDance|[upkeep]\n|upkeep\n|\n|t:|1788291616\n|switch|p1b: Palafin|Palafin-Hero, L50, F|88/100\n|-activate|p1b: Palafin|ability: Zero to Hero\n|turn|4\n|\n|t:|1788291623\n|move|p1a: Krookodile|High Horsepower|p2b: best jeanist\n|-damage|p2b: best jeanist|0 fnt\n|faint|p2b: best jeanist\n|move|p1b: Palafin|Wave Crash|p2a: cementoss\n|-supereffective|p2a: cementoss|1\n|-damage|p2a: cementoss|1/100\n|-damage|p1b: Palafin|57/100|[from] Recoil\n|move|p2a: cementoss|Ice Fang|p1a: Krookodile\n|-supereffective|p1a: Krookodile|1\n|-damage|p1a: Krookodile|50/100y\n|\n|-weather|RainDance|[upkeep]\n|upkeep\n|\n|t:|1788291634\n|switch|p2b: gang orca|Basculegion, L50, M|100/100\n|turn|5\n|\n|t:|1788291645\n|move|p1b: Palafin|Jet Punch|p2a: cementoss\n|-supereffective|p2a: cementoss|1\n|-damage|p2a: cementoss|0 fnt\n|faint|p2a: cementoss\n|move|p2b: gang orca|Last Respects|p1a: Krookodile\n|-resisted|p1a: Krookodile|1\n|-crit|p1a: Krookodile\n|-damage|p1a: Krookodile|0 fnt\n|faint|p1a: Krookodile\n|\n|-weather|none\n|upkeep\n|\n|t:|1788291650\n|switch|p1a: Ditto|Ditto, L50|100/100\n|-transform|p1a: Ditto|p2b: gang orca|[from] ability: Imposter\n|turn|6\n|c|☆LowLadderCatGirl|Oh boy\n|c|☆superdolphin440|speed tie time\n|\n|t:|1788291660\n|move|p1a: Ditto|Last Respects|p2b: gang orca\n|-supereffective|p2b: gang orca|1\n|-damage|p2b: gang orca|0 fnt\n|faint|p2b: gang orca\n|\n|win|LowLadderCatGirl\n","uploadtime":1788291666,"views":"3","formatid":"gen9championsvgc2026regmb","rating":null,"private":0,"password":null}