{"id":"gen9championsvgc2026regmb-2674056040","format":"[Gen 9 Champions] VGC 2026 Reg M-B","players":["ethalem77","heybeatme"],"log":"|j|☆ethalem77\n|j|☆heybeatme\n|t:|1788293334\n|gametype|doubles\n|player|p1|ethalem77|acetrainer-gen4dp|1516\n|player|p2|heybeatme|101|1490\n|gen|9\n|tier|[Gen 9 Champions] VGC 2026 Reg M-B\n|rated|\n|rule|Species Clause: Limit one of each Pokémon\n|rule|Item Clause: Limit 1 of each item\n|clearpoke\n|poke|p1|Dragonite, L50, F|\n|poke|p1|Sneasler, L50, M|\n|poke|p1|Basculegion, L50, M|\n|poke|p1|Kingambit, L50, M|\n|poke|p1|Garchomp, L50, M|\n|poke|p1|Floette-Eternal, L50, F|\n|poke|p2|Meganium, L50, F|\n|poke|p2|Pelipper, L50, M|\n|poke|p2|Farigiraf, L50, M|\n|poke|p2|Kingambit, L50, M|\n|poke|p2|Gengar, L50, F|\n|poke|p2|Garchomp, L50, F|\n|teampreview|4\n|inactive|Battle timer is ON: inactive players will automatically lose when time's up. (requested by ethalem77)\n|\n|t:|1788293344\n|teamsize|p1|4\n|teamsize|p2|4\n|start\n|switch|p1a: Kingambit|Kingambit, L50, M|100/100\n|switch|p1b: Dragonite|Dragonite, L50, F|100/100\n|switch|p2a: Kingambit|Kingambit, L50, M|100/100\n|switch|p2b: Gengar|Gengar, L50, F|100/100\n|turn|1\n|\n|t:|1788293363\n|detailschange|p1b: Dragonite|Dragonite-Mega, L50, F\n|-mega|p1b: Dragonite|Dragonite|Dragoninite\n|move|p2a: Kingambit|Sucker Punch|p1b: Dragonite\n|-damage|p1b: Dragonite|78/100\n|move|p2b: Gengar|Will-O-Wisp|p1a: Kingambit\n|-status|p1a: Kingambit|brn\n|move|p1b: Dragonite|Heat Wave|p2b: Gengar|[spread] p2a,p2b\n|-supereffective|p2a: Kingambit|1\n|-damage|p2a: Kingambit|45/100\n|-damage|p2b: Gengar|58/100\n|move|p1a: Kingambit|Low Kick|p2a: Kingambit\n|-supereffective|p2a: Kingambit|2\n|-crit|p2a: Kingambit\n|-enditem|p2a: Kingambit|Chople Berry|[eat]\n|-enditem|p2a: Kingambit|Chople Berry|[weaken]\n|-damage|p2a: Kingambit|5/100\n|\n|-damage|p1a: Kingambit|94/100 brn|[from] brn\n|upkeep\n|turn|2\n|\n|t:|1788293385\n|move|p1a: Kingambit|Sucker Punch|p2b: Gengar\n|-supereffective|p2b: Gengar|1\n|-damage|p2b: Gengar|2/100\n|move|p2a: Kingambit|Sucker Punch|p1b: Dragonite\n|-damage|p1b: Dragonite|36/100\n|move|p2b: Gengar|Sludge Bomb|p1b: Dragonite\n|-damage|p1b: Dragonite|2/100\n|move|p1b: Dragonite|Heat Wave|p2b: Gengar|[spread] p2a,p2b\n|-supereffective|p2a: Kingambit|1\n|-damage|p2a: Kingambit|0 fnt\n|-damage|p2b: Gengar|0 fnt\n|-start|p1b: Dragonite|Disable|Heat Wave|[from] ability: Cursed Body|[of] p2b: Gengar\n|faint|p2a: Kingambit\n|faint|p2b: Gengar\n|\n|-damage|p1a: Kingambit|88/100 brn|[from] brn\n|upkeep\n|\n|t:|1788293400\n|switch|p2b: Garchomp|Garchomp, L50, F|100/100\n|switch|p2a: Meganium|Meganium, L50, F|100/100\n|turn|3\n|\n|t:|1788293423\n|detailschange|p2a: Meganium|Meganium-Mega, L50, F\n|-mega|p2a: Meganium|Meganium|Meganiumite\n|move|p1b: Dragonite|Protect|p1b: Dragonite\n|-singleturn|p1b: Dragonite|Protect\n|move|p1a: Kingambit|Sucker Punch|p2b: Garchomp\n|-damage|p2b: Garchomp|82/100\n|-damage|p1a: Kingambit|76/100 brn|[from] ability: Rough Skin|[of] p2b: Garchomp\n|move|p2b: Garchomp|Earthquake|p1a: Kingambit|[spread] p2a,p1a\n|-activate|p1b: Dragonite|move: Protect\n|-resisted|p2a: Meganium|1\n|-supereffective|p1a: Kingambit|1\n|-damage|p2a: Meganium|79/100\n|-damage|p1a: Kingambit|3/100 brn\n|-damage|p2b: Garchomp|72/100|[from] item: Life Orb\n|move|p2a: Meganium|Dazzling Gleam|p1b: Dragonite|[spread] p1a\n|-activate|p1b: Dragonite|move: Protect\n|-damage|p1a: Kingambit|0 fnt\n|faint|p1a: Kingambit\n|\n|upkeep\n|\n|t:|1788293446\n|switch|p1a: Sneasler|Sneasler, L50, M|100/100\n|turn|4\n|inactive|ethalem77 has 30 seconds left.\n|\n|t:|1788293473\n|move|p2a: Meganium|Protect|p2a: Meganium\n|-singleturn|p2a: Meganium|Protect\n|move|p1a: Sneasler|Feint|p2b: Garchomp\n|-damage|p2b: Garchomp|61/100\n|move|p2b: Garchomp|Rock Slide|p1a: Sneasler|[spread] p1a,p1b\n|-resisted|p1a: Sneasler|1\n|-supereffective|p1b: Dragonite|1\n|-damage|p1a: Sneasler|79/100\n|-damage|p1b: Dragonite|0 fnt\n|faint|p1b: Dragonite\n|-damage|p2b: Garchomp|51/100|[from] item: Life Orb\n|\n|upkeep\n|\n|t:|1788293479\n|switch|p1b: Basculegion|Basculegion, L50, M|100/100\n|turn|5\n|\n|t:|1788293494\n|move|p1a: Sneasler|Dire Claw|p2a: Meganium\n|-supereffective|p2a: Meganium|2\n|-damage|p2a: Meganium|0 fnt\n|faint|p2a: Meganium\n|move|p2b: Garchomp|Earthquake|p1a: Sneasler|[spread] p1a,p1b\n|-supereffective|p1a: Sneasler|1\n|-damage|p1a: Sneasler|0 fnt\n|-damage|p1b: Basculegion|33/100\n|faint|p1a: Sneasler\n|-damage|p2b: Garchomp|42/100|[from] item: Life Orb\n|move|p1b: Basculegion|Last Respects|p2b: Garchomp\n|-damage|p2b: Garchomp|0 fnt\n|faint|p2b: Garchomp\n|-damage|p1b: Basculegion|23/100|[from] item: Life Orb\n|\n|win|ethalem77\n|raw|ethalem77's rating: 1516 &rarr; <strong>1535</strong><br />(+19 for winning)\n|raw|heybeatme's rating: 1490 &rarr; <strong>1471</strong><br />(-19 for losing)\n","uploadtime":1788293496,"views":"3","formatid":"gen9championsvgc2026regmb","rating":1471,"private":0,"password":null}