{"id":"gen9championsvgc2026regmb-2674291030","format":"[Gen 9 Champions] VGC 2026 Reg M-B","players":["Pokedoke","xiaoyang2004"],"log":"|j|☆Pokedoke\n|j|☆xiaoyang2004\n|t:|1788333163\n|gametype|doubles\n|player|p1|Pokedoke|miku-ghost|1328\n|player|p2|xiaoyang2004|102|1387\n|gen|9\n|tier|[Gen 9 Champions] VGC 2026 Reg M-B\n|rated|\n|rule|Species Clause: Limit one of each Pokémon\n|rule|Item Clause: Limit 1 of each item\n|clearpoke\n|poke|p1|Golurk, L50|\n|poke|p1|Medicham, L50, M|\n|poke|p1|Basculegion, L50, M|\n|poke|p1|Metagross, L50|\n|poke|p1|Whimsicott, L50, M|\n|poke|p1|Floette-Eternal, L50, F|\n|poke|p2|Charizard, L50, M, shiny|\n|poke|p2|Garchomp, L50, M, shiny|\n|poke|p2|Rotom-Wash, L50, shiny|\n|poke|p2|Whimsicott, L50, F, shiny|\n|poke|p2|Incineroar, L50, M, shiny|\n|poke|p2|Hydreigon, L50, M, shiny|\n|teampreview|4\n|l|☆xiaoyang2004\n|player|p2|\n|j|☆xiaoyang2004\n|player|p2|xiaoyang2004|102|\n|inactive|Battle timer is ON: inactive players will automatically lose when time's up. (requested by xiaoyang2004)\n|\n|t:|1788333233\n|teamsize|p1|4\n|teamsize|p2|4\n|start\n|switch|p1a: Metagross|Metagross, L50|100/100\n|switch|p1b: Medicham|Medicham, L50, M|100/100\n|switch|p2a: Incineroar|Incineroar, L50, M, shiny|100/100\n|switch|p2b: Charizard|Charizard, L50, M, shiny|100/100\n|-ability|p2a: Incineroar|Intimidate|boost\n|-fail|p1a: Metagross|unboost|[from] ability: Clear Body|[of] p1a: Metagross\n|-unboost|p1b: Medicham|atk|1\n|turn|1\n|inactive|Pokedoke has 30 seconds left.\n|inactive|xiaoyang2004 has 30 seconds left.\n|\n|t:|1788333266\n|move|p2b: Charizard|Protect|p2b: Charizard\n|-singleturn|p2b: Charizard|Protect\n|move|p1a: Metagross|Explosion|p2b: Charizard|[spread] p1b,p2a\n|-activate|p2b: Charizard|move: Protect\n|-enditem|p1b: Medicham|Focus Sash\n|-damage|p1b: Medicham|1/100\n|-damage|p2a: Incineroar|32/100\n|faint|p1a: Metagross\n|move|p2a: Incineroar|Parting Shot|p1b: Medicham\n|-unboost|p1b: Medicham|atk|1\n|-unboost|p1b: Medicham|spa|1\n|\n|t:|1788333280\n|switch|p2a: Garchomp|Garchomp, L50, M, shiny|100/100|[from] Parting Shot\n|move|p1b: Medicham|Trick Room|p1b: Medicham\n|-fieldstart|move: Trick Room|[of] p1b: Medicham\n|\n|upkeep\n|c|☆Pokedoke|frik i forgot to put on telepathy\n|\n|t:|1788333301\n|switch|p1a: Basculegion|Basculegion, L50, M|100/100\n|turn|2\n|\n|t:|1788333315\n|switch|p2b: Incineroar|Incineroar, L50, M, shiny|32/100\n|-ability|p2b: Incineroar|Intimidate|boost\n|-unboost|p1a: Basculegion|atk|1\n|-unboost|p1b: Medicham|atk|1\n|move|p1b: Medicham|Close Combat|p2a: Garchomp\n|-damage|p2a: Garchomp|67/100\n|-unboost|p1b: Medicham|def|1\n|-unboost|p1b: Medicham|spd|1\n|-damage|p1b: Medicham|0 fnt|[from] ability: Rough Skin|[of] p2a: Garchomp\n|faint|p1b: Medicham\n|move|p1a: Basculegion|Wave Crash|p2b: Incineroar\n|-supereffective|p2b: Incineroar|1\n|-enditem|p2b: Incineroar|Passho Berry|[eat]\n|-enditem|p2b: Incineroar|Passho Berry|[weaken]\n|-damage|p2b: Incineroar|0 fnt\n|faint|p2b: Incineroar\n|-damage|p1a: Basculegion|88/100|[from] Recoil\n|-damage|p1a: Basculegion|79/100|[from] item: Life Orb\n|move|p2a: Garchomp|Dragon Claw|p1a: Basculegion\n|-damage|p1a: Basculegion|7/100\n|-damage|p2a: Garchomp|57/100|[from] item: Life Orb\n|\n|upkeep\n|\n|t:|1788333337\n|switch|p2b: Rotom|Rotom-Wash, L50, shiny|100/100\n|switch|p1b: Golurk|Golurk, L50|100/100\n|turn|3\n|inactive|Pokedoke has 30 seconds left.\n|inactive|Pokedoke has 20 seconds left.\n|inactive|Pokedoke has 15 seconds left.\n|\n|t:|1788333379\n|detailschange|p1b: Golurk|Golurk-Mega, L50\n|-mega|p1b: Golurk|Golurk|Golurkite\n|move|p1b: Golurk|Poltergeist|p2b: Rotom\n|-activate|p2b: Rotom|move: Poltergeist|Leftovers\n|-damage|p2b: Rotom|24/100\n|move|p2b: Rotom|Discharge|p1a: Basculegion|[spread] p1a\n|-immune|p2a: Garchomp\n|-immune|p1b: Golurk\n|-supereffective|p1a: Basculegion|1\n|-damage|p1a: Basculegion|0 fnt\n|faint|p1a: Basculegion\n|move|p2a: Garchomp|Earthquake|p1b: Golurk|[spread] p1b\n|-immune|p2b: Rotom|[from] ability: Levitate\n|-damage|p1b: Golurk|59/100\n|-damage|p2a: Garchomp|48/100|[from] item: Life Orb\n|\n|-heal|p2b: Rotom|30/100|[from] item: Leftovers\n|upkeep\n|turn|4\n|inactive|xiaoyang2004 has 30 seconds left.\n|\n|t:|1788333406\n|move|p1b: Golurk|Poltergeist|p2b: Rotom\n|-activate|p2b: Rotom|move: Poltergeist|Leftovers\n|-damage|p2b: Rotom|0 fnt\n|faint|p2b: Rotom\n|move|p2a: Garchomp|Earthquake|p1b: Golurk\n|-damage|p1b: Golurk|3/100\n|-damage|p2a: Garchomp|38/100|[from] item: Life Orb\n|\n|upkeep\n|\n|t:|1788333415\n|switch|p2b: Charizard|Charizard, L50, M, shiny|100/100\n|turn|5\n|\n|t:|1788333422\n|detailschange|p2b: Charizard|Charizard-Mega-Y, L50, M, shiny\n|-mega|p2b: Charizard|Charizard|Charizardite Y\n|-weather|SunnyDay|[from] ability: Drought|[of] p2b: Charizard\n|move|p1b: Golurk|Earthquake|p2a: Garchomp|[spread] p2a\n|-immune|p2b: Charizard\n|-damage|p2a: Garchomp|0 fnt\n|faint|p2a: Garchomp\n|move|p2b: Charizard|Weather Ball|p1b: Golurk\n|-damage|p1b: Golurk|0 fnt\n|faint|p1b: Golurk\n|\n|win|xiaoyang2004\n|raw|Pokedoke's rating: 1328 &rarr; <strong>1311</strong><br />(-17 for losing)\n|raw|xiaoyang2004's rating: 1387 &rarr; <strong>1404</strong><br />(+17 for winning)\n|c|☆Pokedoke|gg\n","uploadtime":1788333435,"views":"1","formatid":"gen9championsvgc2026regmb","rating":1311,"private":0,"password":null}