{"id":"gen9championsvgc2026regmbbo3-2674871083","format":"[Gen 9 Champions] VGC 2026 Reg M-B (Bo3)","players":["GalarianTrap$tar","okkia3"],"log":"|j|☆GalarianTrap$tar\n|j|☆okkia3\n|html|<table width=\"100%\"><tr><td align=\"left\">GalarianTrap$tar</td><td align=\"right\">okkia3</tr><tr><td align=\"left\"><i class=\"fa fa-circle\"></i> <i class=\"fa fa-circle-o\"></i> </td><td align=\"right\"><i class=\"fa fa-circle-o\"></i> <i class=\"fa fa-circle\"></i> </tr></table>\n|uhtml|bestof|<h2><strong>Game 3</strong> of <a href=\"/game-bestof3-gen9championsvgc2026regmbbo3-2674870152\">a best-of-3</a></h2>\n|t:|1788425832\n|gametype|doubles\n|player|p1|GalarianTrap$tar|psychic-gen2|1133\n|player|p2|okkia3|102|1074\n|gen|9\n|tier|[Gen 9 Champions] VGC 2026 Reg M-B (Bo3)\n|rated|\n|rule|Species Clause: Limit one of each Pokémon\n|rule|Item Clause: Limit 1 of each item\n|clearpoke\n|poke|p1|Gholdengo, L50|\n|poke|p1|Staraptor, L50, M|\n|poke|p1|Tyranitar, L50, M|\n|poke|p1|Farigiraf, L50, M|\n|poke|p1|Whimsicott, L50, F, shiny|\n|poke|p1|Excadrill, L50, F, shiny|\n|poke|p2|Charizard, L50, M|\n|poke|p2|Whimsicott, L50, M|\n|poke|p2|Basculegion, L50, M|\n|poke|p2|Farigiraf, L50, F|\n|poke|p2|Kangaskhan, L50, F|\n|poke|p2|Sneasler, L50, F|\n|teampreview|4\n|showteam|p1|Gholdengo||LifeOrb|GoodasGold|Protect,ShadowBall,MakeItRain,PowerGem|Timid|||||50|]Staraptor||Staraptite|Intimidate|Protect,BraveBird,CloseCombat,Tailwind|Jolly||M|||50|]Tyranitar||ChopleBerry|SandStream|Protect,KnockOff,RockSlide,LowKick|Adamant||M|||50|]Farigiraf||SitrusBerry|ArmorTail|Psychic,Thunderbolt,NastyPlot,TrickRoom|Bold||M|||50|]Whimsicott||FocusSash|Prankster|Tailwind,Moonblast,Encore,Charm|Timid||F|||50|]Excadrill||ExpertBelt|SandRush|Protect,IronHead,HighHorsepower,Earthquake|Adamant||F|||50|\n|showteam|p2|Charizard||CharizarditeY|SolarPower|WeatherBall,HeatWave,SolarBeam,Protect|Timid||M|||50|]Whimsicott||FocusSash|Prankster|Moonblast,Tailwind,SunnyDay,Encore|Timid||M|||50|]Basculegion||ChoiceScarf|Adaptability|WaveCrash,AquaJet,LastRespects,FlipTurn|Adamant||M|||50|]Farigiraf||SitrusBerry|ArmorTail|Psychic,HyperVoice,HelpingHand,TrickRoom|Modest||F|||50|]Kangaskhan||Kangaskhanite|Scrappy|FakeOut,DoubleEdge,DrainPunch,SuckerPunch|Adamant||F|||50|]Sneasler||WhiteHerb|Unburden|FakeOut,CloseCombat,DireClaw,RockTomb|Adamant||F|||50|\n|inactive|Battle timer is ON: inactive players will automatically lose when time's up. (requested by okkia3)\n|inactive|GalarianTrap$tar has 60 seconds left.\n|\n|t:|1788425864\n|teamsize|p1|4\n|teamsize|p2|4\n|start\n|switch|p1a: Whimsicott|Whimsicott, L50, F, shiny|100/100\n|switch|p1b: Staraptor|Staraptor, L50, M|100/100\n|switch|p2a: Charizard|Charizard, L50, M|100/100\n|switch|p2b: Basculegion|Basculegion, L50, M|100/100\n|-ability|p1b: Staraptor|Intimidate|boost\n|-unboost|p2a: Charizard|atk|1\n|-unboost|p2b: Basculegion|atk|1\n|turn|1\n|\n|t:|1788425879\n|detailschange|p2a: Charizard|Charizard-Mega-Y, L50, M\n|-mega|p2a: Charizard|Charizard|Charizardite Y\n|-weather|SunnyDay|[from] ability: Drought|[of] p2a: Charizard\n|detailschange|p1b: Staraptor|Staraptor-Mega, L50, M\n|-mega|p1b: Staraptor|Staraptor|Staraptite\n|move|p1a: Whimsicott|Charm|p2b: Basculegion\n|-unboost|p2b: Basculegion|atk|2\n|move|p2b: Basculegion|Wave Crash|p1b: Staraptor\n|-damage|p1b: Staraptor|86/100\n|-damage|p2b: Basculegion|95/100|[from] Recoil\n|move|p1b: Staraptor|Close Combat|p2a: Charizard\n|-resisted|p2a: Charizard|1\n|-damage|p2a: Charizard|62/100\n|-boost|p1b: Staraptor|def|1\n|-boost|p1b: Staraptor|spd|1\n|move|p2a: Charizard|Weather Ball|p1b: Staraptor\n|-damage|p1b: Staraptor|29/100\n|\n|-weather|SunnyDay|[upkeep]\n|upkeep\n|turn|2\n|\n|t:|1788425898\n|switch|p2b: Farigiraf|Farigiraf, L50, F|100/100\n|move|p1a: Whimsicott|Charm|p1b: Staraptor\n|-boost|p1b: Staraptor|atk|2\n|move|p1b: Staraptor|Close Combat|p2a: Charizard\n|-resisted|p2a: Charizard|1\n|-damage|p2a: Charizard|0 fnt\n|-boost|p1b: Staraptor|def|1\n|-boost|p1b: Staraptor|spd|1\n|faint|p2a: Charizard\n|\n|-weather|SunnyDay|[upkeep]\n|upkeep\n|\n|t:|1788425898\n|switch|p2a: Sneasler|Sneasler, L50, F|100/100\n|turn|3\n|\n|t:|1788425919\n|switch|p1a: Tyranitar|Tyranitar, L50, M|100/100\n|-weather|Sandstorm|[from] ability: Sand Stream|[of] p1a: Tyranitar\n|switch|p2b: Basculegion|Basculegion, L50, M|95/100\n|move|p1b: Staraptor|Close Combat|p2a: Sneasler\n|-resisted|p2a: Sneasler|1\n|-damage|p2a: Sneasler|4/100\n|-boost|p1b: Staraptor|def|1\n|-boost|p1b: Staraptor|spd|1\n|move|p2a: Sneasler|Dire Claw|p1b: Staraptor\n|-damage|p1b: Staraptor|12/100\n|\n|-weather|Sandstorm|[upkeep]\n|-damage|p2b: Basculegion|89/100|[from] Sandstorm\n|-damage|p1b: Staraptor|6/100|[from] Sandstorm\n|-damage|p2a: Sneasler|0 fnt|[from] Sandstorm\n|faint|p2a: Sneasler\n|upkeep\n|\n|t:|1788425920\n|switch|p2a: Farigiraf|Farigiraf, L50, F|100/100\n|turn|4\n|\n|t:|1788425934\n|move|p2b: Basculegion|Wave Crash|p1a: Tyranitar\n|-supereffective|p1a: Tyranitar|1\n|-crit|p1a: Tyranitar\n|-damage|p1a: Tyranitar|0 fnt\n|faint|p1a: Tyranitar\n|-damage|p2b: Basculegion|55/100|[from] Recoil\n|move|p1b: Staraptor|Brave Bird|p2b: Basculegion\n|-damage|p2b: Basculegion|0 fnt\n|faint|p2b: Basculegion\n|-damage|p1b: Staraptor|0 fnt|[from] Recoil\n|faint|p1b: Staraptor\n|move|p2a: Farigiraf|Psychic|p1: Tyranitar|[notarget]\n|-fail|p2a: Farigiraf\n|\n|-weather|Sandstorm|[upkeep]\n|-damage|p2a: Farigiraf|93/100|[from] Sandstorm\n|upkeep\n|\n|t:|1788425937\n|switch|p1b: Farigiraf|Farigiraf, L50, M|100/100\n|switch|p1a: Whimsicott|Whimsicott, L50, F, shiny|100/100\n|turn|5\n|\n|t:|1788425940\n|move|p1a: Whimsicott|Moonblast|p2a: Farigiraf\n|-damage|p2a: Farigiraf|60/100\n|move|p1b: Farigiraf|Nasty Plot|p1b: Farigiraf\n|-boost|p1b: Farigiraf|spa|2\n|move|p2a: Farigiraf|Trick Room|p2a: Farigiraf\n|-fieldstart|move: Trick Room|[of] p2a: Farigiraf\n|\n|-weather|Sandstorm|[upkeep]\n|-damage|p2a: Farigiraf|54/100|[from] Sandstorm\n|-damage|p1b: Farigiraf|94/100|[from] Sandstorm\n|-damage|p1a: Whimsicott|94/100|[from] Sandstorm\n|upkeep\n|turn|6\n|\n|t:|1788425944\n|move|p2a: Farigiraf|Hyper Voice|p1b: Farigiraf|[spread] p1a,p1b\n|-damage|p1a: Whimsicott|43/100\n|-damage|p1b: Farigiraf|67/100\n|move|p1b: Farigiraf|Psychic|p2a: Farigiraf\n|-resisted|p2a: Farigiraf|1\n|-damage|p2a: Farigiraf|23/100\n|-enditem|p2a: Farigiraf|Sitrus Berry|[eat]\n|-heal|p2a: Farigiraf|48/100|[from] item: Sitrus Berry\n|move|p1a: Whimsicott|Moonblast|p2a: Farigiraf\n|-damage|p2a: Farigiraf|15/100\n|\n|-weather|Sandstorm|[upkeep]\n|-damage|p2a: Farigiraf|9/100|[from] Sandstorm\n|-damage|p1b: Farigiraf|61/100|[from] Sandstorm\n|-damage|p1a: Whimsicott|37/100|[from] Sandstorm\n|upkeep\n|turn|7\n|\n|t:|1788425948\n|move|p2a: Farigiraf|Hyper Voice|p1b: Farigiraf|[spread] p1a,p1b\n|-damage|p1a: Whimsicott|0 fnt\n|-damage|p1b: Farigiraf|36/100\n|-enditem|p1b: Farigiraf|Sitrus Berry|[eat]\n|-heal|p1b: Farigiraf|61/100|[from] item: Sitrus Berry\n|faint|p1a: Whimsicott\n|move|p1b: Farigiraf|Psychic|p2a: Farigiraf\n|-resisted|p2a: Farigiraf|1\n|-crit|p2a: Farigiraf\n|-damage|p2a: Farigiraf|0 fnt\n|faint|p2a: Farigiraf\n|\n|win|GalarianTrap$tar\n|raw|GalarianTrap$tar's rating: 1133 &rarr; <strong>1153</strong><br />(+20 for winning)\n|raw|okkia3's rating: 1057 &rarr; <strong>1042</strong><br />(-15 for losing)\n","uploadtime":1788425948,"views":"1","formatid":"gen9championsvgc2026regmbbo3","rating":1042,"private":0,"password":null}