{"id":"gen9championsvgc2026regmbbo3-2673355094","format":"[Gen 9 Champions] VGC 2026 Reg M-B (Bo3)","players":["yanpoke5566","nghiaden"],"log":"|j|☆yanpoke5566\n|j|☆nghiaden\n|html|<table width=\"100%\"><tr><td align=\"left\">yanpoke5566</td><td align=\"right\">nghiaden</tr><tr><td align=\"left\"><i class=\"fa fa-circle\"></i> <i class=\"fa fa-circle-o\"></i> </td><td align=\"right\"><i class=\"fa fa-circle-o\"></i> <i class=\"fa fa-circle-o\"></i> </tr></table>\n|uhtml|bestof|<h2><strong>Game 2</strong> of <a href=\"/game-bestof3-gen9championsvgc2026regmbbo3-2673353714\">a best-of-3</a></h2>\n|t:|1788187563\n|gametype|doubles\n|player|p1|yanpoke5566|volkner|\n|player|p2|nghiaden|266|\n|gen|9\n|tier|[Gen 9 Champions] VGC 2026 Reg M-B (Bo3)\n|rule|Species Clause: Limit one of each Pokémon\n|rule|Item Clause: Limit 1 of each item\n|clearpoke\n|poke|p1|Gallade, L50, M|\n|poke|p1|Weavile, L50, F|\n|poke|p1|Garchomp, L50, F|\n|poke|p1|Rotom-Wash, L50|\n|poke|p1|Staraptor, L50, F|\n|poke|p1|Lopunny, L50, F|\n|poke|p2|Hippowdon, L50, M, shiny|\n|poke|p2|Archaludon, L50, M|\n|poke|p2|Torkoal, L50, M|\n|poke|p2|Politoed, L50, F|\n|poke|p2|Ninetales-Alola, L50, M|\n|poke|p2|Infernape, L50, F|\n|teampreview|4\n|showteam|p1|Gallade||BlackBelt|Sharpness|SacredSword,LeafBlade,Coaching,WideGuard|Jolly||M|||50|]Weavile||FocusSash|Pressure|FakeOut,IcicleCrash,KnockOff,LowKick|Jolly||F|||50|]Garchomp||LifeOrb|RoughSkin|Earthquake,RockSlide,DragonClaw,Protect|Jolly||F|||50|]Rotom-Wash||Leftovers|Levitate|VoltSwitch,HydroPump,Protect,WillOWisp|Calm|||||50|]Staraptor||Staraptite|Intimidate|CloseCombat,BraveBird,Roost,Protect|Adamant||F|||50|]Lopunny||Lopunnite|Limber|FakeOut,CloseCombat,Facade,DrainPunch|Jolly||F|||50|\n|showteam|p2|Hippowdon||FocusBand|SandStream|RockSlide,IronHead,StompingTantrum,Fissure|Adamant||M|||50|]Archaludon||Leftovers|Stamina|DracoMeteor,ElectroShot,FlashCannon,SolarBeam|Timid||M|||50|]Torkoal||SitrusBerry|Drought|BodyPress,ClearSmog,RapidSpin,WeatherBall|Bold||M|||50|]Politoed||QuickClaw|Drizzle|Protect,PerishSong,WeatherBall,IceBeam|Modest||F|||50|]Ninetales-Alola||LifeOrb|SnowWarning|AuroraVeil,Blizzard,FreezeDry,DazzlingGleam|Timid||M|||50|]Infernape||FocusSash|IronFist|MachPunch,FirePunch,ThunderPunch,Feint|Jolly||F|||50|\n|\n|t:|1788187600\n|teamsize|p1|4\n|teamsize|p2|4\n|start\n|switch|p1a: Hiệp sĩ siêu vip|Gallade, L50, M|100/100\n|switch|p1b: ngon eathquake|Rotom-Wash, L50|100/100\n|switch|p2a: Ninetales|Ninetales-Alola, L50, M|100/100\n|switch|p2b: Archaludon|Archaludon, L50, M|100/100\n|-weather|Snowscape|[from] ability: Snow Warning|[of] p2a: Ninetales\n|turn|1\n|inactive|Battle timer is ON: inactive players will automatically lose when time's up. (requested by nghiaden)\n|\n|t:|1788187615\n|move|p2a: Ninetales|Freeze-Dry|p1b: ngon eathquake\n|-supereffective|p1b: ngon eathquake|1\n|-damage|p1b: ngon eathquake|48/100\n|-damage|p2a: Ninetales|90/100|[from] item: Life Orb\n|move|p1a: Hiệp sĩ siêu vip|Sacred Sword|p2b: Archaludon\n|-supereffective|p2b: Archaludon|1\n|-damage|p2b: Archaludon|0 fnt\n|faint|p2b: Archaludon\n|move|p1b: ngon eathquake|Hydro Pump|p2a: Ninetales\n|-damage|p2a: Ninetales|40/100\n|\n|-weather|Snowscape|[upkeep]\n|-heal|p1b: ngon eathquake|54/100|[from] item: Leftovers\n|upkeep\n|\n|t:|1788187627\n|switch|p2b: Infernape|Infernape, L50, F|100/100\n|turn|2\n|\n|t:|1788187650\n|move|p1b: ngon eathquake|Protect|p1b: ngon eathquake\n|-singleturn|p1b: ngon eathquake|Protect\n|move|p2b: Infernape|Feint|p1b: ngon eathquake\n|-activate|p1b: ngon eathquake|move: Feint\n|-damage|p1b: ngon eathquake|42/100\n|move|p2a: Ninetales|Freeze-Dry|p1b: ngon eathquake\n|-supereffective|p1b: ngon eathquake|1\n|-damage|p1b: ngon eathquake|0 fnt\n|faint|p1b: ngon eathquake\n|-damage|p2a: Ninetales|30/100|[from] item: Life Orb\n|move|p1a: Hiệp sĩ siêu vip|Sacred Sword|p2a: Ninetales\n|-damage|p2a: Ninetales|0 fnt\n|faint|p2a: Ninetales\n|\n|-weather|Snowscape|[upkeep]\n|upkeep\n|\n|t:|1788187667\n|switch|p2a: Politoed|Politoed, L50, F|100/100\n|switch|p1b: như con rotom|Staraptor, L50, F|100/100\n|-ability|p1b: như con rotom|Intimidate|boost\n|-unboost|p2a: Politoed|atk|1\n|-unboost|p2b: Infernape|atk|1\n|-weather|RainDance|[from] ability: Drizzle|[of] p2a: Politoed\n|turn|3\n|\n|t:|1788187676\n|move|p1b: như con rotom|Protect|p1b: như con rotom\n|-singleturn|p1b: như con rotom|Protect\n|move|p2b: Infernape|Thunder Punch|p1b: như con rotom\n|-activate|p1b: như con rotom|move: Protect\n|move|p1a: Hiệp sĩ siêu vip|Coaching|p1b: như con rotom\n|-boost|p1b: như con rotom|atk|1\n|-boost|p1b: như con rotom|def|1\n|move|p2a: Politoed|Ice Beam|p1b: như con rotom\n|-activate|p1b: như con rotom|move: Protect\n|\n|-weather|RainDance|[upkeep]\n|upkeep\n|turn|4\n|\n|t:|1788187691\n|detailschange|p1b: như con rotom|Staraptor-Mega, L50, F\n|-mega|p1b: như con rotom|Staraptor|Staraptite\n|move|p2b: Infernape|Thunder Punch|p1b: như con rotom\n|-supereffective|p1b: như con rotom|1\n|-damage|p1b: như con rotom|75/100\n|move|p1a: Hiệp sĩ siêu vip|Leaf Blade|p2a: Politoed\n|-supereffective|p2a: Politoed|1\n|-damage|p2a: Politoed|0 fnt\n|faint|p2a: Politoed\n|move|p1b: như con rotom|Close Combat|p2b: Infernape\n|-enditem|p2b: Infernape|Focus Sash\n|-damage|p2b: Infernape|1/100\n|-boost|p1b: như con rotom|def|1\n|-boost|p1b: như con rotom|spd|1\n|\n|-weather|RainDance|[upkeep]\n|upkeep\n|turn|5\n|-message|nghiaden forfeited.\n|\n|win|yanpoke5566\n|l|☆nghiaden\n|player|p2|\n","uploadtime":1788187703,"views":"1","formatid":"gen9championsvgc2026regmbbo3","rating":null,"private":0,"password":null}