{"id":"gen9championsvgc2026regmb-2673863620","format":"[Gen 9 Champions] VGC 2026 Reg M-B","players":["Thornlace48812","rcote33"],"log":"|j|☆Thornlace48812\n|j|☆rcote33\n|t:|1788270199\n|gametype|doubles\n|player|p1|Thornlace48812|102|1146\n|player|p2|rcote33|170|1060\n|gen|9\n|tier|[Gen 9 Champions] VGC 2026 Reg M-B\n|rated|\n|rule|Species Clause: Limit one of each Pokémon\n|rule|Item Clause: Limit 1 of each item\n|clearpoke\n|poke|p1|Garchomp, L50, M|\n|poke|p1|Charizard, L50, M|\n|poke|p1|Whimsicott, L50, M|\n|poke|p1|Sylveon, L50, M|\n|poke|p1|Kingambit, L50, F|\n|poke|p1|Basculegion, L50, M|\n|poke|p2|Froslass, L50, F|\n|poke|p2|Sneasler, L50, F|\n|poke|p2|Basculegion, L50, M|\n|poke|p2|Dragonite, L50, M|\n|poke|p2|Garchomp, L50, M|\n|poke|p2|Kingambit, L50, F|\n|teampreview|4\n|inactive|Battle timer is ON: inactive players will automatically lose when time's up. (requested by Thornlace48812)\nThornlace48812 rejected open team sheets.\n|inactive|rcote33 has 60 seconds left.\n|\n|t:|1788270232\n|teamsize|p1|4\n|teamsize|p2|4\n|start\n|switch|p1a: Charizard|Charizard, L50, M|100/100\n|switch|p1b: Sylveon|Sylveon, L50, M|100/100\n|switch|p2a: Dragonite|Dragonite, L50, M|100/100\n|switch|p2b: Basculegion|Basculegion, L50, M|100/100\n|turn|1\n|inactive|rcote33 has 30 seconds left.\n|\n|t:|1788270262\n|detailschange|p1a: Charizard|Charizard-Mega-Y, L50, M\n|-mega|p1a: Charizard|Charizard|Charizardite Y\n|-weather|SunnyDay|[from] ability: Drought|[of] p1a: Charizard\n|detailschange|p2a: Dragonite|Dragonite-Mega, L50, M\n|-mega|p2a: Dragonite|Dragonite|Dragoninite\n|move|p1a: Charizard|Protect|p1a: Charizard\n|-singleturn|p1a: Charizard|Protect\n|move|p2a: Dragonite|Heat Wave|p1a: Charizard|[spread] p1b\n|-activate|p1a: Charizard|move: Protect\n|-damage|p1b: Sylveon|63/100\n|move|p2b: Basculegion|Wave Crash|p1b: Sylveon\n|-damage|p1b: Sylveon|0 fnt\n|faint|p1b: Sylveon\n|-damage|p2b: Basculegion|80/100|[from] Recoil\n|\n|-weather|SunnyDay|[upkeep]\n|upkeep\n|\n|t:|1788270263\n|switch|p1b: Garchomp|Garchomp, L50, M|100/100\n|turn|2\n|\n|t:|1788270284\n|move|p1b: Garchomp|Protect|p1b: Garchomp\n|-singleturn|p1b: Garchomp|Protect\n|move|p2a: Dragonite|Dragon Pulse|p1b: Garchomp\n|-activate|p1b: Garchomp|move: Protect\n|move|p1a: Charizard|Heat Wave|p2b: Basculegion|[spread] p2b\n|-miss|p1a: Charizard|p2a: Dragonite\n|-resisted|p2b: Basculegion|1\n|-damage|p2b: Basculegion|50/100g\n|-status|p2b: Basculegion|brn\n|move|p2b: Basculegion|Wave Crash|p1a: Charizard\n|-supereffective|p1a: Charizard|1\n|-damage|p1a: Charizard|45/100\n|-damage|p2b: Basculegion|36/100 brn|[from] Recoil\n|\n|-weather|SunnyDay|[upkeep]\n|-damage|p2b: Basculegion|30/100 brn|[from] brn\n|upkeep\n|turn|3\n|inactive|rcote33 has 30 seconds left.\n|\n|t:|1788270311\n|move|p2b: Basculegion|Aqua Jet|p1a: Charizard\n|-supereffective|p1a: Charizard|1\n|-damage|p1a: Charizard|24/100\n|move|p1b: Garchomp|Dragon Claw|p2a: Dragonite\n|-supereffective|p2a: Dragonite|1\n|-damage|p2a: Dragonite|45/100\n|-damage|p1b: Garchomp|90/100|[from] item: Life Orb\n|move|p2a: Dragonite|Dragon Pulse|p1b: Garchomp\n|-supereffective|p1b: Garchomp|1\n|-damage|p1b: Garchomp|0 fnt\n|faint|p1b: Garchomp\n|move|p1a: Charizard|Heat Wave|p2b: Basculegion|[spread] p2a,p2b\n|-resisted|p2a: Dragonite|1\n|-resisted|p2b: Basculegion|1\n|-damage|p2a: Dragonite|13/100\n|-damage|p2b: Basculegion|1/100 brn\n|\n|-weather|SunnyDay|[upkeep]\n|-damage|p2b: Basculegion|0 fnt|[from] brn\n|faint|p2b: Basculegion\n|upkeep\n|\n|t:|1788270335\n|switch|p1b: Basculegion|Basculegion, L50, M|100/100\n|switch|p2b: Sneasler|Sneasler, L50, F|100/100\n|turn|4\n|inactive|rcote33 has 30 seconds left.\n|\n|t:|1788270365\n|move|p2b: Sneasler|Feint|p1a: Charizard\n|-damage|p1a: Charizard|11/100\n|move|p2a: Dragonite|Dragon Pulse|p1a: Charizard\n|-damage|p1a: Charizard|0 fnt\n|faint|p1a: Charizard\n|move|p1b: Basculegion|Last Respects|p2a: Dragonite\n|-damage|p2a: Dragonite|0 fnt\n|faint|p2a: Dragonite\n|\n|-weather|SunnyDay|[upkeep]\n|upkeep\n|\n|t:|1788270374\n|switch|p2a: Kingambit|Kingambit, L50, F|100/100\n|turn|5\n|\n|t:|1788270380\n|move|p2a: Kingambit|Sucker Punch|p1b: Basculegion\n|-supereffective|p1b: Basculegion|1\n|-damage|p1b: Basculegion|13/100\n|move|p2b: Sneasler|Dire Claw|p1b: Basculegion\n|-resisted|p1b: Basculegion|1\n|-damage|p1b: Basculegion|0 fnt\n|faint|p1b: Basculegion\n|\n|win|rcote33\n|raw|Thornlace48812's rating: 1103 &rarr; <strong>1075</strong><br />(-28 for losing)\n|raw|rcote33's rating: 1060 &rarr; <strong>1095</strong><br />(+35 for winning)\n","uploadtime":1788270381,"views":"0","formatid":"gen9championsvgc2026regmb","rating":1075,"private":0,"password":null}