{"id":"gen9championsvgc2026regmb-2674058882","format":"[Gen 9 Champions] VGC 2026 Reg M-B","players":["DavidSilesPardillo","Luizins69"],"log":"|j|☆DavidSilesPardillo\n|j|☆Luizins69\n|t:|1788293679\n|gametype|doubles\n|player|p1|DavidSilesPardillo|cynthia|1149\n|player|p2|Luizins69|rood|1123\n|gen|9\n|tier|[Gen 9 Champions] VGC 2026 Reg M-B\n|rated|\n|rule|Species Clause: Limit one of each Pokémon\n|rule|Item Clause: Limit 1 of each item\n|clearpoke\n|poke|p1|Charizard, L50, M|\n|poke|p1|Aerodactyl, L50, M|\n|poke|p1|Kingambit, L50, M|\n|poke|p1|Basculegion, L50, M|\n|poke|p1|Whimsicott, L50, M|\n|poke|p1|Garchomp, L50, F|\n|poke|p2|Tsareena, L50, F, shiny|\n|poke|p2|Tinkaton, L50, F, shiny|\n|poke|p2|Talonflame, L50, M, shiny|\n|poke|p2|Ceruledge, L50, M, shiny|\n|poke|p2|Delphox, L50, F|\n|poke|p2|Incineroar, L50, M, shiny|\n|teampreview|4\n|inactive|Battle timer is ON: inactive players will automatically lose when time's up. (requested by Luizins69)\n|\n|t:|1788293737\n|teamsize|p1|4\n|teamsize|p2|4\n|start\n|switch|p1a: Basculegion|Basculegion, L50, M|100/100\n|switch|p1b: Whimsicott|Whimsicott, L50, M|100/100\n|switch|p2a: Tinkaton|Tinkaton, L50, F, shiny|100/100\n|switch|p2b: Tsareena|Tsareena, L50, F, shiny|100/100\n|-ability|p2a: Tinkaton|Mold Breaker\n|turn|1\n|\n|t:|1788293757\n|move|p2a: Tinkaton|Fake Out|p1b: Whimsicott\n|-damage|p1b: Whimsicott|87/100\n|cant|p1b: Whimsicott|flinch\n|move|p1a: Basculegion|Flip Turn|p2b: Tsareena\n|-resisted|p2b: Tsareena|1\n|-damage|p2b: Tsareena|77/100\n|\n|t:|1788293766\n|switch|p1a: Aerodactyl|Aerodactyl, L50, M|100/100|[from] Flip Turn\n|-ability|p1a: Aerodactyl|Unnerve\n|move|p2b: Tsareena|Power Whip|p1a: Aerodactyl\n|-damage|p1a: Aerodactyl|2/100\n|\n|upkeep\n|turn|2\n|inactive|DavidSilesPardillo has 30 seconds left.\n|inactive|DavidSilesPardillo has 20 seconds left.\n|inactive|DavidSilesPardillo has 15 seconds left.\n|\n|t:|1788293807\n|switch|p2a: Incineroar|Incineroar, L50, M, shiny|100/100\n|-ability|p2a: Incineroar|Intimidate|boost\n|-unboost|p1a: Aerodactyl|atk|1\n|-unboost|p1b: Whimsicott|atk|1\n|detailschange|p1a: Aerodactyl|Aerodactyl-Mega, L50, M\n|-mega|p1a: Aerodactyl|Aerodactyl|Aerodactylite\n|move|p1b: Whimsicott|Encore||[still]\n|cant|p2b: Tsareena|ability: Queenly Majesty|Encore|[of] p1b: Whimsicott\n|move|p1a: Aerodactyl|Dual Wingbeat|p2b: Tsareena\n|-supereffective|p2b: Tsareena|1\n|-damage|p2b: Tsareena|34/100\n|-supereffective|p2b: Tsareena|1\n|-damage|p2b: Tsareena|0 fnt\n|faint|p2b: Tsareena\n|-hitcount|p2: Tsareena|2\n|\n|upkeep\n|\n|t:|1788293824\n|switch|p2b: Tinkaton|Tinkaton, L50, F, shiny|100/100\n|-ability|p2b: Tinkaton|Mold Breaker\n|turn|3\n|inactive|DavidSilesPardillo has 30 seconds left.\n|inactive|DavidSilesPardillo has 20 seconds left.\n|\n|t:|1788293862\n|switch|p1a: Basculegion|Basculegion, L50, M|100/100\n|switch|p1b: Garchomp|Garchomp, L50, F|100/100\n|switch|p2a: Delphox|Delphox, L50, F|100/100\n|move|p2b: Tinkaton|Feint|p1a: Basculegion\n|-immune|p1a: Basculegion\n|\n|upkeep\n|turn|4\n|inactive|DavidSilesPardillo has 30 seconds left.\n|inactive|DavidSilesPardillo has 20 seconds left.\n|inactive|DavidSilesPardillo has 15 seconds left.\n|inactive|DavidSilesPardillo has 10 seconds left.\n|\n|t:|1788293908\n|switch|p2b: Incineroar|Incineroar, L50, M, shiny|100/100\n|-ability|p2b: Incineroar|Intimidate|boost\n|-unboost|p1a: Basculegion|atk|1\n|-unboost|p1b: Garchomp|atk|1\n|move|p2a: Delphox|Protect|p2a: Delphox\n|-singleturn|p2a: Delphox|Protect\n|move|p1a: Basculegion|Flip Turn|p2a: Delphox\n|-activate|p2a: Delphox|move: Protect\n|move|p1b: Garchomp|Earthquake|p2a: Delphox|[spread] p1a,p2b\n|-activate|p2a: Delphox|move: Protect\n|-supereffective|p2b: Incineroar|1\n|-damage|p1a: Basculegion|59/100\n|-damage|p2b: Incineroar|48/100\n|-enditem|p2b: Incineroar|Sitrus Berry|[eat]\n|-heal|p2b: Incineroar|73/100|[from] item: Sitrus Berry\n|-damage|p1b: Garchomp|90/100|[from] item: Life Orb\n|\n|upkeep\n|turn|5\n|\n|t:|1788293932\n|switch|p2a: Tinkaton|Tinkaton, L50, F, shiny|100/100\n|-ability|p2a: Tinkaton|Mold Breaker\n|move|p1a: Basculegion|Flip Turn|p2a: Tinkaton\n|-damage|p2a: Tinkaton|72/100\n|\n|t:|1788293941\n|switch|p1a: Aerodactyl|Aerodactyl-Mega, L50, M|2/100|[from] Flip Turn\n|move|p1b: Garchomp|Earthquake|p2b: Incineroar|[spread] p2a,p2b\n|-immune|p1a: Aerodactyl\n|-supereffective|p2a: Tinkaton|1\n|-supereffective|p2b: Incineroar|1\n|-damage|p2a: Tinkaton|2/100\n|-damage|p2b: Incineroar|17/100\n|-damage|p1b: Garchomp|80/100|[from] item: Life Orb\n|move|p2b: Incineroar|Parting Shot|p1a: Aerodactyl\n|-unboost|p1a: Aerodactyl|atk|1\n|-unboost|p1a: Aerodactyl|spa|1\n|\n|t:|1788293952\n|switch|p2b: Delphox|Delphox, L50, F|100/100|[from] Parting Shot\n|\n|upkeep\n|turn|6\n|inactive|DavidSilesPardillo has 30 seconds left.\n|\n|t:|1788293979\n|switch|p1a: Whimsicott|Whimsicott, L50, M|87/100\n|detailschange|p2b: Delphox|Delphox-Mega, L50, F\n|-mega|p2b: Delphox|Delphox|Delphoxite\n|move|p2a: Tinkaton|Feint|p1a: Whimsicott\n|-damage|p1a: Whimsicott|80/100\n|move|p2b: Delphox|Nasty Plot|p2b: Delphox\n|-boost|p2b: Delphox|spa|2\n|move|p1b: Garchomp|Rock Tomb|p2a: Tinkaton\n|-resisted|p2a: Tinkaton|1\n|-damage|p2a: Tinkaton|0 fnt\n|faint|p2a: Tinkaton\n|-damage|p1b: Garchomp|70/100|[from] item: Life Orb\n|\n|upkeep\n|\n|t:|1788293992\n|switch|p2a: Incineroar|Incineroar, L50, M, shiny|17/100\n|-ability|p2a: Incineroar|Intimidate|boost\n|-unboost|p1a: Whimsicott|atk|1\n|-unboost|p1b: Garchomp|atk|1\n|turn|7\n|inactive|DavidSilesPardillo has 30 seconds left.\n|\n|t:|1788294019\n|switch|p1a: Basculegion|Basculegion, L50, M|59/100\n|move|p2a: Incineroar|Fake Out|p1a: Basculegion\n|-immune|p1a: Basculegion\n|move|p2b: Delphox|Heat Wave|p1b: Garchomp|[spread] p1a,p1b\n|-resisted|p1a: Basculegion|1\n|-resisted|p1b: Garchomp|1\n|-damage|p1a: Basculegion|18/100\n|-damage|p1b: Garchomp|29/100\n|move|p1b: Garchomp|Rock Tomb|p2b: Delphox\n|-supereffective|p2b: Delphox|1\n|-damage|p2b: Delphox|65/100\n|-unboost|p2b: Delphox|spe|1\n|-damage|p1b: Garchomp|19/100|[from] item: Life Orb\n|\n|upkeep\n|turn|8\n|inactive|DavidSilesPardillo has 30 seconds left.\n|\n|t:|1788294046\n|move|p1a: Basculegion|Aqua Jet|p2a: Incineroar\n|-supereffective|p2a: Incineroar|1\n|-damage|p2a: Incineroar|0 fnt\n|faint|p2a: Incineroar\n|move|p1b: Garchomp|Rock Tomb|p2b: Delphox\n|-supereffective|p2b: Delphox|1\n|-crit|p2b: Delphox\n|-damage|p2b: Delphox|0 fnt\n|faint|p2b: Delphox\n|-damage|p1b: Garchomp|9/100|[from] item: Life Orb\n|\n|win|DavidSilesPardillo\n|raw|DavidSilesPardillo's rating: 1149 &rarr; <strong>1172</strong><br />(+23 for winning)\n|raw|Luizins69's rating: 1123 &rarr; <strong>1100</strong><br />(-23 for losing)\n|l|☆Luizins69\n|player|p2|\n","uploadtime":1788294212,"views":"0","formatid":"gen9championsvgc2026regmb","rating":1100,"private":0,"password":null}