{"id":"gen9championsvgc2026regmb-2674725645","format":"[Gen 9 Champions] VGC 2026 Reg M-B","players":["fittyjason","xJacKaz"],"log":"|j|☆fittyjason\n|j|☆xJacKaz\n|html|<table width=\"100%\"><tr><td align=\"left\">fittyjason</td><td align=\"right\">xJacKaz</tr><tr><td align=\"left\"><i class=\"fa fa-circle-o\"></i> <i class=\"fa fa-circle-o\"></i> <i class=\"fa fa-circle-o\"></i> </td><td align=\"right\"><i class=\"fa fa-circle-o\"></i> <i class=\"fa fa-circle-o\"></i> <i class=\"fa fa-circle-o\"></i> </tr></table>\n|uhtml|bestof|<h2><strong>Game 1</strong> of <a href=\"/game-bestof5-gen9championsvgc2026regmb-2674725644\">a best-of-5</a></h2>\n|t:|1788396502\n|gametype|doubles\n|player|p1|fittyjason|169|\n|player|p2|xJacKaz|flannery|\n|gen|9\n|tier|[Gen 9 Champions] VGC 2026 Reg M-B\n|rule|Species Clause: Limit one of each Pokémon\n|rule|Item Clause: Limit 1 of each item\n|raw|<div class=\"infobox\"><details class=\"readmore\" open><summary><strong>1 custom rule:</strong></summary> Best of = 5</details></div>\n|clearpoke\n|poke|p1|Metagross, L50|\n|poke|p1|Swampert, L50, M|\n|poke|p1|Pelipper, L50, F|\n|poke|p1|Sinistcha, L50|\n|poke|p1|Archaludon, L50, F|\n|poke|p1|Incineroar, L50, M|\n|poke|p2|Lycanroc-Dusk, L50, M|\n|poke|p2|Basculegion, L50, M|\n|poke|p2|Scovillain, L50, M|\n|poke|p2|Sneasler, L50, F|\n|poke|p2|Kingambit, L50, F|\n|poke|p2|Froslass, L50, F|\n|teampreview|4\n|inactive|Battle timer is ON: inactive players will automatically lose when time's up. (requested by fittyjason)\n|j| silverdwarf\n|inactive|fittyjason has 60 seconds left.\n|\n|t:|1788396612\n|teamsize|p1|4\n|teamsize|p2|4\n|start\n|switch|p1a: Metagross|Metagross, L50|100/100\n|switch|p1b: Sinistcha|Sinistcha, L50|100/100\n|switch|p2a: Mambo #5|Scovillain, L50, M|100/100\n|switch|p2b: Skyline Chili|Sneasler, L50, F|100/100\n|turn|1\n|inactive|fittyjason has 30 seconds left.\n|inactive|xJacKaz has 30 seconds left.\n|inactive|fittyjason has 20 seconds left.\n|\n|t:|1788396651\n|detailschange|p2a: Mambo #5|Scovillain-Mega, L50, M\n|-mega|p2a: Mambo #5|Scovillain|Scovillainite\n|move|p2b: Skyline Chili|Fake Out|p1a: Metagross\n|-resisted|p1a: Metagross|1\n|-damage|p1a: Metagross|93/100\n|move|p1b: Sinistcha|Rage Powder|p1b: Sinistcha\n|-singleturn|p1b: Sinistcha|move: Rage Powder\n|cant|p1a: Metagross|flinch\n|move|p2a: Mambo #5|Overheat|p1b: Sinistcha\n|-supereffective|p1b: Sinistcha|1\n|-damage|p1b: Sinistcha|0 fnt\n|-unboost|p2a: Mambo #5|spa|2\n|faint|p1b: Sinistcha\n|\n|upkeep\n|\n|t:|1788396668\n|switch|p1b: Pelipper|Pelipper, L50, F|100/100\n|-weather|RainDance|[from] ability: Drizzle|[of] p1b: Pelipper\n|turn|2\n|inactive|xJacKaz has 30 seconds left.\n|\n|t:|1788396697\n|detailschange|p1a: Metagross|Metagross-Mega, L50\n|-mega|p1a: Metagross|Metagross|Metagrossite\n|move|p2a: Mambo #5|Rage Powder|p2a: Mambo #5\n|-singleturn|p2a: Mambo #5|move: Rage Powder\n|move|p2b: Skyline Chili|Dire Claw|p1b: Pelipper\n|-damage|p1b: Pelipper|50/100g\n|move|p1a: Metagross|Stomping Tantrum|p2a: Mambo #5\n|-damage|p2a: Mambo #5|41/100\n|-status|p1a: Metagross|brn|[from] ability: Spicy Spray|[of] p2a: Mambo #5\n|move|p1b: Pelipper|Hurricane|p2a: Mambo #5\n|-supereffective|p2a: Mambo #5|1\n|-damage|p2a: Mambo #5|0 fnt\n|-status|p1b: Pelipper|brn|[from] ability: Spicy Spray|[of] p2a: Mambo #5\n|faint|p2a: Mambo #5\n|\n|-weather|RainDance|[upkeep]\n|-damage|p1a: Metagross|87/100 brn|[from] brn\n|-damage|p1b: Pelipper|44/100 brn|[from] brn\n|upkeep\n|-enditem|p1b: Pelipper|Sitrus Berry|[eat]\n|-heal|p1b: Pelipper|69/100 brn|[from] item: Sitrus Berry\n|\n|t:|1788396720\n|switch|p2a: Yorokobe|Kingambit, L50, F|100/100\n|turn|3\n|\n|t:|1788396742\n|move|p2b: Skyline Chili|Protect|p2b: Skyline Chili\n|-singleturn|p2b: Skyline Chili|Protect\n|move|p1a: Metagross|Psychic Fangs|p2b: Skyline Chili\n|-activate|p2b: Skyline Chili|move: Protect\n|move|p1b: Pelipper|Tailwind|p1b: Pelipper\n|-sidestart|p1: fittyjason|move: Tailwind\n|move|p2a: Yorokobe|Kowtow Cleave|p1b: Pelipper\n|-damage|p1b: Pelipper|13/100 brn\n|\n|-weather|RainDance|[upkeep]\n|-damage|p1a: Metagross|81/100 brn|[from] brn\n|-damage|p1b: Pelipper|7/100 brn|[from] brn\n|upkeep\n|turn|4\n|inactive|fittyjason has 30 seconds left.\n|inactive|xJacKaz has 30 seconds left.\n|inactive|fittyjason has 20 seconds left.\n|inactive|fittyjason has 15 seconds left.\n|inactive|xJacKaz has 20 seconds left.\n|inactive|fittyjason has 10 seconds left.\n|inactive|fittyjason has 5 seconds left.\n|\n|t:|1788396793\n|move|p2a: Yorokobe|Sucker Punch|p1a: Metagross\n|-supereffective|p1a: Metagross|1\n|-damage|p1a: Metagross|8/100 brn\n|move|p1a: Metagross|Stomping Tantrum|p2a: Yorokobe\n|-supereffective|p2a: Yorokobe|1\n|-damage|p2a: Yorokobe|72/100\n|move|p1b: Pelipper|Weather Ball|p2a: Yorokobe\n|-damage|p2a: Yorokobe|13/100\n|move|p2b: Skyline Chili|Dire Claw|p1b: Pelipper\n|-damage|p1b: Pelipper|0 fnt\n|faint|p1b: Pelipper\n|\n|-weather|RainDance|[upkeep]\n|-damage|p1a: Metagross|2/100 brn|[from] brn\n|upkeep\n|\n|t:|1788396807\n|switch|p1b: Archaludon|Archaludon, L50, F|100/100\n|turn|5\n|\n|t:|1788396819\n|move|p2b: Skyline Chili|Protect|p2b: Skyline Chili\n|-singleturn|p2b: Skyline Chili|Protect\n|move|p2a: Yorokobe|Protect|p2a: Yorokobe\n|-singleturn|p2a: Yorokobe|Protect\n|move|p1a: Metagross|Psychic Fangs|p2b: Skyline Chili\n|-activate|p2b: Skyline Chili|move: Protect\n|move|p1b: Archaludon|Electro Shot||[still]\n|-prepare|p1b: Archaludon|Electro Shot\n|-boost|p1b: Archaludon|spa|1\n|-anim|p1b: Archaludon|Electro Shot|p2a: Yorokobe\n|-activate|p2a: Yorokobe|move: Protect\n|\n|-weather|RainDance|[upkeep]\n|-damage|p1a: Metagross|0 fnt|[from] brn\n|faint|p1a: Metagross\n|upkeep\n|turn|6\n|inactive|fittyjason has 30 seconds left.\n|\n|t:|1788396845\n|move|p2a: Yorokobe|Sucker Punch|p1b: Archaludon\n|-damage|p1b: Archaludon|59/100\n|-ability|p1b: Archaludon|Stamina|boost\n|-boost|p1b: Archaludon|def|1\n|move|p1b: Archaludon|Electro Shot||[still]\n|-prepare|p1b: Archaludon|Electro Shot\n|-boost|p1b: Archaludon|spa|1\n|-anim|p1b: Archaludon|Electro Shot|p2a: Yorokobe\n|-damage|p2a: Yorokobe|0 fnt\n|faint|p2a: Yorokobe\n|move|p2b: Skyline Chili|Close Combat|p1b: Archaludon\n|-supereffective|p1b: Archaludon|1\n|-damage|p1b: Archaludon|0 fnt\n|-unboost|p2b: Skyline Chili|def|1\n|-unboost|p2b: Skyline Chili|spd|1\n|faint|p1b: Archaludon\n|\n|win|xJacKaz\n|inactive|fittyjason has 30 seconds to confirm battle start!\n|inactive|xJacKaz has 30 seconds to confirm battle start!\n||xJacKaz is ready for game 2.\n||fittyjason is ready for game 2.\n|uhtml|next|Next: <a href=\"/battle-gen9championsvgc2026regmb-2674727917\"><strong>Game 2 of 5</strong></a>\n|j| Mashed Potoooooooo\n","uploadtime":1788397106,"views":"0","formatid":"gen9championsvgc2026regmb","rating":null,"private":0,"password":null}