{"id":"gen9championsvgc2026regmbbo3-2673627471","format":"[Gen 9 Champions] VGC 2026 Reg M-B (Bo3)","players":["mezinalos","sixivs"],"log":"|j|☆mezinalos\n|j|☆sixivs\n|html|<table width=\"100%\"><tr><td align=\"left\">mezinalos</td><td align=\"right\">sixivs</tr><tr><td align=\"left\"><i class=\"fa fa-circle\"></i> <i class=\"fa fa-circle-o\"></i> </td><td align=\"right\"><i class=\"fa fa-circle-o\"></i> <i class=\"fa fa-circle-o\"></i> </tr></table>\n|uhtml|bestof|<h2><strong>Game 2</strong> of <a href=\"/game-bestof3-gen9championsvgc2026regmbbo3-2673624782\">a best-of-3</a></h2>\n|t:|1788223549\n|gametype|doubles\n|player|p1|mezinalos|1|1139\n|player|p2|sixivs|102|1098\n|gen|9\n|tier|[Gen 9 Champions] VGC 2026 Reg M-B (Bo3)\n|rated|\n|rule|Species Clause: Limit one of each Pokémon\n|rule|Item Clause: Limit 1 of each item\n|clearpoke\n|poke|p1|Lycanroc-Dusk, L50, F|\n|poke|p1|Blaziken, L50, M|\n|poke|p1|Dragonite, L50, M|\n|poke|p1|Ninetales-Alola, L50, M|\n|poke|p1|Aggron, L50, M|\n|poke|p1|Whimsicott, L50, F|\n|poke|p2|Basculegion, L50, M|\n|poke|p2|Charizard, L50, F|\n|poke|p2|Kingambit, L50, F|\n|poke|p2|Whimsicott, L50, F|\n|poke|p2|Garchomp, L50, F|\n|poke|p2|Floette-Eternal, L50, F|\n|teampreview|4\n|showteam|p1|Lycanroc-Dusk||FocusSash|ToughClaws|Accelerock,CloseCombat,RockSlide,Protect|Adamant||F|||50|]Blaziken||Blazikenite|SpeedBoost|CloseCombat,FlareBlitz,RockSlide,Protect|Adamant||M|||50|]Dragonite||LifeOrb|Multiscale|Protect,ExtremeSpeed,DragonClaw,IceBeam|Adamant||M|||50|]Ninetales-Alola||NeverMeltIce|SnowWarning|Blizzard,FreezeDry,Protect,Moonblast|Timid||M|||50|]Aggron||Aggronite|Sturdy|BodyPress,HeavySlam,IronDefense,Protect|Impish||M|||50|]Whimsicott||FairyFeather|Prankster|Moonblast,Tailwind,Encore,Protect|Timid||F|||50|\n|showteam|p2|Basculegion||ColburBerry|Adaptability|WaveCrash,LastRespects,AquaJet,Protect|Adamant||M|||50|]Charizard||CharizarditeY|SolarPower|HeatWave,WeatherBall,AncientPower,Protect|Timid||F|||50|]Kingambit||BlackGlasses|Defiant|KowtowCleave,IronHead,SuckerPunch,Protect|Adamant||F|||50|]Whimsicott||FocusSash|Prankster|Moonblast,Tailwind,Encore,Protect|Timid||F|||50|]Garchomp||LifeOrb|RoughSkin|DragonClaw,Earthquake,RockSlide,Protect|Jolly||F|||50|]Floette-Eternal||Floettite|FlowerVeil|Moonblast,DazzlingGleam,LightofRuin,Protect|Modest||F|||50|\n|\n|t:|1788223617\n|teamsize|p1|4\n|teamsize|p2|4\n|start\n|switch|p1a: Ninetales|Ninetales-Alola, L50, M|100/100\n|switch|p1b: Lycanroc|Lycanroc-Dusk, L50, F|100/100\n|switch|p2a: Basculegion|Basculegion, L50, M|100/100\n|switch|p2b: Whimsicott|Whimsicott, L50, F|100/100\n|-weather|Snowscape|[from] ability: Snow Warning|[of] p1a: Ninetales\n|turn|1\n|\n|t:|1788223658\n|move|p2a: Basculegion|Protect|p2a: Basculegion\n|-singleturn|p2a: Basculegion|Protect\n|move|p2b: Whimsicott|Tailwind|p2b: Whimsicott\n|-sidestart|p2: sixivs|move: Tailwind\n|move|p1b: Lycanroc|Accelerock|p2b: Whimsicott\n|-damage|p2b: Whimsicott|60/100\n|move|p1a: Ninetales|Freeze-Dry|p2a: Basculegion\n|-activate|p2a: Basculegion|move: Protect\n|\n|-weather|Snowscape|[upkeep]\n|upkeep\n|turn|2\n|\n|t:|1788223675\n|move|p2b: Whimsicott|Moonblast|p1a: Ninetales\n|-damage|p1a: Ninetales|60/100\n|move|p2a: Basculegion|Wave Crash|p1a: Ninetales\n|-damage|p1a: Ninetales|0 fnt\n|faint|p1a: Ninetales\n|-damage|p2a: Basculegion|84/100|[from] Recoil\n|move|p1b: Lycanroc|Rock Slide|p2b: Whimsicott|[spread] p2a,p2b\n|-damage|p2a: Basculegion|51/100\n|-damage|p2b: Whimsicott|19/100\n|\n|-weather|Snowscape|[upkeep]\n|upkeep\n|\n|t:|1788223697\n|switch|p1a: Whimsicott|Whimsicott, L50, F|100/100\n|turn|3\n|\n|t:|1788223724\n|switch|p2b: Garchomp|Garchomp, L50, F|100/100\n|move|p2a: Basculegion|Aqua Jet|p1b: Lycanroc\n|-supereffective|p1b: Lycanroc|1\n|-damage|p1b: Lycanroc|7/100\n|move|p1a: Whimsicott|Tailwind|p1a: Whimsicott\n|-sidestart|p1: mezinalos|move: Tailwind\n|move|p1b: Lycanroc|Rock Slide|p2a: Basculegion|[spread] p2a,p2b\n|-resisted|p2b: Garchomp|1\n|-damage|p2a: Basculegion|17/100\n|-damage|p2b: Garchomp|86/100\n|\n|-weather|Snowscape|[upkeep]\n|upkeep\n|turn|4\n|\n|t:|1788223744\n|move|p1b: Lycanroc|Protect|p1b: Lycanroc\n|-singleturn|p1b: Lycanroc|Protect\n|move|p2a: Basculegion|Aqua Jet|p1a: Whimsicott\n|-resisted|p1a: Whimsicott|1\n|-damage|p1a: Whimsicott|79/100\n|move|p1a: Whimsicott|Moonblast|p2b: Garchomp\n|-supereffective|p2b: Garchomp|1\n|-crit|p2b: Garchomp\n|-damage|p2b: Garchomp|0 fnt\n|faint|p2b: Garchomp\n|\n|-weather|Snowscape|[upkeep]\n|-sideend|p2: sixivs|move: Tailwind\n|upkeep\n|\n|t:|1788223758\n|switch|p2b: Whimsicott|Whimsicott, L50, F|19/100\n|turn|5\n|\n|t:|1788223780\n|move|p2b: Whimsicott|Tailwind|p2b: Whimsicott\n|-sidestart|p2: sixivs|move: Tailwind\n|move|p2a: Basculegion|Aqua Jet|p1b: Lycanroc\n|-supereffective|p1b: Lycanroc|1\n|-damage|p1b: Lycanroc|0 fnt\n|faint|p1b: Lycanroc\n|move|p1a: Whimsicott|Moonblast|p2b: Whimsicott\n|-damage|p2b: Whimsicott|0 fnt\n|faint|p2b: Whimsicott\n|\n|-weather|none\n|upkeep\n|\n|t:|1788223791\n|switch|p2b: Charizard|Charizard, L50, F|100/100\n|switch|p1b: Blaziken|Blaziken, L50, M|100/100\n|turn|6\n|\n|t:|1788223833\n|detailschange|p2b: Charizard|Charizard-Mega-Y, L50, F\n|-mega|p2b: Charizard|Charizard|Charizardite Y\n|-weather|SunnyDay|[from] ability: Drought|[of] p2b: Charizard\n|detailschange|p1b: Blaziken|Blaziken-Mega, L50, M\n|-mega|p1b: Blaziken|Blaziken|Blazikenite\n|move|p1b: Blaziken|Protect|p1b: Blaziken\n|-singleturn|p1b: Blaziken|Protect\n|move|p2a: Basculegion|Protect|p2a: Basculegion\n|-singleturn|p2a: Basculegion|Protect\n|move|p1a: Whimsicott|Moonblast|p2a: Basculegion\n|-activate|p2a: Basculegion|move: Protect\n|move|p2b: Charizard|Weather Ball|p1a: Whimsicott\n|-supereffective|p1a: Whimsicott|1\n|-damage|p1a: Whimsicott|0 fnt\n|faint|p1a: Whimsicott\n|\n|-weather|SunnyDay|[upkeep]\n|-sideend|p1: mezinalos|move: Tailwind\n|-ability|p1b: Blaziken|Speed Boost|boost\n|-boost|p1b: Blaziken|spe|1\n|upkeep\n|turn|7\n|\n|t:|1788223865\n|move|p2b: Charizard|Ancient Power|p1b: Blaziken\n|-damage|p1b: Blaziken|71/100\n|move|p1b: Blaziken|Rock Slide|p2a: Basculegion|[spread] p2a,p2b\n|-supereffective|p2b: Charizard|2\n|-damage|p2a: Basculegion|0 fnt\n|-damage|p2b: Charizard|0 fnt\n|faint|p2a: Basculegion\n|faint|p2b: Charizard\n|\n|win|mezinalos\n|raw|mezinalos's rating: 1139 &rarr; <strong>1161</strong><br />(+22 for winning)\n|raw|sixivs's rating: 1098 &rarr; <strong>1076</strong><br />(-22 for losing)\n","uploadtime":1788223893,"views":"1","formatid":"gen9championsvgc2026regmbbo3","rating":1076,"private":0,"password":null}