{"id":"gen9championsvgc2026regmbbo3-2673921717","format":"[Gen 9 Champions] VGC 2026 Reg M-B (Bo3)","players":["galargiant","GrokiTaranilla"],"log":"|j|☆galargiant\n|j|☆GrokiTaranilla\n|html|<table width=\"100%\"><tr><td align=\"left\">galargiant</td><td align=\"right\">GrokiTaranilla</tr><tr><td align=\"left\"><i class=\"fa fa-circle\"></i> <i class=\"fa fa-circle-o\"></i> </td><td align=\"right\"><i class=\"fa fa-circle-o\"></i> <i class=\"fa fa-circle\"></i> </tr></table>\n|uhtml|bestof|<h2><strong>Game 3</strong> of <a href=\"/game-bestof3-gen9championsvgc2026regmbbo3-2673917028\">a best-of-3</a></h2>\n|t:|1788277413\n|gametype|doubles\n|player|p1|galargiant|jupiter|1247\n|player|p2|GrokiTaranilla|fisherman-gen4|1298\n|gen|9\n|tier|[Gen 9 Champions] VGC 2026 Reg M-B (Bo3)\n|rated|\n|rule|Species Clause: Limit one of each Pokémon\n|rule|Item Clause: Limit 1 of each item\n|clearpoke\n|poke|p1|Kleavor, L50, M|\n|poke|p1|Whimsicott, L50, M, shiny|\n|poke|p1|Kingambit, L50, F|\n|poke|p1|Raichu, L50, M|\n|poke|p1|Basculegion, L50, M|\n|poke|p1|Ceruledge, L50, M|\n|poke|p2|Incineroar, L50, M|\n|poke|p2|Kingambit, L50, M|\n|poke|p2|Sinistcha, L50|\n|poke|p2|Sneasler, L50, F|\n|poke|p2|Floette-Eternal, L50, F|\n|poke|p2|Delphox, L50, M|\n|teampreview|4\n|showteam|p1|Kleavor||FocusSash|Sharpness|Protect,StoneAxe,XScissor,Feint|Adamant||M|||50|]Whimsicott||FairyFeather|Prankster|Protect,Moonblast,Tailwind,Encore|Timid||M|||50|]Kingambit||ChopleBerry|Defiant|Protect,KowtowCleave,SuckerPunch,LowKick|Adamant||F|||50|]Raichu||RaichuniteY|LightningRod|Protect,ZapCannon,FocusBlast,FakeOut|Timid||M|||50|]Basculegion||LifeOrb|Adaptability|Protect,WaveCrash,LastRespects,AquaJet|Adamant||M|||50|]Ceruledge||ColburBerry|FlashFire|BitterBlade,ShadowSneak,Poltergeist,Protect|Adamant||M|||50|\n|showteam|p2|Incineroar||SitrusBerry|Intimidate|FakeOut,FlareBlitz,DarkestLariat,PartingShot|Careful||M|||50|]Kingambit||LifeOrb|Defiant|KowtowCleave,SuckerPunch,SwordsDance,Protect|Adamant||M|||50|]Sinistcha||OccaBerry|Hospitality|MatchaGotcha,LifeDew,RagePowder,Protect|Relaxed|||||50|]Sneasler||FocusSash|PoisonTouch|FakeOut,CloseCombat,PoisonJab,Protect|Jolly||F|||50|]Floette-Eternal||Floettite|FlowerVeil|Moonblast,DazzlingGleam,CalmMind,Protect|Modest||F|||50|]Delphox||Delphoxite|Blaze|HeatWave,Psychic,NastyPlot,Protect|Timid||M|||50|\n|inactive|Battle timer is ON: inactive players will automatically lose when time's up. (requested by galargiant)\n|\n|t:|1788277437\n|teamsize|p1|4\n|teamsize|p2|4\n|start\n|switch|p1a: Raichu|Raichu, L50, M|100/100\n|switch|p1b: Ceruledge|Ceruledge, L50, M|100/100\n|switch|p2a: Floette|Floette-Eternal, L50, F|100/100\n|switch|p2b: Incineroar|Incineroar, L50, M|100/100\n|-ability|p2b: Incineroar|Intimidate|boost\n|-unboost|p1a: Raichu|atk|1\n|-unboost|p1b: Ceruledge|atk|1\n|turn|1\n|\n|t:|1788277460\n|switch|p1b: Kingambit|Kingambit, L50, F|100/100\n|detailschange|p1a: Raichu|Raichu-Mega-Y, L50, M\n|-mega|p1a: Raichu|Raichu|Raichunite Y\n|detailschange|p2a: Floette|Floette-Mega, L50, F\n|-mega|p2a: Floette|Floette|Floettite\n|-ability|p2a: Floette|Fairy Aura\n|move|p1a: Raichu|Fake Out|p2b: Incineroar\n|-damage|p2b: Incineroar|94/100\n|move|p2a: Floette|Dazzling Gleam|p1a: Raichu|[spread] p1a,p1b\n|-damage|p1a: Raichu|29/100\n|-damage|p1b: Kingambit|44/100\n|cant|p2b: Incineroar|flinch\n|\n|upkeep\n|turn|2\n|inactive|galargiant has 30 seconds left.\n|inactive|GrokiTaranilla has 30 seconds left.\n|\n|t:|1788277488\n|move|p1a: Raichu|Zap Cannon|p2a: Floette\n|-damage|p2a: Floette|49/100\n|-status|p2a: Floette|par\n|move|p1b: Kingambit|Kowtow Cleave|p2a: Floette\n|-resisted|p2a: Floette|1\n|-damage|p2a: Floette|25/100 par\n|move|p2b: Incineroar|Flare Blitz|p1b: Kingambit\n|-supereffective|p1b: Kingambit|1\n|-damage|p1b: Kingambit|0 fnt\n|faint|p1b: Kingambit\n|-damage|p2b: Incineroar|81/100|[from] Recoil\n|move|p2a: Floette|Dazzling Gleam|p1a: Raichu\n|-damage|p1a: Raichu|0 fnt\n|faint|p1a: Raichu\n|\n|upkeep\n|\n|t:|1788277503\n|switch|p1a: Ceruledge|Ceruledge, L50, M|100/100\n|switch|p1b: Basculegion|Basculegion, L50, M|100/100\n|turn|3\n|\n|t:|1788277520\n|switch|p2a: Sinistcha|Sinistcha, L50|100/100\n|-heal|p2b: Incineroar|100/100|[from] ability: Hospitality|[of] p2a: Sinistcha\n|move|p1a: Ceruledge|Bitter Blade|p2a: Sinistcha\n|-supereffective|p2a: Sinistcha|1\n|-enditem|p2a: Sinistcha|Occa Berry|[eat]\n|-enditem|p2a: Sinistcha|Occa Berry|[weaken]\n|-damage|p2a: Sinistcha|62/100\n|move|p1b: Basculegion|Wave Crash|p2b: Incineroar\n|-supereffective|p2b: Incineroar|1\n|-damage|p2b: Incineroar|0 fnt\n|faint|p2b: Incineroar\n|-damage|p1b: Basculegion|65/100|[from] Recoil\n|-damage|p1b: Basculegion|55/100|[from] item: Life Orb\n|\n|upkeep\n|\n|t:|1788277531\n|switch|p2b: Kingambit|Kingambit, L50, M|100/100\n|turn|4\n|\n|t:|1788277547\n|move|p2a: Sinistcha|Protect|p2a: Sinistcha\n|-singleturn|p2a: Sinistcha|Protect\n|move|p2b: Kingambit|Protect|p2b: Kingambit\n|-singleturn|p2b: Kingambit|Protect\n|move|p1a: Ceruledge|Shadow Sneak|p2a: Sinistcha\n|-activate|p2a: Sinistcha|move: Protect\n|move|p1b: Basculegion|Aqua Jet|p2b: Kingambit\n|-activate|p2b: Kingambit|move: Protect\n|\n|upkeep\n|turn|5\n|\n|t:|1788277559\n|move|p2a: Sinistcha|Rage Powder|p2a: Sinistcha\n|-singleturn|p2a: Sinistcha|move: Rage Powder\n|move|p1a: Ceruledge|Bitter Blade|p2a: Sinistcha\n|-supereffective|p2a: Sinistcha|1\n|-damage|p2a: Sinistcha|0 fnt\n|faint|p2a: Sinistcha\n|move|p1b: Basculegion|Wave Crash|p2b: Kingambit\n|-damage|p2b: Kingambit|33/100\n|-damage|p1b: Basculegion|32/100|[from] Recoil\n|-damage|p1b: Basculegion|22/100|[from] item: Life Orb\n|move|p2b: Kingambit|Kowtow Cleave|p1a: Ceruledge\n|-supereffective|p1a: Ceruledge|1\n|-enditem|p1a: Ceruledge|Colbur Berry|[eat]\n|-enditem|p1a: Ceruledge|Colbur Berry|[weaken]\n|-damage|p1a: Ceruledge|11/100\n|-damage|p2b: Kingambit|23/100|[from] item: Life Orb\n|\n|upkeep\n|\n|t:|1788277573\n|switch|p2a: Floette|Floette-Mega, L50, F|25/100 par\n|-ability|p2a: Floette|Fairy Aura\n|turn|6\n|\n|t:|1788277586\n|move|p1a: Ceruledge|Shadow Sneak|p2a: Floette\n|-damage|p2a: Floette|1/100 par\n|move|p1b: Basculegion|Aqua Jet|p2b: Kingambit\n|-damage|p2b: Kingambit|0 fnt\n|faint|p2b: Kingambit\n|-damage|p1b: Basculegion|12/100|[from] item: Life Orb\n|cant|p2a: Floette|par\n|\n|upkeep\n|turn|7\n|c|☆GrokiTaranilla|jajajaj\n|c|☆galargiant|Oh my lmao\n|inactive|galargiant has 30 seconds left.\n|c|☆galargiant|that’s horrible\n|\n|t:|1788277619\n|move|p2a: Floette|Protect|p2a: Floette\n|-singleturn|p2a: Floette|Protect\n|move|p1a: Ceruledge|Shadow Sneak|p2a: Floette\n|-activate|p2a: Floette|move: Protect\n|move|p1b: Basculegion|Aqua Jet|p2a: Floette\n|-activate|p2a: Floette|move: Protect\n|\n|upkeep\n|turn|8\n|inactive|GrokiTaranilla has 30 seconds left.\n|inactive|GrokiTaranilla has 20 seconds left.\n|inactive|GrokiTaranilla has 15 seconds left.\n|inactive|GrokiTaranilla has 10 seconds left.\n|inactive|GrokiTaranilla has 5 seconds left.\n|\n|t:|1788277673\n|move|p2a: Floette|Protect|p2a: Floette\n|-singleturn|p2a: Floette|Protect\n|move|p1a: Ceruledge|Shadow Sneak|p2a: Floette\n|-activate|p2a: Floette|move: Protect\n|move|p1b: Basculegion|Aqua Jet|p2a: Floette\n|-activate|p2a: Floette|move: Protect\n|\n|upkeep\n|turn|9\n|inactive|GrokiTaranilla has 30 seconds left.\n|inactive|GrokiTaranilla has 20 seconds left.\n|inactive|GrokiTaranilla has 15 seconds left.\n|inactive|GrokiTaranilla has 10 seconds left.\n|inactive|GrokiTaranilla has 5 seconds left.\n|\n|t:|1788277728\n|move|p2a: Floette|Protect||[still]\n|-fail|p2a: Floette\n|move|p1a: Ceruledge|Shadow Sneak|p2a: Floette\n|-damage|p2a: Floette|0 fnt\n|faint|p2a: Floette\n|\n|win|galargiant\n|raw|galargiant's rating: 1247 &rarr; <strong>1276</strong><br />(+29 for winning)\n|raw|GrokiTaranilla's rating: 1298 &rarr; <strong>1269</strong><br />(-29 for losing)\n","uploadtime":1788277736,"views":"9","formatid":"gen9championsvgc2026regmbbo3","rating":1269,"private":0,"password":null}