{"id":"gen9championsvgc2026regmbbo3-2673800368","format":"[Gen 9 Champions] VGC 2026 Reg M-B (Bo3)","players":["B1g b3luga","Jorge Saltamontes"],"log":"|j|☆B1g b3luga\n|j|☆Jorge Saltamontes\n|html|<table width=\"100%\"><tr><td align=\"left\">B1g b3luga</td><td align=\"right\">Jorge Saltamontes</tr><tr><td align=\"left\"><i class=\"fa fa-circle-o\"></i> <i class=\"fa fa-circle-o\"></i> </td><td align=\"right\"><i class=\"fa fa-circle-o\"></i> <i class=\"fa fa-circle\"></i> </tr></table>\n|uhtml|bestof|<h2><strong>Game 2</strong> of <a href=\"/game-bestof3-gen9championsvgc2026regmbbo3-2673798920\">a best-of-3</a></h2>\n|t:|1788259482\n|gametype|doubles\n|player|p1|B1g b3luga|266|1229\n|player|p2|Jorge Saltamontes|marshal|1442\n|gen|9\n|tier|[Gen 9 Champions] VGC 2026 Reg M-B (Bo3)\n|rated|\n|rule|Species Clause: Limit one of each Pokémon\n|rule|Item Clause: Limit 1 of each item\n|clearpoke\n|poke|p1|Gengar, L50, F, shiny|\n|poke|p1|Politoed, L50, M|\n|poke|p1|Archaludon, L50, F|\n|poke|p1|Incineroar, L50, F|\n|poke|p1|Dragonite, L50, F, shiny|\n|poke|p1|Garchomp, L50, M|\n|poke|p2|Charizard, L50, M|\n|poke|p2|Sylveon, L50, F|\n|poke|p2|Garchomp, L50, F|\n|poke|p2|Venusaur, L50, F|\n|poke|p2|Incineroar, L50, M|\n|poke|p2|Toxapex, L50, F|\n|teampreview|4\n|showteam|p1|Gengar||Gengarite|CursedBody|PerishSong,Protect,ShadowBall,SludgeBomb|Modest||F|||50|]Politoed||SitrusBerry|Drizzle|MuddyWater,IceBeam,Protect,PerishSong|Calm||M|||50|]Archaludon||Leftovers|Stamina|FlashCannon,DracoMeteor,ElectroShot,Protect|Calm||F|||50|]Incineroar||ChopleBerry|Intimidate|PartingShot,FlareBlitz,Protect,FakeOut|Impish||F|||50|]Dragonite||Dragoninite|InnerFocus|DragonPulse,Hurricane,Protect,Tailwind|Modest||F|||50|]Garchomp||LifeOrb|RoughSkin|RockSlide,StompingTantrum,DragonClaw,Protect|Jolly||M|||50|\n|showteam|p2|Charizard||CharizarditeY|Blaze|WeatherBall,HeatWave,AncientPower,Protect|Modest||M|||50|]Sylveon||FairyFeather|Pixilate|HyperVoice,QuickAttack,Yawn,Detect|Modest||F|||50|]Garchomp||ChoiceScarf|RoughSkin|RockSlide,DragonClaw,Earthquake,StompingTantrum|Adamant||F|||50|]Venusaur||LifeOrb|Chlorophyll|SludgeBomb,LeafStorm,EarthPower,Protect|Modest||F|||50|]Incineroar||SitrusBerry|Intimidate|FlareBlitz,FakeOut,DarkestLariat,PartingShot|Impish||M|||50|]Toxapex||Leftovers|Regenerator|Infestation,Toxic,WideGuard,BanefulBunker|Bold||F|||50|\n|\n|t:|1788259524\n|teamsize|p1|4\n|teamsize|p2|4\n|start\n|switch|p1a: Garchomp|Garchomp, L50, M|100/100\n|switch|p1b: Dragonite|Dragonite, L50, F, shiny|100/100\n|switch|p2a: Incineroar|Incineroar, L50, M|100/100\n|switch|p2b: Toxapex|Toxapex, L50, F|100/100\n|-ability|p2a: Incineroar|Intimidate|boost\n|-unboost|p1a: Garchomp|atk|1\n|-fail|p1b: Dragonite|unboost|Attack|[from] ability: Inner Focus|[of] p1b: Dragonite\n|turn|1\n|\n|t:|1788259544\n|switch|p1a: Politoed|Politoed, L50, M|100/100\n|-weather|RainDance|[from] ability: Drizzle|[of] p1a: Politoed\n|detailschange|p1b: Dragonite|Dragonite-Mega, L50, F, shiny\n|-mega|p1b: Dragonite|Dragonite|Dragoninite\n|move|p1b: Dragonite|Hurricane|p2b: Toxapex\n|-damage|p2b: Toxapex|44/100\n|move|p2a: Incineroar|Parting Shot|p1a: Politoed\n|-unboost|p1a: Politoed|atk|1\n|-unboost|p1a: Politoed|spa|1\n|\n|t:|1788259554\n|switch|p2a: Charizard|Charizard, L50, M|100/100|[from] Parting Shot\n|move|p2b: Toxapex|Infestation|p1b: Dragonite\n|-resisted|p1b: Dragonite|1\n|-damage|p1b: Dragonite|99/100\n|-activate|p1b: Dragonite|move: Infestation|[of] p2b: Toxapex\n|\n|-weather|RainDance|[upkeep]\n|-heal|p2b: Toxapex|50/100g|[from] item: Leftovers\n|-damage|p1b: Dragonite|87/100|[from] move: Infestation|[partiallytrapped]\n|upkeep\n|turn|2\n|\n|t:|1788259570\n|switch|p1a: Garchomp|Garchomp, L50, M|100/100\n|detailschange|p2a: Charizard|Charizard-Mega-Y, L50, M\n|-mega|p2a: Charizard|Charizard|Charizardite Y\n|-weather|SunnyDay|[from] ability: Drought|[of] p2a: Charizard\n|move|p2b: Toxapex|Baneful Bunker|p2b: Toxapex\n|-singleturn|p2b: Toxapex|move: Protect\n|move|p2a: Charizard|Ancient Power|p1b: Dragonite\n|-supereffective|p1b: Dragonite|1\n|-damage|p1b: Dragonite|44/100\n|move|p1b: Dragonite|Tailwind|p1b: Dragonite\n|-sidestart|p1: B1g b3luga|move: Tailwind\n|\n|-weather|SunnyDay|[upkeep]\n|-heal|p2b: Toxapex|56/100|[from] item: Leftovers\n|-damage|p1b: Dragonite|32/100|[from] move: Infestation|[partiallytrapped]\n|upkeep\n|turn|3\n|\n|t:|1788259596\n|switch|p2a: Incineroar|Incineroar, L50, M|100/100\n|-ability|p2a: Incineroar|Intimidate|boost\n|-unboost|p1a: Garchomp|atk|1\n|-unboost|p1b: Dragonite|atk|1\n|move|p1a: Garchomp|Dragon Claw|p2a: Incineroar\n|-crit|p2a: Incineroar\n|-damage|p2a: Incineroar|42/100\n|-enditem|p2a: Incineroar|Sitrus Berry|[eat]\n|-heal|p2a: Incineroar|66/100|[from] item: Sitrus Berry\n|-damage|p1a: Garchomp|90/100|[from] item: Life Orb\n|move|p1b: Dragonite|Dragon Pulse|p2a: Incineroar\n|-damage|p2a: Incineroar|23/100\n|move|p2b: Toxapex|Infestation|p1a: Garchomp\n|-damage|p1a: Garchomp|86/100\n|-activate|p1a: Garchomp|move: Infestation|[of] p2b: Toxapex\n|-damage|p2b: Toxapex|43/100|[from] ability: Rough Skin|[of] p1a: Garchomp\n|\n|-weather|SunnyDay|[upkeep]\n|-heal|p2b: Toxapex|49/100|[from] item: Leftovers\n|-damage|p1a: Garchomp|73/100|[from] move: Infestation|[partiallytrapped]\n|-damage|p1b: Dragonite|19/100|[from] move: Infestation|[partiallytrapped]\n|upkeep\n|turn|4\n|\n|t:|1788259618\n|move|p1a: Garchomp|Protect|p1a: Garchomp\n|-singleturn|p1a: Garchomp|Protect\n|move|p1b: Dragonite|Protect|p1b: Dragonite\n|-singleturn|p1b: Dragonite|Protect\n|move|p2a: Incineroar|Fake Out|p1b: Dragonite\n|-activate|p1b: Dragonite|move: Protect\n|move|p2b: Toxapex|Toxic|p1a: Garchomp\n|-activate|p1a: Garchomp|move: Protect\n|\n|-weather|SunnyDay|[upkeep]\n|-heal|p2b: Toxapex|55/100|[from] item: Leftovers\n|-damage|p1a: Garchomp|61/100|[from] move: Infestation|[partiallytrapped]\n|-damage|p1b: Dragonite|7/100|[from] move: Infestation|[partiallytrapped]\n|upkeep\n|turn|5\n|\n|t:|1788259635\n|move|p1a: Garchomp|Stomping Tantrum|p2a: Incineroar\n|-supereffective|p2a: Incineroar|1\n|-damage|p2a: Incineroar|0 fnt\n|faint|p2a: Incineroar\n|-damage|p1a: Garchomp|51/100|[from] item: Life Orb\n|move|p1b: Dragonite|Dragon Pulse|p2b: Toxapex\n|-crit|p2b: Toxapex\n|-damage|p2b: Toxapex|0 fnt\n|faint|p2b: Toxapex\n|\n|-weather|SunnyDay|[upkeep]\n|-end|p1a: Garchomp|Infestation|[partiallytrapped]|[silent]\n|-end|p1b: Dragonite|Infestation|[partiallytrapped]|[silent]\n|-sideend|p1: B1g b3luga|move: Tailwind\n|upkeep\n|\n|t:|1788259639\n|switch|p2a: Garchomp|Garchomp, L50, F|100/100\n|switch|p2b: Charizard|Charizard-Mega-Y, L50, M|100/100\n|turn|6\n|\n|t:|1788259656\n|switch|p1b: Politoed|Politoed, L50, M|100/100\n|-weather|RainDance|[from] ability: Drizzle|[of] p1b: Politoed\n|move|p1a: Garchomp|Protect|p1a: Garchomp\n|-singleturn|p1a: Garchomp|Protect\n|move|p2a: Garchomp|Dragon Claw|p1a: Garchomp\n|-activate|p1a: Garchomp|move: Protect\n|move|p2b: Charizard|Ancient Power|p1b: Politoed\n|-damage|p1b: Politoed|82/100\n|\n|-weather|RainDance|[upkeep]\n|upkeep\n|turn|7\n|\n|t:|1788259671\n|switch|p1a: Incineroar|Incineroar, L50, F|100/100\n|-ability|p1a: Incineroar|Intimidate|boost\n|-unboost|p2a: Garchomp|atk|1\n|-unboost|p2b: Charizard|atk|1\n|move|p2a: Garchomp|Dragon Claw|p1a: Incineroar\n|-damage|p1a: Incineroar|75/100\n|move|p2b: Charizard|Ancient Power|p1b: Politoed\n|-damage|p1b: Politoed|63/100\n|move|p1b: Politoed|Ice Beam|p2a: Garchomp\n|-supereffective|p2a: Garchomp|2\n|-damage|p2a: Garchomp|10/100\n|\n|-weather|RainDance|[upkeep]\n|upkeep\n|turn|8\n|\n|t:|1788259685\n|move|p1a: Incineroar|Fake Out|p2a: Garchomp\n|-damage|p2a: Garchomp|1/100\n|-damage|p1a: Incineroar|62/100|[from] ability: Rough Skin|[of] p2a: Garchomp\n|cant|p2a: Garchomp|flinch\n|move|p2b: Charizard|Ancient Power|p1a: Incineroar\n|-supereffective|p1a: Incineroar|1\n|-damage|p1a: Incineroar|25/100\n|move|p1b: Politoed|Muddy Water|p2b: Charizard|[spread] p2a,p2b\n|-crit|p2a: Garchomp\n|-supereffective|p2b: Charizard|1\n|-damage|p2a: Garchomp|0 fnt\n|-damage|p2b: Charizard|36/100\n|faint|p2a: Garchomp\n|\n|-weather|RainDance|[upkeep]\n|upkeep\n|turn|9\n|\n|t:|1788259699\n|move|p2b: Charizard|Ancient Power|p1a: Incineroar\n|-supereffective|p1a: Incineroar|1\n|-damage|p1a: Incineroar|0 fnt\n|faint|p1a: Incineroar\n|move|p1b: Politoed|Muddy Water|p2b: Charizard\n|-supereffective|p2b: Charizard|1\n|-damage|p2b: Charizard|0 fnt\n|faint|p2b: Charizard\n|\n|win|B1g b3luga\n","uploadtime":1788259486,"views":"3","formatid":"gen9championsvgc2026regmbbo3","rating":null,"private":0,"password":null}