{"id":"gen9championsvgc2026regmbbo3-2674373831","format":"[Gen 9 Champions] VGC 2026 Reg M-B (Bo3)","players":["i love all turtles","Alejandro"],"log":"|j|☆i love all turtles\n|j|☆Alejandro\n|html|<table width=\"100%\"><tr><td align=\"left\">i love all turtles</td><td align=\"right\">Alejandro</tr><tr><td align=\"left\"><i class=\"fa fa-circle\"></i> <i class=\"fa fa-circle-o\"></i> </td><td align=\"right\"><i class=\"fa fa-circle-o\"></i> <i class=\"fa fa-circle-o\"></i> </tr></table>\n|uhtml|bestof|<h2><strong>Game 2</strong> of <a href=\"/game-bestof3-gen9championsvgc2026regmbbo3-2674373000\">a best-of-3</a></h2>\n|t:|1788351044\n|gametype|doubles\n|player|p1|i love all turtles|ethan|1419\n|player|p2|Alejandro|cilan|1365\n|gen|9\n|tier|[Gen 9 Champions] VGC 2026 Reg M-B (Bo3)\n|rated|\n|rule|Species Clause: Limit one of each Pokémon\n|rule|Item Clause: Limit 1 of each item\n|clearpoke\n|poke|p1|Whimsicott, L50, M|\n|poke|p1|Basculegion, L50, M|\n|poke|p1|Floette-Eternal, L50, F|\n|poke|p1|Dragonite, L50, M|\n|poke|p1|Sneasler, L50, M|\n|poke|p1|Kingambit, L50, F|\n|poke|p2|Incineroar, L50, M|\n|poke|p2|Samurott-Hisui, L50, F|\n|poke|p2|Sinistcha, L50|\n|poke|p2|Sneasler, L50, M|\n|poke|p2|Floette-Eternal, L50, F|\n|poke|p2|Delphox, L50, M|\n|teampreview|4\n|showteam|p1|Whimsicott||FocusSash|Prankster|Moonblast,Tailwind,Encore,Protect|Timid||M|||50|]Basculegion||LifeOrb|Adaptability|WaveCrash,LastRespects,AquaJet,Protect|Adamant||M|||50|]Floette-Eternal||Floettite|FlowerVeil|Moonblast,DazzlingGleam,LightofRuin,Protect|Timid||F|||50|]Dragonite||Dragoninite|InnerFocus|DragonPulse,HeatWave,Thunderbolt,Protect|Modest||M|||50|]Sneasler||WhiteHerb|Unburden|DireClaw,CloseCombat,RockSlide,FakeOut|Jolly||M|||50|]Kingambit||ChopleBerry|Defiant|KowtowCleave,IronHead,LowKick,SuckerPunch|Adamant||F|||50|\n|showteam|p2|Incineroar||SitrusBerry|Intimidate|FakeOut,FlareBlitz,DarkestLariat,PartingShot|Careful||M|||50|]Samurott-Hisui||ChoiceScarf|Sharpness|RazorShell,NightSlash,SacredSword,FlipTurn|Jolly||F|||50|]Sinistcha||OccaBerry|Hospitality|MatchaGotcha,LifeDew,RagePowder,Protect|Relaxed|||||50|]Sneasler||FocusSash|PoisonTouch|FakeOut,CloseCombat,PoisonJab,RockSlide|Jolly||M|||50|]Floette-Eternal||Floettite|FlowerVeil|Moonblast,DazzlingGleam,CalmMind,Protect|Modest||F|||50|]Delphox||Delphoxite|Blaze|Psychic,HeatWave,NastyPlot,Protect|Timid||M|||50|\n|inactive|Battle timer is ON: inactive players will automatically lose when time's up. (requested by i love all turtles)\n|\n|t:|1788351060\n|teamsize|p1|4\n|teamsize|p2|4\n|start\n|switch|p1a: Sneasler|Sneasler, L50, M|100/100\n|switch|p1b: Kingambit|Kingambit, L50, F|100/100\n|switch|p2a: Samurott|Samurott-Hisui, L50, F|100/100\n|switch|p2b: Sneasler|Sneasler, L50, M|100/100\n|turn|1\n|\n|t:|1788351081\n|switch|p1b: Whimsicott|Whimsicott, L50, M|100/100\n|move|p2b: Sneasler|Fake Out|p1a: Sneasler\n|-damage|p1a: Sneasler|79/100\n|cant|p1a: Sneasler|flinch\n|move|p2a: Samurott|Flip Turn|p1b: Whimsicott\n|-resisted|p1b: Whimsicott|1\n|-damage|p1b: Whimsicott|80/100\n|\n|t:|1788351087\n|switch|p2a: Delphox|Delphox, L50, M|100/100|[from] Flip Turn\n|\n|upkeep\n|turn|2\n|\n|t:|1788351095\n|switch|p2b: Samurott|Samurott-Hisui, L50, F|100/100\n|detailschange|p2a: Delphox|Delphox-Mega, L50, M\n|-mega|p2a: Delphox|Delphox|Delphoxite\n|move|p1b: Whimsicott|Tailwind|p1b: Whimsicott\n|-sidestart|p1: i love all turtles|move: Tailwind\n|move|p1a: Sneasler|Rock Slide|p2a: Delphox|[spread] p2a,p2b\n|-supereffective|p2a: Delphox|1\n|-damage|p2a: Delphox|53/100\n|-damage|p2b: Samurott|76/100\n|move|p2a: Delphox|Heat Wave|p1b: Whimsicott|[spread] p1a,p1b\n|-supereffective|p1b: Whimsicott|1\n|-damage|p1a: Sneasler|26/100\n|-damage|p1b: Whimsicott|0 fnt\n|faint|p1b: Whimsicott\n|\n|upkeep\n|\n|t:|1788351109\n|switch|p1b: Floette|Floette-Eternal, L50, F|100/100\n|turn|3\n|\n|t:|1788351116\n|switch|p2b: Sinistcha|Sinistcha, L50|100/100\n|-heal|p2a: Delphox|78/100|[from] ability: Hospitality|[of] p2b: Sinistcha\n|detailschange|p1b: Floette|Floette-Mega, L50, F\n|-mega|p1b: Floette|Floette|Floettite\n|-ability|p1b: Floette|Fairy Aura\n|move|p1a: Sneasler|Rock Slide|p2b: Sinistcha|[spread] p2a,p2b\n|-supereffective|p2a: Delphox|1\n|-damage|p2a: Delphox|35/100\n|-damage|p2b: Sinistcha|84/100\n|move|p1b: Floette|Dazzling Gleam|p2a: Delphox|[spread] p2a,p2b\n|-resisted|p2a: Delphox|1\n|-damage|p2a: Delphox|13/100\n|-damage|p2b: Sinistcha|38/100\n|move|p2a: Delphox|Heat Wave|p1a: Sneasler|[spread] p1a,p1b\n|-damage|p1a: Sneasler|0 fnt\n|-damage|p1b: Floette|68/100\n|faint|p1a: Sneasler\n|\n|upkeep\n|\n|t:|1788351132\n|switch|p1a: Kingambit|Kingambit, L50, F|100/100\n|turn|4\n|\n|t:|1788351144\n|switch|p2b: Sneasler|Sneasler, L50, M|100/100\n|move|p2a: Delphox|Protect|p2a: Delphox\n|-singleturn|p2a: Delphox|Protect\n|move|p1b: Floette|Dazzling Gleam|p2b: Sneasler|[spread] p2b\n|-activate|p2a: Delphox|move: Protect\n|-damage|p2b: Sneasler|36/100\n|move|p1a: Kingambit|Iron Head|p2b: Sneasler\n|-damage|p2b: Sneasler|0 fnt\n|faint|p2b: Sneasler\n|\n|upkeep\n|\n|t:|1788351154\n|switch|p2b: Sinistcha|Sinistcha, L50|38/100\n|-heal|p2a: Delphox|38/100|[from] ability: Hospitality|[of] p2b: Sinistcha\n|turn|5\n|\n|t:|1788351160\n|move|p2b: Sinistcha|Rage Powder|p2b: Sinistcha\n|-singleturn|p2b: Sinistcha|move: Rage Powder\n|move|p1b: Floette|Dazzling Gleam|p2a: Delphox|[spread] p2a,p2b\n|-resisted|p2a: Delphox|1\n|-damage|p2a: Delphox|17/100\n|-damage|p2b: Sinistcha|0 fnt\n|faint|p2b: Sinistcha\n|move|p2a: Delphox|Heat Wave|p1b: Floette|[spread] p1a,p1b\n|-supereffective|p1a: Kingambit|1\n|-damage|p1a: Kingambit|26/100\n|-damage|p1b: Floette|32/100\n|-status|p1a: Kingambit|brn\n|move|p1a: Kingambit|Kowtow Cleave|p2a: Delphox\n|-supereffective|p2a: Delphox|1\n|-damage|p2a: Delphox|0 fnt\n|faint|p2a: Delphox\n|\n|-damage|p1a: Kingambit|20/100y brn|[from] brn\n|-sideend|p1: i love all turtles|move: Tailwind\n|upkeep\n|\n|t:|1788351165\n|switch|p2b: Samurott|Samurott-Hisui, L50, F|76/100\n|turn|6\n|\n|t:|1788351172\n|move|p1b: Floette|Protect|p1b: Floette\n|-singleturn|p1b: Floette|Protect\n|move|p2b: Samurott|Razor Shell|p1b: Floette\n|-activate|p1b: Floette|move: Protect\n|move|p1a: Kingambit|Low Kick|p2b: Samurott\n|-supereffective|p2b: Samurott|1\n|-damage|p2b: Samurott|40/100\n|\n|-damage|p1a: Kingambit|14/100 brn|[from] brn\n|upkeep\n|turn|7\n|\n|t:|1788351181\n|move|p2b: Samurott|Razor Shell|p1b: Floette\n|-damage|p1b: Floette|0 fnt\n|faint|p1b: Floette\n|move|p1a: Kingambit|Low Kick|p2b: Samurott\n|-supereffective|p2b: Samurott|1\n|-damage|p2b: Samurott|4/100\n|\n|-damage|p1a: Kingambit|9/100 brn|[from] brn\n|upkeep\n|turn|8\n|\n|t:|1788351186\n|move|p1a: Kingambit|Sucker Punch|p2b: Samurott\n|-resisted|p2b: Samurott|1\n|-damage|p2b: Samurott|0 fnt\n|faint|p2b: Samurott\n|\n|win|i love all turtles\n|raw|i love all turtles's rating: 1419 &rarr; <strong>1436</strong><br />(+17 for winning)\n|raw|Alejandro's rating: 1365 &rarr; <strong>1348</strong><br />(-17 for losing)\n","uploadtime":1788351187,"views":"2","formatid":"gen9championsvgc2026regmbbo3","rating":1348,"private":0,"password":null}