{"id":"gen9championsvgc2026regmb-2674720919","format":"[Gen 9 Champions] VGC 2026 Reg M-B","players":["sulfricsun","Alexstar55"],"log":"|j|☆sulfricsun\n|j|☆Alexstar55\n|html|<table width=\"100%\"><tr><td align=\"left\">sulfricsun</td><td align=\"right\">Alexstar55</tr><tr><td align=\"left\"><i class=\"fa fa-circle-o\"></i> <i class=\"fa fa-circle-o\"></i> </td><td align=\"right\"><i class=\"fa fa-circle-o\"></i> <i class=\"fa fa-circle-o\"></i> </tr></table>\n|uhtml|bestof|<h2><strong>Game 1</strong> of <a href=\"/game-bestof3-gen9championsvgc2026regmb-2674720918\">a best-of-3</a></h2>\n|t:|1788395769\n|gametype|doubles\n|player|p1|sulfricsun|swimmer|\n|player|p2|Alexstar55|266|\n|gen|9\n|tier|[Gen 9 Champions] VGC 2026 Reg M-B\n|rule|Species Clause: Limit one of each Pokémon\n|rule|Item Clause: Limit 1 of each item\n|raw|<div class=\"infobox\"><details class=\"readmore\" open><summary><strong>1 custom rule:</strong></summary> Best of = 3</details></div>\n|clearpoke\n|poke|p1|Golurk, L50|\n|poke|p1|Whimsicott, L50, F|\n|poke|p1|Kleavor, L50, M, shiny|\n|poke|p1|Staraptor, L50, F|\n|poke|p1|Garchomp, L50, M|\n|poke|p1|Ninetales, L50, M|\n|poke|p2|Gliscor, L50, M|\n|poke|p2|Primarina, L50, F|\n|poke|p2|Eelektross, L50, M|\n|poke|p2|Infernape, L50, M|\n|poke|p2|Tauros-Paldea-Aqua, L50, M|\n|poke|p2|Ceruledge, L50, M|\n|teampreview|4\n|j| presidentperssson\nsulfricsun rejected open team sheets.\n|c|☆sulfricsun|gl and hf\n|c|☆Alexstar55|same to you :)\n|j| SneakyEne\n|\n|t:|1788395845\n|teamsize|p1|4\n|teamsize|p2|4\n|start\n|switch|p1a: Golurk|Golurk, L50|100/100\n|switch|p1b: Garchomp|Garchomp, L50, M|100/100\n|switch|p2a: Gliscor|Gliscor, L50, M|100/100\n|switch|p2b: Infernape|Infernape, L50, M|100/100\n|turn|1\n|\n|t:|1788395872\n|switch|p2b: Primarina|Primarina, L50, F|100/100\n|detailschange|p1a: Golurk|Golurk-Mega, L50\n|-mega|p1a: Golurk|Golurk|Golurkite\n|move|p1b: Garchomp|Protect|p1b: Garchomp\n|-singleturn|p1b: Garchomp|Protect\n|move|p1a: Golurk|Protect|p1a: Golurk\n|-singleturn|p1a: Golurk|Protect\n|move|p2a: Gliscor|Tailwind|p2a: Gliscor\n|-sidestart|p2: Alexstar55|move: Tailwind\n|\n|upkeep\n|turn|2\n|c|☆Alexstar55|bro shrunk\n|\n|t:|1788395924\n|switch|p1b: Ninetales|Ninetales, L50, M|100/100\n|move|p2a: Gliscor|Dual Wingbeat|p1a: Golurk\n|-damage|p1a: Golurk|84/100\n|-damage|p1a: Golurk|66/100\n|-hitcount|p1a: Golurk|2\n|move|p2b: Primarina|Alluring Voice|p1a: Golurk\n|-supereffective|p1a: Golurk|1\n|-damage|p1a: Golurk|0 fnt\n|faint|p1a: Golurk\n|-damage|p2b: Primarina|90/100|[from] item: Life Orb\n|\n|upkeep\n|\n|t:|1788395932\n|switch|p1a: syther|Kleavor, L50, M, shiny|100/100\n|turn|3\n|c|☆sulfricsun|im scared\n|c|☆Alexstar55|war\n|\n|t:|1788395955\n|move|p2a: Gliscor|Poison Jab|p1b: Ninetales\n|-damage|p1b: Ninetales|64/100\n|move|p1a: syther|Stone Axe|p2b: Primarina\n|-damage|p2b: Primarina|23/100\n|-sidestart|p2: Alexstar55|move: Stealth Rock\n|move|p1b: Ninetales|Mystical Fire|p2b: Primarina\n|-resisted|p2b: Primarina|1\n|-damage|p2b: Primarina|13/100\n|-unboost|p2b: Primarina|spa|1\n|move|p2b: Primarina|Hyper Voice|p1a: syther|[spread] p1a,p1b\n|-supereffective|p1a: syther|1\n|-supereffective|p1b: Ninetales|1\n|-damage|p1a: syther|9/100\n|-damage|p1b: Ninetales|0 fnt\n|faint|p1b: Ninetales\n|-damage|p2b: Primarina|3/100|[from] item: Life Orb\n|\n|upkeep\n|c|☆Alexstar55|WAR\n|\n|t:|1788395966\n|switch|p1b: Garchomp|Garchomp, L50, M|100/100\n|turn|4\n|\n|t:|1788395981\n|move|p2b: Primarina|Protect|p2b: Primarina\n|-singleturn|p2b: Primarina|Protect\n|move|p2a: Gliscor|Earthquake|p1b: Garchomp|[spread] p1a,p1b\n|-activate|p2b: Primarina|move: Protect\n|-damage|p1a: syther|0 fnt\n|-damage|p1b: Garchomp|68/100\n|faint|p1a: syther\n|move|p1b: Garchomp|Rock Slide|p2b: Primarina|[spread] p2a\n|-activate|p2b: Primarina|move: Protect\n|-crit|p2a: Gliscor\n|-damage|p2a: Gliscor|68/100\n|-damage|p1b: Garchomp|58/100|[from] item: Life Orb\n|\n|-sideend|p2: Alexstar55|move: Tailwind\n|upkeep\n|turn|5\n|\n|t:|1788395999\n|move|p1b: Garchomp|Rock Slide|p2b: Primarina|[spread] p2a,p2b\n|-damage|p2a: Gliscor|46/100\n|-damage|p2b: Primarina|0 fnt\n|faint|p2b: Primarina\n|-damage|p1b: Garchomp|49/100|[from] item: Life Orb\n|move|p2a: Gliscor|Tailwind|p2a: Gliscor\n|-sidestart|p2: Alexstar55|move: Tailwind\n|\n|upkeep\n|c|☆sulfricsun|Im so done for\n|\n|t:|1788396020\n|switch|p2b: Ceruledge|Ceruledge, L50, M|100/100\n|-damage|p2b: Ceruledge|75/100|[from] Stealth Rock\n|turn|6\n|\n|t:|1788396030\n|move|p1b: Garchomp|Protect|p1b: Garchomp\n|-singleturn|p1b: Garchomp|Protect\n|move|p2b: Ceruledge|Shadow Claw|p1b: Garchomp\n|-activate|p1b: Garchomp|move: Protect\n|move|p2a: Gliscor|Dual Wingbeat|p1b: Garchomp\n|-activate|p1b: Garchomp|move: Protect\n|\n|upkeep\n|turn|7\n|\n|t:|1788396042\n|move|p2b: Ceruledge|Shadow Claw|p1b: Garchomp\n|-damage|p1b: Garchomp|11/100\n|-damage|p2b: Ceruledge|63/100|[from] ability: Rough Skin|[of] p1b: Garchomp\n|move|p2a: Gliscor|Dual Wingbeat|p1b: Garchomp\n|-damage|p1b: Garchomp|0 fnt\n|-damage|p2a: Gliscor|34/100|[from] ability: Rough Skin|[of] p1b: Garchomp\n|faint|p1b: Garchomp\n|-hitcount|p1: Garchomp|1\n|\n|win|Alexstar55\n|c|☆sulfricsun|gr\n||sulfricsun is ready for game 2.\n|inactive|Alexstar55 has 30 seconds to confirm battle start!\n||Alexstar55 is ready for game 2.\n|uhtml|next|Next: <a href=\"/battle-gen9championsvgc2026regmb-2674722804\"><strong>Game 2 of 3</strong></a>\n","uploadtime":1788396099,"views":"16","formatid":"gen9championsvgc2026regmb","rating":null,"private":0,"password":null}