{"id":"gen9championsvgc2026regmbbo3-2673941633","format":"[Gen 9 Champions] VGC 2026 Reg M-B (Bo3)","players":["DINOLONK","fritznader002"],"log":"|j|☆DINOLONK\n|j|☆fritznader002\n|html|<table width=\"100%\"><tr><td align=\"left\">DINOLONK</td><td align=\"right\">fritznader002</tr><tr><td align=\"left\"><i class=\"fa fa-circle-o\"></i> <i class=\"fa fa-circle-o\"></i> </td><td align=\"right\"><i class=\"fa fa-circle-o\"></i> <i class=\"fa fa-circle-o\"></i> </tr></table>\n|uhtml|bestof|<h2><strong>Game 1</strong> of <a href=\"/game-bestof3-gen9championsvgc2026regmbbo3-2673941632\">a best-of-3</a></h2>\n|t:|1788279838\n|gametype|doubles\n|player|p1|DINOLONK|parasollady-gen4|1318\n|player|p2|fritznader002|169|1190\n|gen|9\n|tier|[Gen 9 Champions] VGC 2026 Reg M-B (Bo3)\n|rated|\n|rule|Species Clause: Limit one of each Pokémon\n|rule|Item Clause: Limit 1 of each item\n|clearpoke\n|poke|p1|Dragonite, L50, M|\n|poke|p1|Sneasler, L50, M|\n|poke|p1|Kingambit, L50, F|\n|poke|p1|Basculegion, L50, M|\n|poke|p1|Whimsicott, L50, M|\n|poke|p1|Floette-Eternal, L50, F|\n|poke|p2|Staraptor, L50, F, shiny|\n|poke|p2|Arcanine-Hisui, L50, M, shiny|\n|poke|p2|Kingambit, L50, F, shiny|\n|poke|p2|Sylveon, L50, F, shiny|\n|poke|p2|Raichu, L50, F, shiny|\n|poke|p2|Farigiraf, L50, F, shiny|\n|teampreview|4\n|showteam|p1|Dragonite||Dragoninite|InnerFocus|DragonPulse,HeatWave,Thunderbolt,Protect|Modest||M|||50|]Sneasler||WhiteHerb|Unburden|DireClaw,CloseCombat,RockSlide,FakeOut|Jolly||M|||50|]Kingambit||ChopleBerry|Defiant|KowtowCleave,SuckerPunch,LowKick,IronHead|Adamant||F|||50|]Basculegion||LifeOrb|Adaptability|WaveCrash,LastRespects,AquaJet,Protect|Adamant||M|||50|]Whimsicott||FocusSash|Prankster|Moonblast,Tailwind,Encore,Protect|Timid||M|||50|]Floette-Eternal||Floettite|FlowerVeil|Moonblast,DazzlingGleam,LightofRuin,Protect|Timid||F|||50|\n|showteam|p2|Staraptor||Staraptite|Intimidate|DualWingbeat,CloseCombat,Tailwind,Protect|Jolly||F|||50|]Arcanine-Hisui||FocusSash|RockHead|FlareBlitz,HeadSmash,ExtremeSpeed,Protect|Jolly||M|||50|]Kingambit||LifeOrb|Defiant|KowtowCleave,SuckerPunch,SwordsDance,Protect|Adamant||F|||50|]Sylveon||FairyFeather|Pixilate|HyperVoice,HyperBeam,QuickAttack,Detect|Modest||F|||50|]Raichu||RaichuniteY|LightningRod|ZapCannon,FocusBlast,FakeOut,Protect|Timid||F|||50|]Farigiraf||SitrusBerry|ArmorTail|Psychic,HelpingHand,TrickRoom,Protect|Calm||F|||50|\n|inactive|Battle timer is ON: inactive players will automatically lose when time's up. (requested by DINOLONK)\n|inactive|DINOLONK has 60 seconds left.\n|\n|t:|1788279878\n|teamsize|p1|4\n|teamsize|p2|4\n|start\n|switch|p1a: Sneasler|Sneasler, L50, M|100/100\n|switch|p1b: Kingambit|Kingambit, L50, F|100/100\n|switch|p2a: Sadie Sink|Sylveon, L50, F, shiny|100/100\n|switch|p2b: Fridge|Farigiraf, L50, F, shiny|100/100\n|turn|1\n|inactive|fritznader002 has 30 seconds left.\n|inactive|fritznader002 has 20 seconds left.\n|inactive|fritznader002 has 15 seconds left.\n|inactive|fritznader002 has 10 seconds left.\n|\n|t:|1788279926\n|move|p2a: Sadie Sink|Detect|p2a: Sadie Sink\n|-singleturn|p2a: Sadie Sink|Protect\n|move|p1a: Sneasler|Close Combat|p2b: Fridge\n|-damage|p2b: Fridge|47/100\n|-unboost|p1a: Sneasler|def|1\n|-unboost|p1a: Sneasler|spd|1\n|-enditem|p2b: Fridge|Sitrus Berry|[eat]\n|-heal|p2b: Fridge|72/100|[from] item: Sitrus Berry\n|-enditem|p1a: Sneasler|White Herb\n|-clearnegativeboost|p1a: Sneasler|[silent]\n|move|p1b: Kingambit|Kowtow Cleave|p2b: Fridge\n|-supereffective|p2b: Fridge|1\n|-damage|p2b: Fridge|0 fnt\n|faint|p2b: Fridge\n|\n|upkeep\n|\n|t:|1788279940\n|switch|p2b: Big Chu|Raichu, L50, F, shiny|100/100\n|turn|2\n|\n|t:|1788279957\n|detailschange|p2b: Big Chu|Raichu-Mega-Y, L50, F, shiny\n|-mega|p2b: Big Chu|Raichu|Raichunite Y\n|move|p2b: Big Chu|Fake Out|p1a: Sneasler\n|-damage|p1a: Sneasler|86/100\n|cant|p1a: Sneasler|flinch\n|move|p2a: Sadie Sink|Hyper Voice|p1b: Kingambit|[spread] p1a,p1b\n|-crit|p1b: Kingambit\n|-damage|p1a: Sneasler|32/100\n|-damage|p1b: Kingambit|36/100\n|move|p1b: Kingambit|Kowtow Cleave|p2b: Big Chu\n|-damage|p2b: Big Chu|32/100\n|\n|upkeep\n|turn|3\n|\n|t:|1788279973\n|switch|p2a: WrathofKhan|Kingambit, L50, F, shiny|100/100\n|move|p2b: Big Chu|Protect|p2b: Big Chu\n|-singleturn|p2b: Big Chu|Protect\n|move|p1b: Kingambit|Sucker Punch||[still]\n|-fail|p1b: Kingambit\n|move|p1a: Sneasler|Dire Claw|p2b: Big Chu\n|-activate|p2b: Big Chu|move: Protect\n|\n|upkeep\n|turn|4\n|\n|t:|1788279987\n|switch|p2b: Sadie Sink|Sylveon, L50, F, shiny|100/100\n|move|p1b: Kingambit|Sucker Punch||[still]\n|-fail|p1b: Kingambit\n|move|p2a: WrathofKhan|Sucker Punch|p1a: Sneasler\n|-resisted|p1a: Sneasler|1\n|-damage|p1a: Sneasler|0 fnt\n|faint|p1a: Sneasler\n|-damage|p2a: WrathofKhan|90/100|[from] item: Life Orb\n|\n|upkeep\n|\n|t:|1788279993\n|switch|p1a: Basculegion|Basculegion, L50, M|100/100\n|turn|5\n|\n|t:|1788280008\n|move|p1a: Basculegion|Protect|p1a: Basculegion\n|-singleturn|p1a: Basculegion|Protect\n|move|p2a: WrathofKhan|Sucker Punch||[still]\n|-fail|p2a: WrathofKhan\n|move|p2b: Sadie Sink|Hyper Voice|p1b: Kingambit|[spread] p1b\n|-activate|p1a: Basculegion|move: Protect\n|-damage|p1b: Kingambit|0 fnt\n|faint|p1b: Kingambit\n|\n|upkeep\n|\n|t:|1788280017\n|switch|p1b: Dragonite|Dragonite, L50, M|100/100\n|turn|6\n|\n|t:|1788280024\n|detailschange|p1b: Dragonite|Dragonite-Mega, L50, M\n|-mega|p1b: Dragonite|Dragonite|Dragoninite\n|move|p1a: Basculegion|Aqua Jet|p2a: WrathofKhan\n|-damage|p2a: WrathofKhan|63/100\n|-damage|p1a: Basculegion|90/100|[from] item: Life Orb\n|move|p2a: WrathofKhan|Sucker Punch||[still]\n|-fail|p2a: WrathofKhan\n|move|p1b: Dragonite|Heat Wave|p2a: WrathofKhan|[spread] p2a,p2b\n|-supereffective|p2a: WrathofKhan|1\n|-damage|p2a: WrathofKhan|3/100\n|-damage|p2b: Sadie Sink|79/100\n|move|p2b: Sadie Sink|Hyper Voice|p1b: Dragonite|[spread] p1a,p1b\n|-supereffective|p1b: Dragonite|1\n|-damage|p1a: Basculegion|32/100\n|-damage|p1b: Dragonite|60/100\n|\n|upkeep\n|turn|7\n|inactive|DINOLONK has 30 seconds left.\n|inactive|fritznader002 has 30 seconds left.\n|inactive|fritznader002 has 20 seconds left.\n|\n|t:|1788280063\n|move|p2a: WrathofKhan|Protect|p2a: WrathofKhan\n|-singleturn|p2a: WrathofKhan|Protect\n|move|p1a: Basculegion|Aqua Jet|p2b: Sadie Sink\n|-damage|p2b: Sadie Sink|34/100\n|-damage|p1a: Basculegion|23/100|[from] item: Life Orb\n|move|p1b: Dragonite|Heat Wave|p2a: WrathofKhan|[spread] p2b\n|-activate|p2a: WrathofKhan|move: Protect\n|-damage|p2b: Sadie Sink|12/100\n|move|p2b: Sadie Sink|Hyper Voice|p1a: Basculegion|[spread] p1a,p1b\n|-supereffective|p1b: Dragonite|1\n|-damage|p1a: Basculegion|0 fnt\n|-damage|p1b: Dragonite|0 fnt\n|faint|p1a: Basculegion\n|faint|p1b: Dragonite\n|\n|win|fritznader002\n","uploadtime":1788280063,"views":"1","formatid":"gen9championsvgc2026regmbbo3","rating":null,"private":0,"password":null}