{"id":"gen9championsvgc2026regmb-2674468942","format":"[Gen 9 Champions] VGC 2026 Reg M-B","players":["Evan_007","PUenjoyer20"],"log":"|j|☆Evan_007\n|j|☆PUenjoyer20\n|t:|1788363429\n|gametype|doubles\n|player|p1|Evan_007|crasherwake|1311\n|player|p2|PUenjoyer20|chili|1319\n|gen|9\n|tier|[Gen 9 Champions] VGC 2026 Reg M-B\n|rated|\n|rule|Species Clause: Limit one of each Pokémon\n|rule|Item Clause: Limit 1 of each item\n|clearpoke\n|poke|p1|Chandelure, L50, F|\n|poke|p1|Basculegion, L50, M|\n|poke|p1|Rotom-Wash, L50|\n|poke|p1|Torkoal, L50, M|\n|poke|p1|Whimsicott, L50, M|\n|poke|p1|Weavile, L50, F|\n|poke|p2|Lycanroc-Dusk, L50, M, shiny|\n|poke|p2|Sneasler, L50, M, shiny|\n|poke|p2|Scovillain, L50, F|\n|poke|p2|Basculegion, L50, M, shiny|\n|poke|p2|Froslass, L50, F|\n|poke|p2|Kingambit, L50, M, shiny|\n|teampreview|4\n|inactive|Battle timer is ON: inactive players will automatically lose when time's up. (requested by PUenjoyer20)\n|\n|t:|1788363457\n|teamsize|p1|4\n|teamsize|p2|4\n|start\n|switch|p1a: Rotom|Rotom-Wash, L50|100/100\n|switch|p1b: Whimsicott|Whimsicott, L50, M|100/100\n|switch|p2a: Froslass|Froslass, L50, F|100/100\n|switch|p2b: Lycanroc|Lycanroc-Dusk, L50, M, shiny|100/100\n|turn|1\n|inactive|PUenjoyer20 has 30 seconds left.\n|inactive|PUenjoyer20 has 20 seconds left.\n|inactive|PUenjoyer20 has 15 seconds left.\n|inactive|PUenjoyer20 has 10 seconds left.\n|\n|t:|1788363506\n|detailschange|p2a: Froslass|Froslass-Mega, L50, F\n|-mega|p2a: Froslass|Froslass|Froslassite\n|-weather|Snowscape|[from] ability: Snow Warning|[of] p2a: Froslass\n|move|p2b: Lycanroc|Protect|p2b: Lycanroc\n|-singleturn|p2b: Lycanroc|Protect\n|move|p1b: Whimsicott|Tailwind|p1b: Whimsicott\n|-sidestart|p1: Evan_007|move: Tailwind\n|move|p1a: Rotom|Will-O-Wisp|p2b: Lycanroc\n|-activate|p2b: Lycanroc|move: Protect\n|move|p2a: Froslass|Aurora Veil|p2a: Froslass\n|-sidestart|p2: PUenjoyer20|move: Aurora Veil\n|\n|-weather|Snowscape|[upkeep]\n|upkeep\n|turn|2\n|inactive|PUenjoyer20 has 30 seconds left.\n|\n|t:|1788363534\n|move|p1b: Whimsicott|Encore|p2a: Froslass\n|-start|p2a: Froslass|Encore\n|move|p1a: Rotom|Volt Switch|p2b: Lycanroc\n|-damage|p2b: Lycanroc|62/100\n|\n|t:|1788363540\n|switch|p1a: Chandelure|Chandelure, L50, F|100/100|[from] Volt Switch\n|move|p2a: Froslass|Aurora Veil||[still]\n|-fail|p2a: Froslass\n|move|p2b: Lycanroc|Close Combat|p1a: Chandelure\n|-immune|p1a: Chandelure\n|\n|-weather|Snowscape|[upkeep]\n|upkeep\n|turn|3\n|\n|t:|1788363558\n|switch|p2a: Kingambit|Kingambit, L50, M, shiny|100/100\n|detailschange|p1a: Chandelure|Chandelure-Mega, L50, F\n|-mega|p1a: Chandelure|Chandelure|Chandelurite\n|move|p1b: Whimsicott|Encore|p2b: Lycanroc\n|-start|p2b: Lycanroc|Encore\n|move|p1a: Chandelure|Heat Wave|p2b: Lycanroc|[spread] p2a,p2b\n|-supereffective|p2a: Kingambit|1\n|-resisted|p2b: Lycanroc|1\n|-damage|p2a: Kingambit|0 fnt\n|-damage|p2b: Lycanroc|19/100\n|faint|p2a: Kingambit\n|move|p2b: Lycanroc|Close Combat|p1a: Chandelure\n|-immune|p1a: Chandelure\n|\n|-weather|Snowscape|[upkeep]\n|upkeep\n|\n|t:|1788363571\n|switch|p2a: Sneasler|Sneasler, L50, M, shiny|100/100\n|turn|4\n|\n|t:|1788363579\n|switch|p2b: Froslass|Froslass-Mega, L50, F|100/100\n|move|p1b: Whimsicott|Protect|p1b: Whimsicott\n|-singleturn|p1b: Whimsicott|Protect\n|move|p1a: Chandelure|Heat Wave|p2a: Sneasler|[spread] p2a\n|-miss|p1a: Chandelure|p2b: Froslass\n|-damage|p2a: Sneasler|28/100\n|move|p2a: Sneasler|Dire Claw|p1b: Whimsicott\n|-activate|p1b: Whimsicott|move: Protect\n|\n|-weather|Snowscape|[upkeep]\n|-sideend|p1: Evan_007|move: Tailwind\n|upkeep\n|turn|5\n|\n|t:|1788363595\n|move|p1b: Whimsicott|Tailwind|p1b: Whimsicott\n|-sidestart|p1: Evan_007|move: Tailwind\n|move|p1a: Chandelure|Shadow Ball|p2b: Froslass\n|-supereffective|p2b: Froslass|1\n|-damage|p2b: Froslass|0 fnt\n|faint|p2b: Froslass\n|move|p2a: Sneasler|Dire Claw|p1b: Whimsicott\n|-supereffective|p1b: Whimsicott|2\n|-enditem|p1b: Whimsicott|Focus Sash\n|-damage|p1b: Whimsicott|1/100\n|\n|-weather|none\n|-sideend|p2: PUenjoyer20|move: Aurora Veil\n|upkeep\n|\n|t:|1788363598\n|switch|p2b: Lycanroc|Lycanroc-Dusk, L50, M, shiny|19/100\n|turn|6\n|-message|PUenjoyer20 forfeited.\n|\n|win|Evan_007\n|raw|Evan_007's rating: 1311 &rarr; <strong>1331</strong><br />(+20 for winning)\n|raw|PUenjoyer20's rating: 1319 &rarr; <strong>1299</strong><br />(-20 for losing)\n|l|☆PUenjoyer20\n|player|p2|\n","uploadtime":1788363604,"views":"2","formatid":"gen9championsvgc2026regmb","rating":1299,"private":0,"password":null}