{"id":"gen9championsvgc2026regmb-2674613917","format":"[Gen 9 Champions] VGC 2026 Reg M-B","players":["adamew","briandude"],"log":"|j|☆adamew\n|j|☆briandude\n|html|<table width=\"100%\"><tr><td align=\"left\">adamew</td><td align=\"right\">briandude</tr><tr><td align=\"left\"><i class=\"fa fa-circle-o\"></i> <i class=\"fa fa-circle-o\"></i> </td><td align=\"right\"><i class=\"fa fa-circle-o\"></i> <i class=\"fa fa-circle-o\"></i> </tr></table>\n|uhtml|bestof|<h2><strong>Game 1</strong> of <a href=\"/game-bestof3-gen9championsvgc2026regmb-2674613916\">a best-of-3</a></h2>\n|t:|1788380420\n|gametype|doubles\n|player|p1|adamew|jasmine|\n|player|p2|briandude|2|\n|gen|9\n|tier|[Gen 9 Champions] VGC 2026 Reg M-B\n|rule|Species Clause: Limit one of each Pokémon\n|rule|Item Clause: Limit 1 of each item\n|raw|<div class=\"infobox\"><details class=\"readmore\" open><summary><strong>1 custom rule:</strong></summary> Best of = 3</details></div>\n|clearpoke\n|poke|p1|Maushold, L50|\n|poke|p1|Skeledirge, L50, M, shiny|\n|poke|p1|Rotom-Wash, L50|\n|poke|p1|Dragonite, L50, F, shiny|\n|poke|p1|Annihilape, L50, M|\n|poke|p1|Meowstic, L50, M, shiny|\n|poke|p2|Gardevoir, L50, M|\n|poke|p2|Greninja, L50, M|\n|poke|p2|Cofagrigus, L50, M|\n|poke|p2|Hawlucha, L50, M, shiny|\n|poke|p2|Volcarona, L50, M|\n|poke|p2|Garchomp, L50, M, shiny|\n|teampreview|4\nbriandude rejected open team sheets.\n|c|☆briandude|glhf\n|c|☆adamew|hf\n|\n|t:|1788380604\n|teamsize|p1|4\n|teamsize|p2|4\n|start\n|switch|p1a: Thoron|Rotom-Wash, L50|100/100\n|switch|p1b: Rat Spirit|Maushold, L50|100/100\n|switch|p2a: Volcarona|Volcarona, L50, M|100/100\n|switch|p2b: Garchomp|Garchomp, L50, M, shiny|100/100\n|turn|1\n|\n|t:|1788380643\n|move|p2a: Volcarona|Rage Powder|p2a: Volcarona\n|-singleturn|p2a: Volcarona|move: Rage Powder\n|move|p1a: Thoron|Volt Switch|p2a: Volcarona\n|-damage|p2a: Volcarona|70/100\n|\n|t:|1788380648\n|switch|p1a: Vengeful God|Annihilape, L50, M|100/100|[from] Volt Switch\n|move|p1b: Rat Spirit|Taunt|p2a: Volcarona\n|-start|p2a: Volcarona|move: Taunt\n|move|p2b: Garchomp|Swords Dance|p2b: Garchomp\n|-boost|p2b: Garchomp|atk|2\n|\n|upkeep\n|turn|2\n|\n|t:|1788380797\n|switch|p2a: Gardevoir|Gardevoir, L50, M|100/100\n|detailschange|p2b: Garchomp|Garchomp-Mega, L50, M, shiny\n|-mega|p2b: Garchomp|Garchomp|Garchompite\n|move|p1a: Vengeful God|Protect|p1a: Vengeful God\n|-singleturn|p1a: Vengeful God|Protect\n|move|p1b: Rat Spirit|Super Fang|p2b: Garchomp\n|-damage|p2b: Garchomp|50/100y\n|move|p2b: Garchomp|Earthquake|p1a: Vengeful God|[spread] p1b\n|-activate|p1a: Vengeful God|move: Protect\n|-activate|p2a: Gardevoir|ability: Telepathy\n|-damage|p1b: Rat Spirit|0 fnt\n|faint|p1b: Rat Spirit\n|\n|upkeep\n|\n|t:|1788380814\n|switch|p1b: Excalibur|Dragonite, L50, F, shiny|100/100\n|turn|3\n|\n|t:|1788380847\n|detailschange|p1b: Excalibur|Dragonite-Mega, L50, F, shiny\n|-mega|p1b: Excalibur|Dragonite|Dragoninite\n|move|p2b: Garchomp|Protect|p2b: Garchomp\n|-singleturn|p2b: Garchomp|Protect\n|move|p1b: Excalibur|Dragon Pulse|p2b: Garchomp\n|-activate|p2b: Garchomp|move: Protect\n|move|p2a: Gardevoir|Mystical Fire|p1b: Excalibur\n|-resisted|p1b: Excalibur|1\n|-damage|p1b: Excalibur|94/100\n|-unboost|p1b: Excalibur|spa|1\n|move|p1a: Vengeful God|Rage Fist|p2a: Gardevoir\n|-supereffective|p2a: Gardevoir|1\n|-damage|p2a: Gardevoir|21/100\n|\n|upkeep\n|turn|4\n|\n|t:|1788380920\n|switch|p2b: Cofagrigus|Cofagrigus, L50, M|100/100\n|move|p1b: Excalibur|Dragon Pulse|p2b: Cofagrigus\n|-damage|p2b: Cofagrigus|75/100\n|move|p2a: Gardevoir|Mystical Fire|p1b: Excalibur\n|-resisted|p1b: Excalibur|1\n|-damage|p1b: Excalibur|82/100\n|-unboost|p1b: Excalibur|spa|1\n|move|p1a: Vengeful God|Rage Fist|p2a: Gardevoir\n|-supereffective|p2a: Gardevoir|1\n|-damage|p2a: Gardevoir|0 fnt\n|faint|p2a: Gardevoir\n|\n|-heal|p2b: Cofagrigus|81/100|[from] item: Leftovers\n|upkeep\n|\n|t:|1788380927\n|switch|p2a: Garchomp|Garchomp-Mega, L50, M, shiny|50/100y\n|turn|5\n|\n|t:|1788380943\n|switch|p1b: Thoron|Rotom-Wash, L50|100/100\n|move|p2b: Cofagrigus|Ally Switch|p2b: Cofagrigus\n|swap|p2b: Cofagrigus|0|[from] move: Ally Switch\n|move|p2b: Garchomp|Scale Shot|p1b: Thoron\n|-damage|p1b: Thoron|78/100\n|-damage|p1b: Thoron|54/100\n|-damage|p1b: Thoron|32/100\n|-hitcount|p1b: Thoron|3\n|-unboost|p2b: Garchomp|def|1\n|-boost|p2b: Garchomp|spe|1\n|move|p1a: Vengeful God|Rage Fist|p2a: Cofagrigus\n|-supereffective|p2a: Cofagrigus|1\n|-damage|p2a: Cofagrigus|41/100\n|-activate|p2a: Cofagrigus|ability: Mummy|p1a: Vengeful God|[ability] Defiant\n|\n|-heal|p2a: Cofagrigus|47/100|[from] item: Leftovers\n|upkeep\n|turn|6\n|\n|t:|1788381020\n|move|p2b: Garchomp|Scale Shot|p1b: Thoron\n|-damage|p1b: Thoron|8/100\n|-damage|p1b: Thoron|0 fnt\n|faint|p1b: Thoron\n|-hitcount|p1: Thoron|2\n|-unboost|p2b: Garchomp|def|1\n|-boost|p2b: Garchomp|spe|1\n|move|p1a: Vengeful God|Close Combat|p2b: Garchomp\n|-damage|p2b: Garchomp|0 fnt\n|-unboost|p1a: Vengeful God|def|1\n|-unboost|p1a: Vengeful God|spd|1\n|faint|p2b: Garchomp\n|move|p2a: Cofagrigus|Calm Mind|p2a: Cofagrigus\n|-boost|p2a: Cofagrigus|spa|1\n|-boost|p2a: Cofagrigus|spd|1\n|\n|-heal|p2a: Cofagrigus|53/100|[from] item: Leftovers\n|upkeep\n|\n|t:|1788381036\n|switch|p2b: Volcarona|Volcarona, L50, M|70/100\n|switch|p1b: Excalibur|Dragonite-Mega, L50, F, shiny|82/100\n|turn|7\n|\n|t:|1788381122\n|move|p1b: Excalibur|Dragon Pulse|p2b: Volcarona\n|-damage|p2b: Volcarona|25/100\n|move|p2b: Volcarona|Will-O-Wisp|p1a: Vengeful God\n|-status|p1a: Vengeful God|brn\n|move|p1a: Vengeful God|Rage Fist|p2a: Cofagrigus\n|-supereffective|p2a: Cofagrigus|1\n|-damage|p2a: Cofagrigus|35/100\n|move|p2a: Cofagrigus|Calm Mind|p2a: Cofagrigus\n|-boost|p2a: Cofagrigus|spa|1\n|-boost|p2a: Cofagrigus|spd|1\n|\n|-heal|p2a: Cofagrigus|41/100|[from] item: Leftovers\n|-damage|p1a: Vengeful God|94/100 brn|[from] brn\n|upkeep\n|turn|8\n|\n|t:|1788381150\n|move|p2b: Volcarona|Rage Powder|p2b: Volcarona\n|-singleturn|p2b: Volcarona|move: Rage Powder\n|move|p1b: Excalibur|Dragon Pulse|p2b: Volcarona\n|-damage|p2b: Volcarona|0 fnt\n|faint|p2b: Volcarona\n|move|p1a: Vengeful God|Rage Fist|p2a: Cofagrigus\n|-supereffective|p2a: Cofagrigus|1\n|-damage|p2a: Cofagrigus|21/100\n|move|p2a: Cofagrigus|Shadow Ball|p1b: Excalibur\n|-damage|p1b: Excalibur|33/100\n|\n|-heal|p2a: Cofagrigus|27/100|[from] item: Leftovers\n|-damage|p1a: Vengeful God|88/100 brn|[from] brn\n|upkeep\n|turn|9\n|c|☆briandude|gg\n|c|☆adamew|gg1\n|\n|t:|1788381165\n|move|p1b: Excalibur|Dragon Pulse|p2a: Cofagrigus\n|-damage|p2a: Cofagrigus|8/100\n|move|p1a: Vengeful God|Rage Fist|p2a: Cofagrigus\n|-supereffective|p2a: Cofagrigus|1\n|-damage|p2a: Cofagrigus|0 fnt\n|faint|p2a: Cofagrigus\n|\n|win|adamew\n||briandude is ready for game 2.\n||adamew is ready for game 2.\n|uhtml|next|Next: <a href=\"/battle-gen9championsvgc2026regmb-2674619970\"><strong>Game 2 of 3</strong></a>\n|l|☆adamew\n|player|p1|\n","uploadtime":1788381171,"views":"17","formatid":"gen9championsvgc2026regmb","rating":null,"private":0,"password":null}