{"id":"gen9championsvgc2026regmbbo3-2674561580","format":"[Gen 9 Champions] VGC 2026 Reg M-B (Bo3)","players":["looger02","agglo"],"log":"|j|☆looger02\n|j|☆agglo\n|html|<table width=\"100%\"><tr><td align=\"left\">looger02</td><td align=\"right\">agglo</tr><tr><td align=\"left\"><i class=\"fa fa-circle-o\"></i> <i class=\"fa fa-circle-o\"></i> </td><td align=\"right\"><i class=\"fa fa-circle-o\"></i> <i class=\"fa fa-circle\"></i> </tr></table>\n|uhtml|bestof|<h2><strong>Game 2</strong> of <a href=\"/game-bestof3-gen9championsvgc2026regmbbo3-2674556805\">a best-of-3</a></h2>\n|t:|1788374148\n|gametype|doubles\n|player|p1|looger02|gardenia|1126\n|player|p2|agglo|2|1040\n|gen|9\n|tier|[Gen 9 Champions] VGC 2026 Reg M-B (Bo3)\n|rated|\n|rule|Species Clause: Limit one of each Pokémon\n|rule|Item Clause: Limit 1 of each item\n|clearpoke\n|poke|p1|Gyarados, L50, F, shiny|\n|poke|p1|Sinistcha, L50|\n|poke|p1|Weavile, L50, M|\n|poke|p1|Toxapex, L50, M, shiny|\n|poke|p1|Metagross, L50, shiny|\n|poke|p1|Kommo-o, L50, M, shiny|\n|poke|p2|Blastoise, L50, F|\n|poke|p2|Sinistcha, L50|\n|poke|p2|Delphox, L50, F|\n|poke|p2|Grimmsnarl, L50, M|\n|poke|p2|Sneasler, L50, M|\n|poke|p2|Arcanine-Hisui, L50, F|\n|teampreview|4\n|showteam|p1|Gyarados||Gyaradosite|Intimidate|Waterfall,LashOut,DragonDance,Protect|Adamant||F|||50|]Sinistcha||SitrusBerry|Hospitality|MatchaGotcha,RagePowder,StrengthSap,Protect|Calm|||||50|]Weavile||FocusSash|Pickpocket|FakeOut,KnockOff,TripleAxel,Protect|Jolly||M|||50|]Toxapex||Leftovers|Regenerator|Infestation,Toxic,BanefulBunker,WideGuard|Bold||M|||50|]Metagross||Metagrossite|ClearBody|PsychicFangs,BodyPress,BulletPunch,Protect|Jolly|||||50|]Kommo-o||HabanBerry|Bulletproof|AuraSphere,ClangingScales,VacuumWave,Protect|Modest||M|||50|\n|showteam|p2|Blastoise||Blastoisinite|Torrent|Protect,ShellSmash,WaterSpout,DarkPulse|Modest||F|||50|]Sinistcha||ColburBerry|Hospitality|MatchaGotcha,TrickRoom,Protect,RagePowder|Bold|||||50|]Delphox||Delphoxite|Magician|HeatWave,Psychic,NastyPlot,Protect|Timid||F|||50|]Grimmsnarl||LightClay|Prankster|FakeOut,SpiritBreak,Reflect,LightScreen|Careful||M|||50|]Sneasler||WhiteHerb|Unburden|DireClaw,Protect,CloseCombat,FakeOut|Adamant||M|||50|]Arcanine-Hisui||FocusSash|Intimidate|ExtremeSpeed,Protect,TemperFlare,RockSlide|Jolly||F|||50|\n|inactive|Battle timer is ON: inactive players will automatically lose when time's up. (requested by looger02)\n|inactive|looger02 has 60 seconds left.\n|inactive|agglo has 60 seconds left.\n|\n|t:|1788374196\n|teamsize|p1|4\n|teamsize|p2|4\n|start\n|switch|p1a: Weavile|Weavile, L50, M|100/100\n|switch|p1b: Toxapex|Toxapex, L50, M, shiny|100/100\n|switch|p2a: Delphox|Delphox, L50, F|100/100\n|switch|p2b: Grimmsnarl|Grimmsnarl, L50, M|100/100\n|turn|1\n|\n|t:|1788374219\n|detailschange|p2a: Delphox|Delphox-Mega, L50, F\n|-mega|p2a: Delphox|Delphox|Delphoxite\n|move|p1a: Weavile|Protect|p1a: Weavile\n|-singleturn|p1a: Weavile|Protect\n|move|p2b: Grimmsnarl|Fake Out|p1a: Weavile\n|-activate|p1a: Weavile|move: Protect\n|move|p2a: Delphox|Heat Wave|p1b: Toxapex|[spread] p1b\n|-activate|p1a: Weavile|move: Protect\n|-resisted|p1b: Toxapex|1\n|-damage|p1b: Toxapex|85/100\n|move|p1b: Toxapex|Infestation|p2a: Delphox\n|-damage|p2a: Delphox|96/100\n|-activate|p2a: Delphox|move: Infestation|[of] p1b: Toxapex\n|\n|-heal|p1b: Toxapex|91/100|[from] item: Leftovers\n|-damage|p2a: Delphox|84/100|[from] move: Infestation|[partiallytrapped]\n|upkeep\n|turn|2\n|inactive|looger02 has 30 seconds left.\n|inactive|agglo has 30 seconds left.\n|\n|t:|1788374254\n|switch|p1a: Gyarados|Gyarados, L50, F, shiny|100/100\n|-ability|p1a: Gyarados|Intimidate|boost\n|-unboost|p2a: Delphox|atk|1\n|-unboost|p2b: Grimmsnarl|atk|1\n|switch|p2b: Sneasler|Sneasler, L50, M|100/100\n|move|p2a: Delphox|Protect|p2a: Delphox\n|-singleturn|p2a: Delphox|Protect\n|move|p1b: Toxapex|Baneful Bunker||[still]\n|-fail|p1b: Toxapex\n|\n|-heal|p1b: Toxapex|97/100|[from] item: Leftovers\n|-damage|p2a: Delphox|72/100|[from] move: Infestation|[partiallytrapped]\n|upkeep\n|turn|3\n|inactive|looger02 has 30 seconds left.\n|inactive|agglo has 30 seconds left.\n|\n|t:|1788374288\n|move|p1a: Gyarados|Protect|p1a: Gyarados\n|-singleturn|p1a: Gyarados|Protect\n|move|p1b: Toxapex|Baneful Bunker|p1b: Toxapex\n|-singleturn|p1b: Toxapex|move: Protect\n|move|p2b: Sneasler|Fake Out|p1a: Gyarados\n|-activate|p1a: Gyarados|move: Protect\n|move|p2a: Delphox|Nasty Plot|p2a: Delphox\n|-boost|p2a: Delphox|spa|2\n|\n|-heal|p1b: Toxapex|100/100|[from] item: Leftovers\n|-damage|p2a: Delphox|59/100|[from] move: Infestation|[partiallytrapped]\n|upkeep\n|turn|4\n|inactive|looger02 has 30 seconds left.\n|inactive|agglo has 30 seconds left.\n|\n|t:|1788374320\n|move|p2a: Delphox|Psychic|p1b: Toxapex\n|-supereffective|p1b: Toxapex|1\n|-damage|p1b: Toxapex|0 fnt\n|faint|p1b: Toxapex\n|move|p2b: Sneasler|Close Combat|p1a: Gyarados\n|-resisted|p1a: Gyarados|1\n|-damage|p1a: Gyarados|67/100\n|-unboost|p2b: Sneasler|def|1\n|-unboost|p2b: Sneasler|spd|1\n|-enditem|p2b: Sneasler|White Herb\n|-clearnegativeboost|p2b: Sneasler|[silent]\n|move|p1a: Gyarados|Lash Out|p2a: Delphox\n|-supereffective|p2a: Delphox|1\n|-damage|p2a: Delphox|0 fnt\n|faint|p2a: Delphox\n|\n|upkeep\n|\n|t:|1788374340\n|switch|p2a: Grimmsnarl|Grimmsnarl, L50, M|100/100\n|switch|p1b: Weavile|Weavile, L50, M|100/100\n|turn|5\n|inactive|agglo has 30 seconds left.\n|\n|t:|1788374366\n|switch|p1a: Sinistcha|Sinistcha, L50|100/100\n|move|p1b: Weavile|Protect|p1b: Weavile\n|-singleturn|p1b: Weavile|Protect\n|move|p2a: Grimmsnarl|Fake Out|p1a: Sinistcha\n|-immune|p1a: Sinistcha\n|move|p2b: Sneasler|Dire Claw|p1b: Weavile\n|-activate|p1b: Weavile|move: Protect\n|\n|upkeep\n|turn|6\n|inactive|looger02 has 30 seconds left.\n|\n|t:|1788374396\n|move|p1a: Sinistcha|Rage Powder|p1a: Sinistcha\n|-singleturn|p1a: Sinistcha|move: Rage Powder\n|move|p2a: Grimmsnarl|Reflect|p2a: Grimmsnarl\n|-sidestart|p2: agglo|Reflect\n|move|p2b: Sneasler|Dire Claw|p1a: Sinistcha\n|-damage|p1a: Sinistcha|62/100\n|-status|p1a: Sinistcha|psn\n|move|p1b: Weavile|Triple Axel|p2b: Sneasler\n|-damage|p2b: Sneasler|91/100\n|-damage|p2b: Sneasler|73/100\n|-damage|p2b: Sneasler|45/100\n|-hitcount|p2b: Sneasler|3\n|\n|-damage|p1a: Sinistcha|50/100g psn|[from] psn\n|upkeep\n|turn|7\n|inactive|looger02 has 30 seconds left.\n|inactive|agglo has 30 seconds left.\n|inactive|looger02 has 20 seconds left.\n|\n|t:|1788374434\n|switch|p1a: Gyarados|Gyarados, L50, F, shiny|67/100\n|-ability|p1a: Gyarados|Intimidate|boost\n|-unboost|p2a: Grimmsnarl|atk|1\n|-unboost|p2b: Sneasler|atk|1\n|switch|p2a: Sinistcha|Sinistcha, L50|100/100\n|-heal|p2b: Sneasler|69/100|[from] ability: Hospitality|[of] p2a: Sinistcha\n|move|p2b: Sneasler|Dire Claw|p1b: Weavile\n|-damage|p1b: Weavile|53/100\n|-status|p1b: Weavile|par\n|move|p1b: Weavile|Triple Axel|p2b: Sneasler\n|-damage|p2b: Sneasler|60/100\n|-damage|p2b: Sneasler|41/100\n|-damage|p2b: Sneasler|15/100\n|-hitcount|p2b: Sneasler|3\n|\n|upkeep\n|turn|8\n|inactive|looger02 has 30 seconds left.\n|inactive|agglo has 30 seconds left.\n|\n|t:|1788374465\n|switch|p1b: Sinistcha|Sinistcha, L50|50/100g psn\n|-heal|p1a: Gyarados|92/100|[from] ability: Hospitality|[of] p1b: Sinistcha\n|detailschange|p1a: Gyarados|Gyarados-Mega, L50, F, shiny\n|-mega|p1a: Gyarados|Gyarados|Gyaradosite\n|-ability|p1a: Gyarados|Mold Breaker\n|move|p2b: Sneasler|Protect|p2b: Sneasler\n|-singleturn|p2b: Sneasler|Protect\n|move|p1a: Gyarados|Protect|p1a: Gyarados\n|-singleturn|p1a: Gyarados|Protect\n|move|p2a: Sinistcha|Matcha Gotcha|p1b: Sinistcha|[spread] \n|-activate|p1a: Gyarados|move: Protect\n|-miss|p2a: Sinistcha|p1b: Sinistcha\n|\n|-damage|p1b: Sinistcha|38/100 psn|[from] psn\n|upkeep\n|-enditem|p1b: Sinistcha|Sitrus Berry|[eat]\n|-heal|p1b: Sinistcha|62/100 psn|[from] item: Sitrus Berry\n|turn|9\n|inactive|looger02 has 30 seconds left.\n|inactive|looger02 has 20 seconds left.\n|\n|t:|1788374502\n|switch|p2b: Grimmsnarl|Grimmsnarl, L50, M|100/100\n|move|p1a: Gyarados|Lash Out|p2b: Grimmsnarl\n|-resisted|p2b: Grimmsnarl|2\n|-damage|p2b: Grimmsnarl|92/100\n|move|p1b: Sinistcha|Matcha Gotcha|p2b: Grimmsnarl|[spread] p2a,p2b\n|-resisted|p2a: Sinistcha|1\n|-damage|p2a: Sinistcha|88/100\n|-heal|p1b: Sinistcha|69/100 psn|[from] drain|[of] p2a: Sinistcha\n|-damage|p2b: Grimmsnarl|71/100\n|-heal|p1b: Sinistcha|81/100 psn|[from] drain|[of] p2b: Grimmsnarl\n|-status|p2a: Sinistcha|brn\n|move|p2a: Sinistcha|Matcha Gotcha|p1a: Gyarados|[spread] p1a,p1b\n|-supereffective|p1a: Gyarados|1\n|-crit|p1a: Gyarados\n|-resisted|p1b: Sinistcha|1\n|-damage|p1a: Gyarados|43/100\n|-heal|p2a: Sinistcha|100/100 brn|[from] drain|[of] p1a: Gyarados\n|-damage|p1b: Sinistcha|71/100 psn\n|\n|-damage|p1b: Sinistcha|58/100 psn|[from] psn\n|-damage|p2a: Sinistcha|93/100 brn|[from] brn\n|upkeep\n|turn|10\n|inactive|looger02 has 30 seconds left.\n|inactive|agglo has 30 seconds left.\n|inactive|agglo has 20 seconds left.\n|inactive|agglo has 15 seconds left.\n|\n|t:|1788374547\n|switch|p1b: Weavile|Weavile, L50, M|53/100 par\n|move|p1a: Gyarados|Protect|p1a: Gyarados\n|-singleturn|p1a: Gyarados|Protect\n|move|p2a: Sinistcha|Matcha Gotcha|p1a: Gyarados|[spread] p1b\n|-activate|p1a: Gyarados|move: Protect\n|-damage|p1b: Weavile|21/100 par\n|-heal|p2a: Sinistcha|100/100 brn|[from] drain|[of] p1b: Weavile\n|move|p2b: Grimmsnarl|Spirit Break|p1b: Weavile\n|-supereffective|p1b: Weavile|1\n|-damage|p1b: Weavile|0 fnt\n|faint|p1b: Weavile\n|\n|-damage|p2a: Sinistcha|93/100 brn|[from] brn\n|upkeep\n|\n|t:|1788374562\n|switch|p1b: Sinistcha|Sinistcha, L50|58/100 psn\n|-heal|p1a: Gyarados|68/100|[from] ability: Hospitality|[of] p1b: Sinistcha\n|turn|11\n|\n|t:|1788374579\n|move|p1a: Gyarados|Dragon Dance|p1a: Gyarados\n|-boost|p1a: Gyarados|atk|1\n|-boost|p1a: Gyarados|spe|1\n|move|p2a: Sinistcha|Matcha Gotcha|p1a: Gyarados|[spread] p1a,p1b\n|-supereffective|p1a: Gyarados|1\n|-resisted|p1b: Sinistcha|1\n|-damage|p1a: Gyarados|33/100\n|-heal|p2a: Sinistcha|100/100 brn|[from] drain|[of] p1a: Gyarados\n|-damage|p1b: Sinistcha|49/100 psn\n|-status|p1a: Gyarados|brn\n|move|p1b: Sinistcha|Strength Sap|p2b: Grimmsnarl\n|-unboost|p2b: Grimmsnarl|atk|1\n|-heal|p1b: Sinistcha|100/100 psn\n|move|p2b: Grimmsnarl|Spirit Break|p1a: Gyarados\n|-supereffective|p1a: Gyarados|1\n|-damage|p1a: Gyarados|0 fnt\n|faint|p1a: Gyarados\n|\n|-damage|p1b: Sinistcha|87/100 psn|[from] psn\n|-damage|p2a: Sinistcha|93/100 brn|[from] brn\n|upkeep\n|turn|12\n|-message|looger02 forfeited.\n|\n|win|agglo\n|raw|looger02's rating: 1126 &rarr; <strong>1095</strong><br />(-31 for losing)\n|raw|agglo's rating: 1040 &rarr; <strong>1082</strong><br />(+42 for winning)\n","uploadtime":1788374594,"views":"1","formatid":"gen9championsvgc2026regmbbo3","rating":1082,"private":0,"password":null}