{"id":"gen9championsvgc2026regmb-2674592986","format":"[Gen 9 Champions] VGC 2026 Reg M-B","players":["Sumant855","gonegeb"],"log":"|j|☆Sumant855\n|j|☆gonegeb\n|t:|1788377857\n|gametype|doubles\n|player|p1|Sumant855|bruno|1318\n|player|p2|gonegeb|corbeau|1315\n|gen|9\n|tier|[Gen 9 Champions] VGC 2026 Reg M-B\n|rated|\n|rule|Species Clause: Limit one of each Pokémon\n|rule|Item Clause: Limit 1 of each item\n|clearpoke\n|poke|p1|Maushold-Four, L50, shiny|\n|poke|p1|Grimmsnarl, L50, M, shiny|\n|poke|p1|Sinistcha, L50|\n|poke|p1|Pelipper, L50, F|\n|poke|p1|Swampert, L50, M|\n|poke|p1|Archaludon, L50, M|\n|poke|p2|Lucario, L50, M|\n|poke|p2|Umbreon, L50, M, shiny|\n|poke|p2|Arcanine-Hisui, L50, M, shiny|\n|poke|p2|Ceruledge, L50, M|\n|poke|p2|Corviknight, L50, M|\n|poke|p2|Whimsicott, L50, F, shiny|\n|teampreview|4\n|\n|t:|1788377882\n|teamsize|p1|4\n|teamsize|p2|4\n|start\n|switch|p1a: Skyler|Pelipper, L50, F|100/100\n|switch|p1b: Chad|Swampert, L50, M|100/100\n|switch|p2a: Arcanine|Arcanine-Hisui, L50, M, shiny|100/100\n|switch|p2b: Whimsicott|Whimsicott, L50, F, shiny|100/100\n|-weather|RainDance|[from] ability: Drizzle|[of] p1a: Skyler\n|turn|1\n|\n|t:|1788377894\n|detailschange|p1b: Chad|Swampert-Mega, L50, M\n|-mega|p1b: Chad|Swampert|Swampertite\n|move|p1b: Chad|High Horsepower|p2a: Arcanine\n|-supereffective|p2a: Arcanine|2\n|-enditem|p2a: Arcanine|Focus Sash\n|-damage|p2a: Arcanine|1/100\n|move|p2b: Whimsicott|Grass Knot|p1b: Chad\n|-supereffective|p1b: Chad|2\n|-damage|p1b: Chad|0 fnt\n|faint|p1b: Chad\n|move|p2a: Arcanine|Head Smash|p1a: Skyler|[miss]\n|-miss|p2a: Arcanine|p1a: Skyler\n|move|p1a: Skyler|Hurricane|p2b: Whimsicott\n|-supereffective|p2b: Whimsicott|1\n|-damage|p2b: Whimsicott|0 fnt\n|faint|p2b: Whimsicott\n|\n|-weather|RainDance|[upkeep]\n|upkeep\n|\n|t:|1788377911\n|switch|p2b: Lucario|Lucario, L50, M|100/100\n|switch|p1b: Kaiju|Archaludon, L50, M|100/100\n|turn|2\n|\n|t:|1788377923\n|switch|p1b: Cha|Sinistcha, L50|100/100\n|detailschange|p2b: Lucario|Lucario-Mega, L50, M\n|-mega|p2b: Lucario|Lucario|Lucarionite\n|move|p2b: Lucario|Close Combat|p1b: Cha\n|-immune|p1b: Cha\n|move|p2a: Arcanine|Head Smash|p1a: Skyler\n|-supereffective|p1a: Skyler|1\n|-enditem|p1a: Skyler|Focus Sash\n|-damage|p1a: Skyler|1/100\n|move|p1a: Skyler|Weather Ball|p2a: Arcanine\n|-supereffective|p2a: Arcanine|2\n|-damage|p2a: Arcanine|0 fnt\n|faint|p2a: Arcanine\n|\n|-weather|RainDance|[upkeep]\n|upkeep\n|\n|t:|1788377927\n|switch|p2a: Umbreon|Umbreon, L50, M, shiny|100/100\n|turn|3\n|\n|t:|1788377936\n|switch|p1a: Kaiju|Archaludon, L50, M|100/100\n|move|p2b: Lucario|Detect|p2b: Lucario\n|-singleturn|p2b: Lucario|Protect\n|move|p1b: Cha|Matcha Gotcha|p2b: Lucario|[spread] p2a\n|-activate|p2b: Lucario|move: Protect\n|-damage|p2a: Umbreon|84/100\n|move|p2a: Umbreon|Snarl|p1b: Cha|[spread] p1a,p1b\n|-supereffective|p1b: Cha|1\n|-damage|p1a: Kaiju|90/100\n|-damage|p1b: Cha|85/100\n|-unboost|p1a: Kaiju|spa|1\n|-unboost|p1b: Cha|spa|1\n|-ability|p1a: Kaiju|Stamina|boost\n|-boost|p1a: Kaiju|def|1\n|\n|-weather|RainDance|[upkeep]\n|-heal|p1a: Kaiju|96/100|[from] item: Leftovers\n|-heal|p2a: Umbreon|90/100|[from] item: Leftovers\n|upkeep\n|turn|4\n|inactive|Battle timer is ON: inactive players will automatically lose when time's up. (requested by Sumant855)\n|\n|t:|1788377964\n|move|p2b: Lucario|Detect||[still]\n|-fail|p2b: Lucario\n|move|p1b: Cha|Rage Powder|p1b: Cha\n|-singleturn|p1b: Cha|move: Rage Powder\n|move|p1a: Kaiju|Electro Shot||[still]\n|-prepare|p1a: Kaiju|Electro Shot\n|-boost|p1a: Kaiju|spa|1\n|-anim|p1a: Kaiju|Electro Shot|p2b: Lucario\n|-damage|p2b: Lucario|36/100\n|move|p2a: Umbreon|Taunt|p1b: Cha\n|-start|p1b: Cha|move: Taunt\n|\n|-weather|RainDance|[upkeep]\n|-heal|p1a: Kaiju|100/100|[from] item: Leftovers\n|-heal|p2a: Umbreon|96/100|[from] item: Leftovers\n|upkeep\n|turn|5\n|\n|t:|1788377982\n|move|p2b: Lucario|Close Combat|p1a: Kaiju\n|-supereffective|p1a: Kaiju|1\n|-damage|p1a: Kaiju|4/100\n|-unboost|p2b: Lucario|def|1\n|-unboost|p2b: Lucario|spd|1\n|-ability|p1a: Kaiju|Stamina|boost\n|-boost|p1a: Kaiju|def|1\n|move|p1a: Kaiju|Electro Shot||[still]\n|-prepare|p1a: Kaiju|Electro Shot\n|-boost|p1a: Kaiju|spa|1\n|-anim|p1a: Kaiju|Electro Shot|p2b: Lucario\n|-damage|p2b: Lucario|0 fnt\n|faint|p2b: Lucario\n|move|p1b: Cha|Matcha Gotcha|p2a: Umbreon\n|-crit|p2a: Umbreon\n|-damage|p2a: Umbreon|66/100\n|-heal|p1b: Cha|100/100|[from] drain|[of] p2a: Umbreon\n|move|p2a: Umbreon|Snarl|p1a: Kaiju|[spread] p1a,p1b\n|-crit|p1a: Kaiju\n|-supereffective|p1b: Cha|1\n|-damage|p1a: Kaiju|0 fnt\n|-damage|p1b: Cha|85/100\n|-unboost|p1b: Cha|spa|1\n|faint|p1a: Kaiju\n|\n|-weather|none\n|-heal|p2a: Umbreon|72/100|[from] item: Leftovers\n|upkeep\n|\n|t:|1788377997\n|switch|p1a: Skyler|Pelipper, L50, F|1/100\n|-weather|RainDance|[from] ability: Drizzle|[of] p1a: Skyler\n|turn|6\n|\n|t:|1788378005\n|move|p1b: Cha|Shadow Ball|p2a: Umbreon\n|-resisted|p2a: Umbreon|1\n|-damage|p2a: Umbreon|68/100\n|move|p2a: Umbreon|Snarl|p1b: Cha|[spread] p1b\n|-miss|p2a: Umbreon|p1a: Skyler\n|-supereffective|p1b: Cha|1\n|-damage|p1b: Cha|68/100\n|-unboost|p1b: Cha|spa|1\n|move|p1a: Skyler|Hurricane|p2a: Umbreon\n|-damage|p2a: Umbreon|45/100\n|-start|p2a: Umbreon|confusion\n|\n|-weather|RainDance|[upkeep]\n|-heal|p2a: Umbreon|51/100|[from] item: Leftovers\n|upkeep\n|turn|7\n|\n|t:|1788378024\n|move|p1b: Cha|Matcha Gotcha|p2a: Umbreon\n|-damage|p2a: Umbreon|44/100\n|-heal|p1b: Cha|73/100|[from] drain|[of] p2a: Umbreon\n|move|p1a: Skyler|Hurricane|p2a: Umbreon\n|-damage|p2a: Umbreon|24/100\n|-activate|p2a: Umbreon|confusion\n|move|p2a: Umbreon|Snarl|p1a: Skyler|[spread] p1a,p1b\n|-supereffective|p1b: Cha|1\n|-damage|p1a: Skyler|0 fnt\n|-damage|p1b: Cha|56/100\n|-unboost|p1b: Cha|spa|1\n|faint|p1a: Skyler\n|\n|-weather|RainDance|[upkeep]\n|-heal|p2a: Umbreon|30/100|[from] item: Leftovers\n|-end|p1b: Cha|move: Taunt\n|upkeep\n|turn|8\n|\n|t:|1788378045\n|move|p1b: Cha|Life Dew|p1b: Cha\n|-heal|p1b: Cha|81/100\n|-activate|p2a: Umbreon|confusion\n|-damage|p2a: Umbreon|25/100|[from] confusion\n|\n|-weather|RainDance|[upkeep]\n|-heal|p2a: Umbreon|31/100|[from] item: Leftovers\n|upkeep\n|turn|9\n|\n|t:|1788378054\n|move|p1b: Cha|Life Dew|p1b: Cha\n|-heal|p1b: Cha|100/100\n|-activate|p2a: Umbreon|confusion\n|move|p2a: Umbreon|Yawn|p1b: Cha\n|-start|p1b: Cha|move: Yawn|[of] p2a: Umbreon\n|\n|-weather|RainDance|[upkeep]\n|-heal|p2a: Umbreon|37/100|[from] item: Leftovers\n|upkeep\n|turn|10\n|\n|t:|1788378062\n|move|p1b: Cha|Matcha Gotcha|p2a: Umbreon\n|-damage|p2a: Umbreon|31/100\n|-activate|p2a: Umbreon|confusion\n|-damage|p2a: Umbreon|26/100|[from] confusion\n|\n|-weather|none\n|-heal|p2a: Umbreon|32/100|[from] item: Leftovers\n|-end|p1b: Cha|move: Yawn|[silent]\n|-status|p1b: Cha|slp\n|upkeep\n|turn|11\n|c|☆Sumant855|XX\n|c|☆Sumant855|XD\n|c|☆Sumant855|Support vs support\n|inactive|Sumant855 has 30 seconds left.\n|\n|t:|1788378087\n|cant|p1b: Cha|slp\n|-end|p2a: Umbreon|confusion\n|move|p2a: Umbreon|Foul Play|p1b: Cha\n|-supereffective|p1b: Cha|1\n|-damage|p1b: Cha|61/100 slp\n|\n|-heal|p2a: Umbreon|38/100|[from] item: Leftovers\n|upkeep\n|turn|12\n|\n|t:|1788378095\n|cant|p1b: Cha|slp\n|move|p2a: Umbreon|Foul Play|p1b: Cha\n|-supereffective|p1b: Cha|1\n|-damage|p1b: Cha|20/100y slp\n|-enditem|p1b: Cha|Sitrus Berry|[eat]\n|-heal|p1b: Cha|44/100 slp|[from] item: Sitrus Berry\n|\n|-heal|p2a: Umbreon|44/100|[from] item: Leftovers\n|upkeep\n|turn|13\n|\n|t:|1788378105\n|-curestatus|p1b: Cha|slp|[msg]\n|move|p1b: Cha|Life Dew|p1b: Cha\n|-heal|p1b: Cha|70/100\n|move|p2a: Umbreon|Foul Play|p1b: Cha\n|-supereffective|p1b: Cha|1\n|-damage|p1b: Cha|29/100\n|\n|-heal|p2a: Umbreon|50/100g|[from] item: Leftovers\n|upkeep\n|turn|14\n|\n|t:|1788378116\n|move|p1b: Cha|Life Dew|p1b: Cha\n|-heal|p1b: Cha|55/100\n|move|p2a: Umbreon|Taunt|p1b: Cha\n|-start|p1b: Cha|move: Taunt\n|\n|-heal|p2a: Umbreon|56/100|[from] item: Leftovers\n|upkeep\n|turn|15\n|\n|t:|1788378126\n|move|p1b: Cha|Matcha Gotcha|p2a: Umbreon\n|-damage|p2a: Umbreon|50/100y\n|-heal|p1b: Cha|58/100|[from] drain|[of] p2a: Umbreon\n|-status|p2a: Umbreon|brn\n|move|p2a: Umbreon|Foul Play|p1b: Cha\n|-supereffective|p1b: Cha|1\n|-damage|p1b: Cha|40/100\n|\n|-heal|p2a: Umbreon|55/100 brn|[from] item: Leftovers\n|-damage|p2a: Umbreon|50/100y brn|[from] brn\n|upkeep\n|turn|16\n|\n|t:|1788378139\n|move|p1b: Cha|Matcha Gotcha|p2a: Umbreon\n|-damage|p2a: Umbreon|42/100 brn\n|-heal|p1b: Cha|44/100|[from] drain|[of] p2a: Umbreon\n|move|p2a: Umbreon|Yawn|p1b: Cha\n|-start|p1b: Cha|move: Yawn|[of] p2a: Umbreon\n|\n|-heal|p2a: Umbreon|48/100 brn|[from] item: Leftovers\n|-damage|p2a: Umbreon|42/100 brn|[from] brn\n|upkeep\n|turn|17\n|\n|t:|1788378151\n|move|p1b: Cha|Matcha Gotcha|p2a: Umbreon\n|-damage|p2a: Umbreon|36/100 brn\n|-heal|p1b: Cha|48/100|[from] drain|[of] p2a: Umbreon\n|move|p2a: Umbreon|Foul Play|p1b: Cha\n|-supereffective|p1b: Cha|1\n|-damage|p1b: Cha|28/100\n|\n|-heal|p2a: Umbreon|42/100 brn|[from] item: Leftovers\n|-damage|p2a: Umbreon|36/100 brn|[from] brn\n|-end|p1b: Cha|move: Taunt\n|-end|p1b: Cha|move: Yawn|[silent]\n|-status|p1b: Cha|slp\n|upkeep\n|turn|18\n|\n|t:|1788378165\n|cant|p1b: Cha|slp\n|move|p2a: Umbreon|Foul Play|p1b: Cha\n|-supereffective|p1b: Cha|1\n|-damage|p1b: Cha|8/100 slp\n|\n|-heal|p2a: Umbreon|42/100 brn|[from] item: Leftovers\n|-damage|p2a: Umbreon|36/100 brn|[from] brn\n|upkeep\n|turn|19\n|\n|t:|1788378168\n|cant|p1b: Cha|slp\n|move|p2a: Umbreon|Foul Play|p1b: Cha\n|-supereffective|p1b: Cha|1\n|-damage|p1b: Cha|0 fnt\n|faint|p1b: Cha\n|\n|win|gonegeb\n|raw|Sumant855's rating: 1318 &rarr; <strong>1298</strong><br />(-20 for losing)\n|raw|gonegeb's rating: 1315 &rarr; <strong>1335</strong><br />(+20 for winning)\n","uploadtime":1788378170,"views":"0","formatid":"gen9championsvgc2026regmb","rating":1298,"private":0,"password":null}