{"id":"gen9championsvgc2026regmbbo3-2673973331","format":"[Gen 9 Champions] VGC 2026 Reg M-B (Bo3)","players":["humania1","Azilver"],"log":"|j|☆humania1\n|j|☆Azilver\n|html|<table width=\"100%\"><tr><td align=\"left\">humania1</td><td align=\"right\">Azilver</tr><tr><td align=\"left\"><i class=\"fa fa-circle-o\"></i> <i class=\"fa fa-circle-o\"></i> </td><td align=\"right\"><i class=\"fa fa-circle-o\"></i> <i class=\"fa fa-circle-o\"></i> </tr></table>\n|uhtml|bestof|<h2><strong>Game 1</strong> of <a href=\"/game-bestof3-gen9championsvgc2026regmbbo3-2673973330\">a best-of-3</a></h2>\n|t:|1788283563\n|gametype|doubles\n|player|p1|humania1|266|1014\n|player|p2|Azilver|drayden|1081\n|gen|9\n|tier|[Gen 9 Champions] VGC 2026 Reg M-B (Bo3)\n|rated|\n|rule|Species Clause: Limit one of each Pokémon\n|rule|Item Clause: Limit 1 of each item\n|clearpoke\n|poke|p1|Blastoise, L50, F|\n|poke|p1|Delphox, L50, M, shiny|\n|poke|p1|Incineroar, L50, F|\n|poke|p1|Sinistcha, L50|\n|poke|p1|Sneasler, L50, F|\n|poke|p1|Vivillon, L50, F|\n|poke|p2|Aerodactyl, L50, F|\n|poke|p2|Kingambit, L50, F|\n|poke|p2|Sylveon, L50, M|\n|poke|p2|Charizard, L50, M|\n|poke|p2|Garchomp, L50, F|\n|poke|p2|Farigiraf, L50, M|\n|teampreview|4\n|showteam|p1|Blastoise||Blastoisinite|Torrent|Protect,ShellSmash,WaterSpout,DarkPulse|Modest||F|||50|]Delphox||Delphoxite|Blaze|Protect,HeatWave,Psyshock,NastyPlot|Timid||M|||50|]Incineroar||PasshoBerry|Intimidate|FakeOut,PartingShot,FlareBlitz,ThroatChop|Impish||F|||50|]Sinistcha||SitrusBerry|Hospitality|Protect,MatchaGotcha,TrickRoom,RagePowder|Bold|||||50|]Sneasler||FocusSash|PoisonTouch|QuickGuard,FakeOut,CloseCombat,DireClaw|Jolly||F|||50|]Vivillon||ChoiceScarf|CompoundEyes|Hurricane,SleepPowder,RagePowder,Uturn|Timid||F|||50|\n|showteam|p2|Aerodactyl||Aerodactylite|Unnerve|DualWingbeat,Tailwind,RockSlide,IceFang|Jolly||F|||50|]Kingambit||FocusSash|Defiant|KowtowCleave,IronHead,SuckerPunch,LowKick|Adamant||F|||50|]Sylveon||FairyFeather|Pixilate|HyperVoice,HyperBeam,Protect,QuickAttack|Modest||M|||50|]Charizard||CharizarditeY|SolarPower|HeatWave,WeatherBall,SolarBeam,Protect|Modest||M|||50|]Garchomp||LifeOrb|RoughSkin|Earthquake,DragonClaw,Protect,StompingTantrum|Jolly||F|||50|]Farigiraf||SitrusBerry|ArmorTail|TwinBeam,Thunderbolt,Roar,TrickRoom|Bold||M|||50|\n|inactive|Battle timer is ON: inactive players will automatically lose when time's up. (requested by humania1)\n|inactive|Azilver has 60 seconds left.\n|\n|t:|1788283617\n|teamsize|p1|4\n|teamsize|p2|4\n|start\n|switch|p1a: Blastoise|Blastoise, L50, F|100/100\n|switch|p1b: Incineroar|Incineroar, L50, F|100/100\n|switch|p2a: Kingambit|Kingambit, L50, F|100/100\n|switch|p2b: Charizard|Charizard, L50, M|100/100\n|-ability|p1b: Incineroar|Intimidate|boost\n|-unboost|p2a: Kingambit|atk|1\n|-ability|p2a: Kingambit|Defiant|boost\n|-boost|p2a: Kingambit|atk|2\n|-unboost|p2b: Charizard|atk|1\n|turn|1\n|inactive|Azilver has 30 seconds left.\n|\n|t:|1788283647\n|detailschange|p2b: Charizard|Charizard-Mega-Y, L50, M\n|-mega|p2b: Charizard|Charizard|Charizardite Y\n|-weather|SunnyDay|[from] ability: Drought|[of] p2b: Charizard\n|detailschange|p1a: Blastoise|Blastoise-Mega, L50, F\n|-mega|p1a: Blastoise|Blastoise|Blastoisinite\n|move|p2b: Charizard|Protect|p2b: Charizard\n|-singleturn|p2b: Charizard|Protect\n|move|p1a: Blastoise|Water Spout|p2b: Charizard|[spread] p2a\n|-activate|p2b: Charizard|move: Protect\n|-damage|p2a: Kingambit|60/100\n|move|p1b: Incineroar|Flare Blitz|p2a: Kingambit\n|-supereffective|p2a: Kingambit|1\n|-damage|p2a: Kingambit|0 fnt\n|faint|p2a: Kingambit\n|-damage|p1b: Incineroar|82/100|[from] Recoil\n|\n|-weather|SunnyDay|[upkeep]\n|upkeep\n|\n|t:|1788283664\n|switch|p2a: Garchomp|Garchomp, L50, F|100/100\n|turn|2\n|inactive|Azilver has 30 seconds left.\n|\n|t:|1788283690\n|move|p2a: Garchomp|Earthquake|p1b: Incineroar|[spread] p1a,p1b\n|-immune|p2b: Charizard\n|-supereffective|p1b: Incineroar|1\n|-damage|p1a: Blastoise|49/100\n|-damage|p1b: Incineroar|0 fnt\n|faint|p1b: Incineroar\n|-damage|p2a: Garchomp|90/100|[from] item: Life Orb\n|move|p2b: Charizard|Weather Ball|p1a: Blastoise\n|-resisted|p1a: Blastoise|1\n|-damage|p1a: Blastoise|8/100\n|move|p1a: Blastoise|Water Spout|p2a: Garchomp|[spread] p2a,p2b\n|-supereffective|p2b: Charizard|1\n|-damage|p2a: Garchomp|88/100\n|-damage|p2b: Charizard|96/100\n|\n|-weather|SunnyDay|[upkeep]\n|upkeep\n|\n|t:|1788283691\n|switch|p1b: Sneasler|Sneasler, L50, F|100/100\n|turn|3\n|\n|t:|1788283709\n|move|p2a: Garchomp|Protect|p2a: Garchomp\n|-singleturn|p2a: Garchomp|Protect\n|move|p2b: Charizard|Protect|p2b: Charizard\n|-singleturn|p2b: Charizard|Protect\n|move|p1a: Blastoise|Protect|p1a: Blastoise\n|-singleturn|p1a: Blastoise|Protect\n|move|p1b: Sneasler|Fake Out|p2a: Garchomp\n|-activate|p2a: Garchomp|move: Protect\n|\n|-weather|SunnyDay|[upkeep]\n|upkeep\n|turn|4\n|\n|t:|1788283722\n|switch|p1a: Sinistcha|Sinistcha, L50|100/100\n|move|p1b: Sneasler|Quick Guard|p1b: Sneasler\n|-singleturn|p1b: Sneasler|Quick Guard\n|move|p2a: Garchomp|Earthquake|p1a: Sinistcha|[spread] p1a,p1b\n|-immune|p2b: Charizard\n|-resisted|p1a: Sinistcha|1\n|-crit|p1a: Sinistcha\n|-supereffective|p1b: Sneasler|1\n|-damage|p1a: Sinistcha|71/100\n|-enditem|p1b: Sneasler|Focus Sash\n|-damage|p1b: Sneasler|1/100\n|-damage|p2a: Garchomp|78/100|[from] item: Life Orb\n|move|p2b: Charizard|Heat Wave|p1a: Sinistcha|[spread] p1a,p1b\n|-supereffective|p1a: Sinistcha|1\n|-damage|p1a: Sinistcha|0 fnt\n|-damage|p1b: Sneasler|0 fnt\n|faint|p1a: Sinistcha\n|faint|p1b: Sneasler\n|\n|-weather|SunnyDay|[upkeep]\n|upkeep\n|\n|t:|1788283722\n|switch|p1a: Blastoise|Blastoise-Mega, L50, F|8/100\n|turn|5\n|\n|t:|1788283743\n|move|p1a: Blastoise|Protect|p1a: Blastoise\n|-singleturn|p1a: Blastoise|Protect\n|move|p2a: Garchomp|Earthquake|p1a: Blastoise|[spread] \n|-activate|p1a: Blastoise|move: Protect\n|-immune|p2b: Charizard\n|move|p2b: Charizard|Solar Beam||[still]\n|-prepare|p2b: Charizard|Solar Beam\n|-anim|p2b: Charizard|Solar Beam|p1a: Blastoise\n|-activate|p1a: Blastoise|move: Protect\n|\n|-weather|none\n|upkeep\n|turn|6\n|\n|t:|1788283756\n|move|p2a: Garchomp|Earthquake|p1a: Blastoise|[spread] p1a\n|-immune|p2b: Charizard\n|-damage|p1a: Blastoise|0 fnt\n|faint|p1a: Blastoise\n|-damage|p2a: Garchomp|69/100|[from] item: Life Orb\n|\n|win|Azilver\n","uploadtime":1788283757,"views":"0","formatid":"gen9championsvgc2026regmbbo3","rating":null,"private":0,"password":null}