{"id":"gen9championsvgc2026regmb-2674818608","format":"[Gen 9 Champions] VGC 2026 Reg M-B","players":["notteamr0cket","khatru69"],"log":"|j|☆notteamr0cket\n|j|☆khatru69\n|t:|1788413217\n|gametype|doubles\n|player|p1|notteamr0cket|giovanni|1249\n|player|p2|khatru69|irida|1347\n|gen|9\n|tier|[Gen 9 Champions] VGC 2026 Reg M-B\n|rated|\n|rule|Species Clause: Limit one of each Pokémon\n|rule|Item Clause: Limit 1 of each item\n|clearpoke\n|poke|p1|Tyranitar, L50, F|\n|poke|p1|Excadrill, L50, M|\n|poke|p1|Milotic, L50, F|\n|poke|p1|Sinistcha, L50|\n|poke|p1|Staraptor, L50, F|\n|poke|p1|Gholdengo, L50|\n|poke|p2|Blaziken, L50, M, shiny|\n|poke|p2|Kingambit, L50, F, shiny|\n|poke|p2|Sylveon, L50, M|\n|poke|p2|Aerodactyl, L50, M, shiny|\n|poke|p2|Basculegion, L50, M|\n|poke|p2|Farigiraf, L50, F|\n|teampreview|4\n|inactive|Battle timer is ON: inactive players will automatically lose when time's up. (requested by khatru69)\n|inactive|notteamr0cket has 60 seconds left.\n|\n|t:|1788413316\n|teamsize|p1|4\n|teamsize|p2|4\n|start\n|switch|p1a: Staraptor|Staraptor, L50, F|100/100\n|switch|p1b: Gholdengo|Gholdengo, L50|100/100\n|switch|p2a: Gon|Blaziken, L50, M, shiny|100/100\n|switch|p2b: Chrollo|Kingambit, L50, F, shiny|100/100\n|-ability|p1a: Staraptor|Intimidate|boost\n|-unboost|p2a: Gon|atk|1\n|-unboost|p2b: Chrollo|atk|1\n|-ability|p2b: Chrollo|Defiant|boost\n|-boost|p2b: Chrollo|atk|2\n|turn|1\n|inactive|notteamr0cket has 30 seconds left.\n|inactive|khatru69 has 30 seconds left.\n|inactive|notteamr0cket has 20 seconds left.\n|\n|t:|1788413353\n|switch|p2a: Kurapika|Sylveon, L50, M|100/100\n|switch|p1b: Sinistcha|Sinistcha, L50|100/100\n|detailschange|p1a: Staraptor|Staraptor-Mega, L50, F\n|-mega|p1a: Staraptor|Staraptor|Staraptite\n|move|p2b: Chrollo|Protect|p2b: Chrollo\n|-singleturn|p2b: Chrollo|Protect\n|move|p1a: Staraptor|Close Combat|p2b: Chrollo\n|-activate|p2b: Chrollo|move: Protect\n|\n|upkeep\n|turn|2\n|inactive|notteamr0cket has 30 seconds left.\n|inactive|notteamr0cket has 20 seconds left.\n|\n|t:|1788413388\n|switch|p2b: Indoor Fish|Basculegion, L50, M|100/100\n|move|p1b: Sinistcha|Rage Powder|p1b: Sinistcha\n|-singleturn|p1b: Sinistcha|move: Rage Powder\n|move|p1a: Staraptor|Close Combat|p2b: Indoor Fish\n|-immune|p2b: Indoor Fish\n|move|p2a: Kurapika|Hyper Voice|p1a: Staraptor|[spread] p1a,p1b\n|-supereffective|p1a: Staraptor|1\n|-damage|p1a: Staraptor|4/100\n|-damage|p1b: Sinistcha|48/100\n|\n|upkeep\n|turn|3\n|\n|t:|1788413411\n|switch|p1a: Gholdengo|Gholdengo, L50|100/100\n|move|p2b: Indoor Fish|Last Respects|p1b: Sinistcha\n|-supereffective|p1b: Sinistcha|1\n|-damage|p1b: Sinistcha|0 fnt\n|faint|p1b: Sinistcha\n|move|p2a: Kurapika|Hyper Voice|p1a: Gholdengo\n|-resisted|p1a: Gholdengo|1\n|-damage|p1a: Gholdengo|68/100\n|\n|upkeep\n|\n|t:|1788413423\n|switch|p1b: Staraptor|Staraptor-Mega, L50, F|4/100\n|turn|4\n|\n|t:|1788413446\n|move|p1b: Staraptor|Protect|p1b: Staraptor\n|-singleturn|p1b: Staraptor|Protect\n|move|p2a: Kurapika|Quick Attack|p1b: Staraptor\n|-activate|p1b: Staraptor|move: Protect\n|move|p2b: Indoor Fish|Last Respects|p1a: Gholdengo\n|-supereffective|p1a: Gholdengo|1\n|-damage|p1a: Gholdengo|9/100\n|move|p1a: Gholdengo|Shadow Ball|p2b: Indoor Fish\n|-supereffective|p2b: Indoor Fish|1\n|-enditem|p2b: Indoor Fish|Focus Sash\n|-damage|p2b: Indoor Fish|1/100\n|-unboost|p2b: Indoor Fish|spd|1\n|-damage|p1a: Gholdengo|0 fnt|[from] item: Life Orb\n|faint|p1a: Gholdengo\n|\n|upkeep\n|\n|t:|1788413463\n|switch|p1a: Tyranitar|Tyranitar, L50, F|100/100\n|-weather|Sandstorm|[from] ability: Sand Stream|[of] p1a: Tyranitar\n|turn|5\n|\n|t:|1788413485\n|move|p2a: Kurapika|Quick Attack|p1b: Staraptor\n|-supereffective|p1b: Staraptor|1\n|-damage|p1b: Staraptor|0 fnt\n|faint|p1b: Staraptor\n|move|p2b: Indoor Fish|Liquidation|p1a: Tyranitar\n|-supereffective|p1a: Tyranitar|1\n|-damage|p1a: Tyranitar|0 fnt\n|faint|p1a: Tyranitar\n|\n|win|khatru69\n|raw|notteamr0cket's rating: 1249 &rarr; <strong>1231</strong><br />(-18 for losing)\n|raw|khatru69's rating: 1347 &rarr; <strong>1362</strong><br />(+15 for winning)\n|c|☆notteamr0cket|gg wp\n|c|☆khatru69|GGs\n|c|☆khatru69|Wp\n","uploadtime":1788413502,"views":"7","formatid":"gen9championsvgc2026regmb","rating":1231,"private":0,"password":null}