{"id":"gen9championsvgc2026regmb-2674915788","format":"[Gen 9 Champions] VGC 2026 Reg M-B","players":["Thornlace48812","Batatab"],"log":"|j|☆Thornlace48812\n|j|☆Batatab\n|t:|1788435307\n|gametype|doubles\n|player|p1|Thornlace48812|102|1189\n|player|p2|Batatab|170|1288\n|gen|9\n|tier|[Gen 9 Champions] VGC 2026 Reg M-B\n|rated|\n|rule|Species Clause: Limit one of each Pokémon\n|rule|Item Clause: Limit 1 of each item\n|clearpoke\n|poke|p1|Garchomp, L50, M|\n|poke|p1|Charizard, L50, F|\n|poke|p1|Whimsicott, L50, M|\n|poke|p1|Sylveon, L50, M|\n|poke|p1|Kingambit, L50, F|\n|poke|p1|Basculegion, L50, M|\n|poke|p2|Froslass, L50, F|\n|poke|p2|Raichu, L50, M|\n|poke|p2|Glimmora, L50, M|\n|poke|p2|Mamoswine, L50, M|\n|poke|p2|Garchomp, L50, M|\n|poke|p2|Sinistcha, L50|\n|teampreview|4\n|inactive|Battle timer is ON: inactive players will automatically lose when time's up. (requested by Thornlace48812)\nThornlace48812 rejected open team sheets.\n|inactive|Batatab has 60 seconds left.\n|\n|t:|1788435338\n|teamsize|p1|4\n|teamsize|p2|4\n|start\n|switch|p1a: Charizard|Charizard, L50, F|100/100\n|switch|p1b: Garchomp|Garchomp, L50, M|100/100\n|switch|p2a: Glimmora|Glimmora, L50, M|100/100\n|switch|p2b: Froslass|Froslass, L50, F|100/100\n|turn|1\n|inactive|Batatab has 30 seconds left.\n|\n|t:|1788435365\n|detailschange|p2b: Froslass|Froslass-Mega, L50, F\n|-mega|p2b: Froslass|Froslass|Froslassite\n|-weather|Snowscape|[from] ability: Snow Warning|[of] p2b: Froslass\n|move|p2a: Glimmora|Protect|p2a: Glimmora\n|-singleturn|p2a: Glimmora|Protect\n|move|p1a: Charizard|Protect|p1a: Charizard\n|-singleturn|p1a: Charizard|Protect\n|move|p1b: Garchomp|Earthquake|p2b: Froslass|[spread] p2b\n|-activate|p1a: Charizard|move: Protect\n|-activate|p2a: Glimmora|move: Protect\n|-damage|p2b: Froslass|67/100\n|-damage|p1b: Garchomp|90/100|[from] item: Life Orb\n|move|p2b: Froslass|Blizzard|p1b: Garchomp|[spread] p1b\n|-activate|p1a: Charizard|move: Protect\n|-supereffective|p1b: Garchomp|2\n|-damage|p1b: Garchomp|0 fnt\n|faint|p1b: Garchomp\n|\n|-weather|Snowscape|[upkeep]\n|upkeep\n|\n|t:|1788435367\n|switch|p1b: Sylveon|Sylveon, L50, M|100/100\n|turn|2\n|inactive|Batatab has 30 seconds left.\n|\n|t:|1788435400\n|detailschange|p1a: Charizard|Charizard-Mega-Y, L50, F\n|-mega|p1a: Charizard|Charizard|Charizardite Y\n|-weather|SunnyDay|[from] ability: Drought|[of] p1a: Charizard\n|move|p2a: Glimmora|Power Gem|p1a: Charizard\n|-supereffective|p1a: Charizard|2\n|-damage|p1a: Charizard|0 fnt\n|faint|p1a: Charizard\n|move|p2b: Froslass|Aurora Veil||[still]\n|-fail|p2b: Froslass\n|move|p1b: Sylveon|Hyper Voice|p2a: Glimmora|[spread] p2a,p2b\n|-resisted|p2a: Glimmora|1\n|-damage|p2a: Glimmora|67/100\n|-damage|p2b: Froslass|18/100\n|\n|-weather|SunnyDay|[upkeep]\n|upkeep\n|\n|t:|1788435400\n|switch|p1a: Basculegion|Basculegion, L50, M|100/100\n|turn|3\n|\n|t:|1788435418\n|move|p2a: Glimmora|Sludge Bomb|p1b: Sylveon\n|-supereffective|p1b: Sylveon|1\n|-damage|p1b: Sylveon|20/100y\n|move|p2b: Froslass|Shadow Ball|p1a: Basculegion\n|-supereffective|p1a: Basculegion|1\n|-damage|p1a: Basculegion|21/100\n|-unboost|p1a: Basculegion|spd|1\n|move|p1a: Basculegion|Last Respects|p2b: Froslass\n|-supereffective|p2b: Froslass|1\n|-damage|p2b: Froslass|0 fnt\n|faint|p2b: Froslass\n|move|p1b: Sylveon|Hyper Voice|p2a: Glimmora\n|-resisted|p2a: Glimmora|1\n|-damage|p2a: Glimmora|27/100\n|\n|-weather|SunnyDay|[upkeep]\n|upkeep\n|\n|t:|1788435437\n|switch|p2b: Garchomp|Garchomp, L50, M|100/100\n|turn|4\n|\n|t:|1788435447\n|move|p1a: Basculegion|Protect|p1a: Basculegion\n|-singleturn|p1a: Basculegion|Protect\n|move|p2b: Garchomp|Dragon Claw|p1a: Basculegion\n|-activate|p1a: Basculegion|move: Protect\n|move|p2a: Glimmora|Sludge Wave|p1a: Basculegion|[spread] p2b,p1b\n|-activate|p1a: Basculegion|move: Protect\n|-resisted|p2b: Garchomp|1\n|-supereffective|p1b: Sylveon|1\n|-damage|p2b: Garchomp|81/100\n|-damage|p1b: Sylveon|0 fnt\n|faint|p1b: Sylveon\n|\n|-weather|SunnyDay|[upkeep]\n|upkeep\n|turn|5\n|\n|t:|1788435459\n|move|p1a: Basculegion|Protect||[still]\n|-fail|p1a: Basculegion\n|move|p2b: Garchomp|Dragon Claw|p1a: Basculegion\n|-damage|p1a: Basculegion|0 fnt\n|faint|p1a: Basculegion\n|\n|win|Batatab\n|raw|Thornlace48812's rating: 1080 &rarr; <strong>1070</strong><br />(-10 for losing)\n|raw|Batatab's rating: 1288 &rarr; <strong>1300</strong><br />(+12 for winning)\n","uploadtime":1788435459,"views":"1","formatid":"gen9championsvgc2026regmb","rating":1070,"private":0,"password":null}