{"id":"gen9championsvgc2026regmbbo3-2674242427","format":"[Gen 9 Champions] VGC 2026 Reg M-B (Bo3)","players":["That_Leek","meiko41"],"log":"|j|☆That_Leek\n|j|☆meiko41\n|html|<table width=\"100%\"><tr><td align=\"left\">That_Leek</td><td align=\"right\">meiko41</tr><tr><td align=\"left\"><i class=\"fa fa-circle-o\"></i> <i class=\"fa fa-circle-o\"></i> </td><td align=\"right\"><i class=\"fa fa-circle-o\"></i> <i class=\"fa fa-circle-o\"></i> </tr></table>\n|uhtml|bestof|<h2><strong>Game 1</strong> of <a href=\"/game-bestof3-gen9championsvgc2026regmbbo3-2674242426\">a best-of-3</a></h2>\n|t:|1788321725\n|gametype|doubles\n|player|p1|That_Leek|blue-masters|1183\n|player|p2|meiko41|ingo|1185\n|gen|9\n|tier|[Gen 9 Champions] VGC 2026 Reg M-B (Bo3)\n|rated|\n|rule|Species Clause: Limit one of each Pokémon\n|rule|Item Clause: Limit 1 of each item\n|clearpoke\n|poke|p1|Raichu, L50, M|\n|poke|p1|Kingambit, L50, F|\n|poke|p1|Dragonite, L50, M|\n|poke|p1|Ninetales-Alola, L50, F|\n|poke|p1|Sylveon, L50, M|\n|poke|p1|Incineroar, L50, M|\n|poke|p2|Kingambit, L50, M|\n|poke|p2|Charizard, L50, M|\n|poke|p2|Aerodactyl, L50, M|\n|poke|p2|Farigiraf, L50, M|\n|poke|p2|Garchomp, L50, F|\n|poke|p2|Sylveon, L50, F|\n|teampreview|4\n|showteam|p1|Raichu||RaichuniteY|LightningRod|FakeOut,ZapCannon,FocusBlast,Protect|Timid||M|||50|]Kingambit||BlackGlasses|Defiant|KowtowCleave,SuckerPunch,Protect,SwordsDance|Adamant||F|||50|]Dragonite||LifeOrb|InnerFocus|DragonClaw,Tailwind,Superpower,Protect|Adamant||M|||50|]Ninetales-Alola||FocusSash|SnowWarning|Blizzard,IcyWind,Protect,FreezeDry|Timid||F|||50|]Sylveon||FairyFeather|Pixilate|HyperVoice,QuickAttack,CalmMind,Detect|Modest||M|||50|]Incineroar||LumBerry|Intimidate|FakeOut,FlareBlitz,PartingShot,ThroatChop|Impish||M|||50|\n|showteam|p2|Kingambit||FocusSash|Defiant|KowtowCleave,IronHead,SuckerPunch,LowKick|Adamant||M|||50|]Charizard||CharizarditeY|Blaze|HeatWave,SolarBeam,WeatherBall,Protect|Modest||M|||50|]Aerodactyl||Aerodactylite|Unnerve|RockSlide,DualWingbeat,IceFang,Tailwind|Jolly||M|||50|]Farigiraf||SitrusBerry|ArmorTail|Psychic,Thunderbolt,TrickRoom,Protect|Bold||M|||50|]Garchomp||LifeOrb|RoughSkin|Earthquake,DragonClaw,StompingTantrum,Protect|Jolly||F|||50|]Sylveon||FairyFeather|Pixilate|HyperVoice,HyperBeam,QuickAttack,Protect|Modest||F|||50|\n|c|☆meiko41|GL HF\n|c|☆That_Leek|u2\n|\n|t:|1788321798\n|teamsize|p1|4\n|teamsize|p2|4\n|start\n|switch|p1a: Sylveon|Sylveon, L50, M|100/100\n|switch|p1b: Raichu|Raichu, L50, M|100/100\n|switch|p2a: Aerodactyl|Aerodactyl, L50, M|100/100\n|switch|p2b: Kingambit|Kingambit, L50, M|100/100\n|-ability|p2a: Aerodactyl|Unnerve\n|turn|1\n|\n|t:|1788321863\n|detailschange|p2a: Aerodactyl|Aerodactyl-Mega, L50, M\n|-mega|p2a: Aerodactyl|Aerodactyl|Aerodactylite\n|detailschange|p1b: Raichu|Raichu-Mega-Y, L50, M\n|-mega|p1b: Raichu|Raichu|Raichunite Y\n|move|p2a: Aerodactyl|Rock Slide|p1b: Raichu|[spread] p1a,p1b\n|-damage|p1a: Sylveon|67/100\n|-damage|p1b: Raichu|51/100\n|move|p1b: Raichu|Zap Cannon|p2b: Kingambit\n|-damage|p2b: Kingambit|28/100\n|-status|p2b: Kingambit|par\n|move|p1a: Sylveon|Hyper Voice|p2b: Kingambit|[spread] p2a,p2b\n|-damage|p2a: Aerodactyl|53/100\n|-damage|p2b: Kingambit|0 fnt\n|faint|p2b: Kingambit\n|\n|upkeep\n|\n|t:|1788321879\n|switch|p2b: Sylveon|Sylveon, L50, F|100/100\n|turn|2\n|\n|t:|1788321896\n|move|p1a: Sylveon|Detect|p1a: Sylveon\n|-singleturn|p1a: Sylveon|Protect\n|move|p2a: Aerodactyl|Tailwind|p2a: Aerodactyl\n|-sidestart|p2: meiko41|move: Tailwind\n|move|p1b: Raichu|Zap Cannon|p2a: Aerodactyl\n|-supereffective|p2a: Aerodactyl|1\n|-damage|p2a: Aerodactyl|0 fnt\n|faint|p2a: Aerodactyl\n|move|p2b: Sylveon|Hyper Voice|p1a: Sylveon|[spread] p1b\n|-activate|p1a: Sylveon|move: Protect\n|-damage|p1b: Raichu|0 fnt\n|faint|p1b: Raichu\n|\n|upkeep\n|\n|t:|1788321908\n|switch|p2a: Garchomp|Garchomp, L50, F|100/100\n|switch|p1b: Kingambit|Kingambit, L50, F|100/100\n|turn|3\n|\n|t:|1788321943\n|switch|p1b: Dragonite|Dragonite, L50, M|100/100\n|move|p2a: Garchomp|Protect|p2a: Garchomp\n|-singleturn|p2a: Garchomp|Protect\n|move|p2b: Sylveon|Hyper Voice|p1a: Sylveon|[spread] p1a,p1b\n|-supereffective|p1b: Dragonite|1\n|-damage|p1a: Sylveon|25/100\n|-damage|p1b: Dragonite|6/100\n|move|p1a: Sylveon|Hyper Voice|p2b: Sylveon|[spread] p2b\n|-activate|p2a: Garchomp|move: Protect\n|-damage|p2b: Sylveon|60/100\n|\n|upkeep\n|turn|4\n|\n|t:|1788321982\n|move|p1a: Sylveon|Detect|p1a: Sylveon\n|-singleturn|p1a: Sylveon|Protect\n|move|p2a: Garchomp|Dragon Claw|p1b: Dragonite\n|-supereffective|p1b: Dragonite|1\n|-crit|p1b: Dragonite\n|-damage|p1b: Dragonite|0 fnt\n|faint|p1b: Dragonite\n|-damage|p2a: Garchomp|90/100|[from] item: Life Orb\n|move|p2b: Sylveon|Hyper Voice|p1a: Sylveon\n|-activate|p1a: Sylveon|move: Protect\n|\n|upkeep\n|\n|t:|1788321986\n|switch|p1b: Kingambit|Kingambit, L50, F|100/100\n|turn|5\n|\n|t:|1788321999\n|move|p2b: Sylveon|Protect|p2b: Sylveon\n|-singleturn|p2b: Sylveon|Protect\n|move|p1a: Sylveon|Detect||[still]\n|-fail|p1a: Sylveon\n|move|p2a: Garchomp|Earthquake|p1a: Sylveon|[spread] p1a,p1b\n|-activate|p2b: Sylveon|move: Protect\n|-supereffective|p1b: Kingambit|1\n|-damage|p1a: Sylveon|0 fnt\n|-damage|p1b: Kingambit|27/100\n|faint|p1a: Sylveon\n|-damage|p2a: Garchomp|80/100|[from] item: Life Orb\n|move|p1b: Kingambit|Kowtow Cleave|p2a: Garchomp\n|-damage|p2a: Garchomp|18/100\n|-damage|p1b: Kingambit|14/100|[from] ability: Rough Skin|[of] p2a: Garchomp\n|\n|-sideend|p2: meiko41|move: Tailwind\n|upkeep\n|turn|6\n|-message|That_Leek forfeited.\n|\n|win|meiko41\n|l|☆That_Leek\n|player|p1|\n||That_Leek is ready for game 2.\n||meiko41 is ready for game 2.\n|uhtml|next|Next: <a href=\"/battle-gen9championsvgc2026regmbbo3-2674243818\"><strong>Game 2 of 3</strong></a>\n","uploadtime":1788322253,"views":"1","formatid":"gen9championsvgc2026regmbbo3","rating":null,"private":0,"password":null}