{"id":"gen9championsvgc2026regmb-2674837782","format":"[Gen 9 Champions] VGC 2026 Reg M-B","players":["Hawkc10ie","tomcheung22"],"log":"|j|☆Hawkc10ie\n|j|☆tomcheung22\n|t:|1788417882\n|gametype|doubles\n|player|p1|Hawkc10ie|169|\n|player|p2|tomcheung22|lady|\n|gen|9\n|tier|[Gen 9 Champions] VGC 2026 Reg M-B\n|rated|Tournament battle\n|rule|Species Clause: Limit one of each Pokémon\n|rule|Item Clause: Limit 1 of each item\n|raw|<div class=\"infobox\"><details class=\"readmore\" open><summary><strong>1 custom rule:</strong></summary> Force Open Team Sheets</details></div>\n|clearpoke\n|poke|p1|Froslass, L50, F|\n|poke|p1|Scovillain, L50, M, shiny|\n|poke|p1|Basculegion, L50, M|\n|poke|p1|Kingambit, L50, F|\n|poke|p1|Sneasler, L50, M|\n|poke|p1|Lycanroc-Dusk, L50, F|\n|poke|p2|Gengar, L50, M|\n|poke|p2|Incineroar, L50, M|\n|poke|p2|Politoed, L50, F|\n|poke|p2|Archaludon, L50, M|\n|poke|p2|Vivillon, L50, M|\n|poke|p2|Swampert, L50, F|\n|teampreview|4\n|showteam|p1|Froslass||Froslassite|CursedBody|Blizzard,ShadowBall,AuroraVeil,Protect|Timid||F|||50|]Scovillain||Scovillainite|Moody|GigaDrain,Overheat,RagePowder,Protect|Bold||M|||50|]Basculegion||LifeOrb|Adaptability|WaveCrash,LastRespects,AquaJet,Protect|Adamant||M|||50|]Kingambit||BlackGlasses|Defiant|KowtowCleave,SuckerPunch,SwordsDance,Protect|Adamant||F|||50|]Sneasler||WhiteHerb|Unburden|CloseCombat,GunkShot,Protect,FakeOut|Adamant||M|||50|]Lycanroc-Dusk||FocusSash|ToughClaws|CloseCombat,Accelerock,RockSlide,Protect|Adamant||F|||50|\n|showteam|p2|Gengar||Gengarite|CursedBody|ShadowBall,SludgeBomb,PerishSong,Protect|Timid||M|||50|]Incineroar||PasshoBerry|Intimidate|DarkestLariat,PartingShot,FakeOut,Protect|Sassy||M|||50|]Politoed||SitrusBerry|Drizzle|WeatherBall,PerishSong,Encore,Protect|Calm||F|||50|]Archaludon||ShucaBerry|Stamina|FlashCannon,DracoMeteor,ElectroShot,Protect|Modest||M|||50|]Vivillon||FocusSash|CompoundEyes|Hurricane,SleepPowder,RagePowder,Protect|Timid||M|||50|]Swampert||Swampertite|Torrent|WaveCrash,Earthquake,IcePunch,Protect|Adamant||F|||50|\n|\n|t:|1788417912\n|teamsize|p1|4\n|teamsize|p2|4\n|start\n|switch|p1a: Kingambit|Kingambit, L50, F|100/100\n|switch|p1b: Lycanroc|Lycanroc-Dusk, L50, F|100/100\n|switch|p2a: Vivillon|Vivillon, L50, M|100/100\n|switch|p2b: Swampert|Swampert, L50, F|100/100\n|turn|1\n|\n|t:|1788417924\n|move|p1a: Kingambit|Protect|p1a: Kingambit\n|-singleturn|p1a: Kingambit|Protect\n|move|p1b: Lycanroc|Rock Slide|p2a: Vivillon|[spread] p2a,p2b\n|-supereffective|p2a: Vivillon|2\n|-resisted|p2b: Swampert|1\n|-enditem|p2a: Vivillon|Focus Sash\n|-damage|p2a: Vivillon|1/100\n|-damage|p2b: Swampert|84/100\n|move|p2a: Vivillon|Sleep Powder|p1a: Kingambit\n|-activate|p1a: Kingambit|move: Protect\n|move|p2b: Swampert|Earthquake|p1a: Kingambit|[spread] p1b\n|-activate|p1a: Kingambit|move: Protect\n|-immune|p2a: Vivillon\n|-supereffective|p1b: Lycanroc|1\n|-enditem|p1b: Lycanroc|Focus Sash\n|-damage|p1b: Lycanroc|1/100\n|\n|upkeep\n|turn|2\n|\n|t:|1788417940\n|detailschange|p2b: Swampert|Swampert-Mega, L50, F\n|-mega|p2b: Swampert|Swampert|Swampertite\n|move|p1a: Kingambit|Sucker Punch|p2b: Swampert\n|-damage|p2b: Swampert|40/100\n|move|p1b: Lycanroc|Rock Slide|p2a: Vivillon|[spread] p2a,p2b\n|-supereffective|p2a: Vivillon|2\n|-resisted|p2b: Swampert|1\n|-damage|p2a: Vivillon|0 fnt\n|-damage|p2b: Swampert|27/100\n|faint|p2a: Vivillon\n|cant|p2b: Swampert|flinch\n|\n|upkeep\n|j| Yache Burberry\n|j| WestVirginiaWoolf\n|\n|t:|1788417955\n|switch|p2a: Politoed|Politoed, L50, F|100/100\n|-weather|RainDance|[from] ability: Drizzle|[of] p2a: Politoed\n|turn|3\n|l| Yache Burberry\n|\n|t:|1788417968\n|switch|p2b: Archaludon|Archaludon, L50, M|100/100\n|move|p1a: Kingambit|Sucker Punch||[still]\n|-fail|p1a: Kingambit\n|move|p1b: Lycanroc|Close Combat|p2a: Politoed\n|-damage|p2a: Politoed|48/100\n|-unboost|p1b: Lycanroc|def|1\n|-unboost|p1b: Lycanroc|spd|1\n|-enditem|p2a: Politoed|Sitrus Berry|[eat]\n|-heal|p2a: Politoed|73/100|[from] item: Sitrus Berry\n|move|p2a: Politoed|Weather Ball|p1b: Lycanroc\n|-supereffective|p1b: Lycanroc|1\n|-damage|p1b: Lycanroc|0 fnt\n|faint|p1b: Lycanroc\n|\n|-weather|RainDance|[upkeep]\n|upkeep\n|\n|t:|1788417979\n|switch|p1b: Froslass|Froslass, L50, F|100/100\n|turn|4\n|\n|t:|1788417985\n|switch|p2a: Swampert|Swampert-Mega, L50, F|27/100\n|detailschange|p1b: Froslass|Froslass-Mega, L50, F\n|-mega|p1b: Froslass|Froslass|Froslassite\n|-weather|Snowscape|[from] ability: Snow Warning|[of] p1b: Froslass\n|move|p1b: Froslass|Blizzard|p2a: Swampert|[spread] p2a,p2b\n|-damage|p2a: Swampert|0 fnt\n|-damage|p2b: Archaludon|60/100\n|-ability|p2b: Archaludon|Stamina|boost\n|-boost|p2b: Archaludon|def|1\n|faint|p2a: Swampert\n|move|p2b: Archaludon|Flash Cannon|p1b: Froslass\n|-supereffective|p1b: Froslass|1\n|-damage|p1b: Froslass|18/100\n|move|p1a: Kingambit|Swords Dance|p1a: Kingambit\n|-boost|p1a: Kingambit|atk|2\n|\n|-weather|Snowscape|[upkeep]\n|upkeep\n|j| robinmuister\n|\n|t:|1788418003\n|switch|p2a: Politoed|Politoed, L50, F|73/100\n|-weather|RainDance|[from] ability: Drizzle|[of] p2a: Politoed\n|turn|5\n|\n|t:|1788418007\n|move|p1a: Kingambit|Sucker Punch|p2b: Archaludon\n|-damage|p2b: Archaludon|9/100\n|-ability|p2b: Archaludon|Stamina|boost\n|-boost|p2b: Archaludon|def|1\n|move|p1b: Froslass|Shadow Ball|p2a: Politoed\n|-crit|p2a: Politoed\n|-damage|p2a: Politoed|20/100y\n|move|p2b: Archaludon|Flash Cannon|p1b: Froslass\n|-supereffective|p1b: Froslass|1\n|-damage|p1b: Froslass|0 fnt\n|faint|p1b: Froslass\n|move|p2a: Politoed|Encore|p1a: Kingambit\n|-start|p1a: Kingambit|Encore\n|\n|-weather|RainDance|[upkeep]\n|upkeep\n|\n|t:|1788418015\n|switch|p1b: Basculegion|Basculegion, L50, M|100/100\n|turn|6\n|-message|tomcheung22 forfeited.\n|\n|win|Hawkc10ie\n|n|☆Hawkc10ie|hawkc10ie\n|n|☆tomcheung22|tomcheung22\n|n| WestVirginiaWoolf|westvirginiawoolf\n|n| robinmuister|robinmuister\n","uploadtime":1788418026,"views":"8","formatid":"gen9championsvgc2026regmb","rating":null,"private":0,"password":null}