{"id":"gen9championsvgc2026regmbbo3-2673973941","format":"[Gen 9 Champions] VGC 2026 Reg M-B (Bo3)","players":["Fraudette","platinumflare"],"log":"|j|☆Fraudette\n|j|☆platinumflare\n|html|<table width=\"100%\"><tr><td align=\"left\">Fraudette</td><td align=\"right\">platinumflare</tr><tr><td align=\"left\"><i class=\"fa fa-circle-o\"></i> <i class=\"fa fa-circle-o\"></i> </td><td align=\"right\"><i class=\"fa fa-circle-o\"></i> <i class=\"fa fa-circle-o\"></i> </tr></table>\n|uhtml|bestof|<h2><strong>Game 1</strong> of <a href=\"/game-bestof3-gen9championsvgc2026regmbbo3-2673973940\">a best-of-3</a></h2>\n|t:|1788283635\n|gametype|doubles\n|player|p1|Fraudette|1|1291\n|player|p2|platinumflare|lance|1305\n|gen|9\n|tier|[Gen 9 Champions] VGC 2026 Reg M-B (Bo3)\n|rated|\n|rule|Species Clause: Limit one of each Pokémon\n|rule|Item Clause: Limit 1 of each item\n|clearpoke\n|poke|p1|Whimsicott, L50, M, shiny|\n|poke|p1|Garchomp, L50, M, shiny|\n|poke|p1|Basculegion, L50, M|\n|poke|p1|Charizard, L50, M, shiny|\n|poke|p1|Floette-Eternal, L50, F|\n|poke|p1|Kingambit, L50, M, shiny|\n|poke|p2|Blaziken, L50, M|\n|poke|p2|Meowscarada, L50, F|\n|poke|p2|Kingambit, L50, F|\n|poke|p2|Whimsicott, L50, M|\n|poke|p2|Floette-Eternal, L50, F|\n|poke|p2|Farigiraf, L50, F|\n|teampreview|4\n|showteam|p1|Whimsicott||FocusSash|Prankster|Protect,Tailwind,Encore,Moonblast|Timid||M|||50|]Garchomp||SitrusBerry|RoughSkin|Protect,RockSlide,Earthquake,DragonClaw|Adamant||M|||50|]Basculegion||LifeOrb|Adaptability|Protect,WaveCrash,LastRespects,AquaJet|Adamant||M|||50|]Charizard||CharizarditeY|SolarPower|Protect,HeatWave,WeatherBall,SolarBeam|Modest||M|||50|]Floette-Eternal||Floettite|FlowerVeil|Protect,LightofRuin,DazzlingGleam,Moonblast|Modest||F|||50|]Kingambit||ChopleBerry|Defiant|LowKick,SuckerPunch,KowtowCleave,IronHead|Adamant||M|||50|\n|showteam|p2|Blaziken||Blazikenite|SpeedBoost|FlareBlitz,CloseCombat,RockSlide,Protect|Adamant||M|||50|]Meowscarada||ChoiceScarf|Protean|FlowerTrick,TripleAxel,KnockOff,Uturn|Adamant||F|||50|]Kingambit||LifeOrb|Defiant|KowtowCleave,LowKick,SuckerPunch,Protect|Adamant||F|||50|]Whimsicott||FocusSash|Prankster|Moonblast,Tailwind,Encore,Protect|Modest||M|||50|]Floette-Eternal||Floettite|FlowerVeil|DazzlingGleam,Moonblast,LightofRuin,Protect|Modest||F|||50|]Farigiraf||SitrusBerry|ArmorTail|TrickRoom,Imprison,Psychic,HyperVoice|Modest||F|||50|\n|inactive|Battle timer is ON: inactive players will automatically lose when time's up. (requested by platinumflare)\n|inactive|Fraudette has 60 seconds left.\n|inactive|platinumflare has 60 seconds left.\n|inactive|Fraudette has 30 seconds left.\n|inactive|Fraudette has 20 seconds left.\n|inactive|Fraudette has 15 seconds left.\n|inactive|Fraudette has 10 seconds left.\n|inactive|Fraudette has 5 seconds left.\n|\n|t:|1788283724\n|teamsize|p1|4\n|teamsize|p2|4\n|start\n|switch|p1a: Floette|Floette-Eternal, L50, F|100/100\n|switch|p1b: Kingambit|Kingambit, L50, M, shiny|100/100\n|switch|p2a: Blaziken|Blaziken, L50, M|100/100\n|switch|p2b: Meowscarada|Meowscarada, L50, F|100/100\n|turn|1\n|\n|t:|1788283746\n|switch|p1b: Basculegion|Basculegion, L50, M|100/100\n|detailschange|p1a: Floette|Floette-Mega, L50, F\n|-mega|p1a: Floette|Floette|Floettite\n|-ability|p1a: Floette|Fairy Aura\n|detailschange|p2a: Blaziken|Blaziken-Mega, L50, M\n|-mega|p2a: Blaziken|Blaziken|Blazikenite\n|move|p2b: Meowscarada|Triple Axel|p1a: Floette\n|-start|p2b: Meowscarada|typechange|Ice|[from] ability: Protean\n|-damage|p1a: Floette|84/100\n|-damage|p1a: Floette|60/100\n|-damage|p1a: Floette|19/100\n|-hitcount|p1a: Floette|3\n|move|p1a: Floette|Dazzling Gleam|p2b: Meowscarada|[spread] p2a,p2b\n|-damage|p2a: Blaziken|32/100\n|-damage|p2b: Meowscarada|15/100\n|move|p2a: Blaziken|Rock Slide|p1b: Basculegion|[spread] p1a\n|-miss|p2a: Blaziken|p1b: Basculegion\n|-crit|p1a: Floette\n|-damage|p1a: Floette|0 fnt\n|faint|p1a: Floette\n|\n|-ability|p2a: Blaziken|Speed Boost|boost\n|-boost|p2a: Blaziken|spe|1\n|upkeep\n|\n|t:|1788283768\n|switch|p1a: Kingambit|Kingambit, L50, M, shiny|100/100\n|turn|2\n|inactive|Fraudette has 30 seconds left.\n|\n|t:|1788283796\n|switch|p2b: Farigiraf|Farigiraf, L50, F|100/100\n|switch|p1a: Garchomp|Garchomp, L50, M, shiny|100/100\n|move|p2a: Blaziken|Close Combat|p1a: Garchomp\n|-damage|p1a: Garchomp|35/100\n|-unboost|p2a: Blaziken|def|1\n|-unboost|p2a: Blaziken|spd|1\n|-damage|p2a: Blaziken|20/100y|[from] ability: Rough Skin|[of] p1a: Garchomp\n|-enditem|p1a: Garchomp|Sitrus Berry|[eat]\n|-heal|p1a: Garchomp|60/100|[from] item: Sitrus Berry\n|move|p1b: Basculegion|Wave Crash|p2a: Blaziken\n|-supereffective|p2a: Blaziken|1\n|-damage|p2a: Blaziken|0 fnt\n|faint|p2a: Blaziken\n|-damage|p1b: Basculegion|94/100|[from] Recoil\n|-damage|p1b: Basculegion|84/100|[from] item: Life Orb\n|\n|upkeep\n|\n|t:|1788283808\n|switch|p2a: Meowscarada|Meowscarada, L50, F|15/100\n|turn|3\n|\n|t:|1788283828\n|move|p1a: Garchomp|Protect|p1a: Garchomp\n|-singleturn|p1a: Garchomp|Protect\n|move|p1b: Basculegion|Protect|p1b: Basculegion\n|-singleturn|p1b: Basculegion|Protect\n|move|p2a: Meowscarada|Flower Trick|p1a: Garchomp\n|-start|p2a: Meowscarada|typechange|Grass|[from] ability: Protean\n|-activate|p1a: Garchomp|move: Protect\n|move|p2b: Farigiraf|Psychic|p1a: Garchomp\n|-activate|p1a: Garchomp|move: Protect\n|\n|upkeep\n|turn|4\n|inactive|Fraudette has 30 seconds left.\n|\n|t:|1788283862\n|switch|p1b: Kingambit|Kingambit, L50, M, shiny|100/100\n|move|p2a: Meowscarada|Flower Trick|p1b: Kingambit\n|-resisted|p1b: Kingambit|1\n|-crit|p1b: Kingambit\n|-damage|p1b: Kingambit|78/100\n|move|p1a: Garchomp|Dragon Claw|p2a: Meowscarada\n|-damage|p2a: Meowscarada|0 fnt\n|faint|p2a: Meowscarada\n|move|p2b: Farigiraf|Psychic|p1a: Garchomp\n|-damage|p1a: Garchomp|14/100\n|-unboost|p1a: Garchomp|spd|1\n|\n|upkeep\n|\n|t:|1788283865\n|switch|p2a: Whimsicott|Whimsicott, L50, M|100/100\n|turn|5\n|\n|t:|1788283886\n|move|p2a: Whimsicott|Moonblast|p1b: Kingambit\n|-damage|p1b: Kingambit|47/100\n|-unboost|p1b: Kingambit|spa|1\n|-ability|p1b: Kingambit|Defiant|boost\n|-boost|p1b: Kingambit|atk|2\n|move|p1a: Garchomp|Rock Slide|p2a: Whimsicott|[spread] p2a,p2b\n|-damage|p2a: Whimsicott|71/100\n|-damage|p2b: Farigiraf|81/100\n|cant|p2b: Farigiraf|flinch\n|move|p1b: Kingambit|Iron Head|p2a: Whimsicott\n|-supereffective|p2a: Whimsicott|1\n|-damage|p2a: Whimsicott|0 fnt\n|faint|p2a: Whimsicott\n|\n|upkeep\n|turn|6\n|\n|t:|1788283903\n|move|p1a: Garchomp|Dragon Claw|p2b: Farigiraf\n|-damage|p2b: Farigiraf|37/100\n|-enditem|p2b: Farigiraf|Sitrus Berry|[eat]\n|-heal|p2b: Farigiraf|61/100|[from] item: Sitrus Berry\n|move|p2b: Farigiraf|Hyper Voice|p1b: Kingambit|[spread] p1a,p1b\n|-resisted|p1b: Kingambit|1\n|-damage|p1a: Garchomp|0 fnt\n|-damage|p1b: Kingambit|32/100\n|faint|p1a: Garchomp\n|move|p1b: Kingambit|Kowtow Cleave|p2b: Farigiraf\n|-supereffective|p2b: Farigiraf|1\n|-damage|p2b: Farigiraf|0 fnt\n|faint|p2b: Farigiraf\n|\n|win|Fraudette\n||platinumflare is ready for game 2.\n|inactive|Fraudette has 30 seconds to confirm battle start!\n||Fraudette is ready for game 2.\n|uhtml|next|Next: <a href=\"/battle-gen9championsvgc2026regmbbo3-2673976303\"><strong>Game 2 of 3</strong></a>\n","uploadtime":1788284094,"views":"0","formatid":"gen9championsvgc2026regmbbo3","rating":null,"private":0,"password":null}