{"id":"gen9championsvgc2026regmb-2673881272","format":"[Gen 9 Champions] VGC 2026 Reg M-B","players":["notbloodmask","Potatolodge"],"log":"|j|☆notbloodmask\n|j|☆Potatolodge\n|t:|1788272475\n|gametype|doubles\n|player|p1|notbloodmask|unknown|1144\n|player|p2|Potatolodge|266|1140\n|gen|9\n|tier|[Gen 9 Champions] VGC 2026 Reg M-B\n|rated|\n|rule|Species Clause: Limit one of each Pokémon\n|rule|Item Clause: Limit 1 of each item\n|clearpoke\n|poke|p1|Absol, L50, M|\n|poke|p1|Rotom-Wash, L50|\n|poke|p1|Garchomp, L50, F|\n|poke|p1|Incineroar, L50, M|\n|poke|p1|Sinistcha, L50|\n|poke|p1|Venusaur, L50, M|\n|poke|p2|Kangaskhan, L50, F|\n|poke|p2|Whimsicott, L50, F|\n|poke|p2|Scizor, L50, F|\n|poke|p2|Samurott-Hisui, L50, M|\n|poke|p2|Aegislash, L50, M|\n|poke|p2|Hydrapple, L50, F|\n|teampreview|4\n|\n|t:|1788272496\n|teamsize|p1|4\n|teamsize|p2|4\n|start\n|switch|p1a: Absol|Absol, L50, M|100/100\n|switch|p1b: Incineroar|Incineroar, L50, M|100/100\n|switch|p2a: Kangaskhan|Kangaskhan, L50, F|100/100\n|switch|p2b: Whimsicott|Whimsicott, L50, F|100/100\n|-ability|p1a: Absol|Pressure\n|-ability|p1b: Incineroar|Intimidate|boost\n|-fail|p2a: Kangaskhan|unboost|Attack|[from] ability: Inner Focus|[of] p2a: Kangaskhan\n|-unboost|p2b: Whimsicott|atk|1\n|turn|1\n|\n|t:|1788272515\n|detailschange|p2a: Kangaskhan|Kangaskhan-Mega, L50, F\n|-mega|p2a: Kangaskhan|Kangaskhan|Kangaskhanite\n|detailschange|p1a: Absol|Absol-Mega, L50, M\n|-mega|p1a: Absol|Absol|Absolite\n|move|p1b: Incineroar|Fake Out|p2b: Whimsicott\n|-damage|p2b: Whimsicott|85/100\n|cant|p2b: Whimsicott|flinch\n|move|p1a: Absol|Close Combat|p2a: Kangaskhan\n|-supereffective|p2a: Kangaskhan|1\n|-damage|p2a: Kangaskhan|3/100\n|-unboost|p1a: Absol|def|1\n|-unboost|p1a: Absol|spd|1\n|move|p2a: Kangaskhan|Rock Slide|p1a: Absol|[spread] p1a,p1b\n|-supereffective|p1b: Incineroar|1\n|-damage|p1a: Absol|47/100\n|-damage|p1b: Incineroar|64/100\n|\n|upkeep\n|turn|2\n|\n|t:|1788272545\n|switch|p1b: Garchomp|Garchomp, L50, F|100/100\n|move|p1a: Absol|Sucker Punch|p2a: Kangaskhan\n|-damage|p2a: Kangaskhan|0 fnt\n|faint|p2a: Kangaskhan\n|move|p2b: Whimsicott|Tailwind|p2b: Whimsicott\n|-sidestart|p2: Potatolodge|move: Tailwind\n|\n|upkeep\n|\n|t:|1788272556\n|switch|p2a: Hydrapple|Hydrapple, L50, F|100/100\n|turn|3\n|inactive|Battle timer is ON: inactive players will automatically lose when time's up. (requested by Potatolodge)\n|\n|t:|1788272569\n|switch|p1a: Rotom|Rotom-Wash, L50|100/100\n|move|p2b: Whimsicott|Moonblast|p1a: Rotom\n|-damage|p1a: Rotom|52/100\n|move|p1b: Garchomp|Dragon Claw|p2a: Hydrapple\n|-supereffective|p2a: Hydrapple|1\n|-damage|p2a: Hydrapple|19/100\n|-damage|p1b: Garchomp|90/100|[from] item: Life Orb\n|move|p2a: Hydrapple|Fickle Beam|p1b: Garchomp\n|-supereffective|p1b: Garchomp|1\n|-damage|p1b: Garchomp|0 fnt\n|faint|p1b: Garchomp\n|\n|upkeep\n|\n|t:|1788272585\n|switch|p1b: Absol|Absol-Mega, L50, M|47/100\n|turn|4\n|\n|t:|1788272601\n|-heal|p2a: Hydrapple|52/100|[from] ability: Regenerator|[silent]\n|switch|p2a: Aegislash|Aegislash, L50, M|100/100\n|move|p1a: Rotom|Protect|p1a: Rotom\n|-singleturn|p1a: Rotom|Protect\n|move|p1b: Absol|Sucker Punch||[still]\n|-fail|p1b: Absol\n|move|p2b: Whimsicott|Moonblast|p1b: Absol\n|-supereffective|p1b: Absol|1\n|-damage|p1b: Absol|0 fnt\n|faint|p1b: Absol\n|\n|upkeep\n|\n|t:|1788272613\n|switch|p1b: Incineroar|Incineroar, L50, M|64/100\n|-ability|p1b: Incineroar|Intimidate|boost\n|-unboost|p2a: Aegislash|atk|1\n|-unboost|p2b: Whimsicott|atk|1\n|turn|5\n|\n|t:|1788272628\n|move|p2b: Whimsicott|Moonblast|p1b: Incineroar\n|-damage|p1b: Incineroar|31/100\n|-unboost|p1b: Incineroar|spa|1\n|-formechange|p2a: Aegislash|Aegislash-Blade|\n|move|p2a: Aegislash|Poltergeist|p1a: Rotom\n|-activate|p1a: Rotom|move: Poltergeist|Sitrus Berry\n|-damage|p1a: Rotom|0 fnt\n|faint|p1a: Rotom\n|-damage|p2a: Aegislash|90/100|[from] item: Life Orb\n|move|p1b: Incineroar|Flare Blitz|p2b: Whimsicott\n|-supereffective|p2b: Whimsicott|1\n|-damage|p2b: Whimsicott|0 fnt\n|faint|p2b: Whimsicott\n|-damage|p1b: Incineroar|6/100|[from] Recoil\n|\n|-sideend|p2: Potatolodge|move: Tailwind\n|upkeep\n|\n|t:|1788272646\n|switch|p2b: Hydrapple|Hydrapple, L50, F|52/100\n|turn|6\n|\n|t:|1788272653\n|move|p2a: Aegislash|Shadow Sneak|p1b: Incineroar\n|-resisted|p1b: Incineroar|1\n|-damage|p1b: Incineroar|0 fnt\n|faint|p1b: Incineroar\n|-damage|p2a: Aegislash|80/100|[from] item: Life Orb\n|\n|win|Potatolodge\n|raw|notbloodmask's rating: 1144 &rarr; <strong>1119</strong><br />(-25 for losing)\n|raw|Potatolodge's rating: 1140 &rarr; <strong>1165</strong><br />(+25 for winning)\n","uploadtime":1788272658,"views":"0","formatid":"gen9championsvgc2026regmb","rating":1119,"private":0,"password":null}