{"id":"gen9championsvgc2026regmb-2674265018","format":"[Gen 9 Champions] VGC 2026 Reg M-B","players":["chikito2447","willhoop"],"log":"|j|☆chikito2447\n|j|☆willhoop\n|t:|1788326714\n|gametype|doubles\n|player|p1|chikito2447|sage|1266\n|player|p2|willhoop|crasherwake|1400\n|gen|9\n|tier|[Gen 9 Champions] VGC 2026 Reg M-B\n|rated|\n|rule|Species Clause: Limit one of each Pokémon\n|rule|Item Clause: Limit 1 of each item\n|clearpoke\n|poke|p1|Raichu, L50, M|\n|poke|p1|Incineroar, L50, M|\n|poke|p1|Kingambit, L50, M|\n|poke|p1|Sylveon, L50, F|\n|poke|p1|Staraptor, L50, M|\n|poke|p1|Whimsicott, L50, F|\n|poke|p2|Charizard, L50, M|\n|poke|p2|Whimsicott, L50, F|\n|poke|p2|Sneasler, L50, M|\n|poke|p2|Venusaur, L50, F|\n|poke|p2|Swampert, L50, M|\n|poke|p2|Gholdengo, L50|\n|teampreview|4\n|inactive|Battle timer is ON: inactive players will automatically lose when time's up. (requested by willhoop)\n|inactive|willhoop has 60 seconds left.\n|inactive|willhoop has 30 seconds left.\n|\n|t:|1788326776\n|teamsize|p1|4\n|teamsize|p2|4\n|start\n|switch|p1a: Staraptor|Staraptor, L50, M|100/100\n|switch|p1b: Whimsicott|Whimsicott, L50, F|100/100\n|switch|p2a: Charizard|Charizard, L50, M|100/100\n|switch|p2b: Venusaur|Venusaur, L50, F|100/100\n|-ability|p1a: Staraptor|Intimidate|boost\n|-unboost|p2a: Charizard|atk|1\n|-unboost|p2b: Venusaur|atk|1\n|turn|1\n|inactive|chikito2447 has 30 seconds left.\n|\n|t:|1788326804\n|detailschange|p1a: Staraptor|Staraptor-Mega, L50, M\n|-mega|p1a: Staraptor|Staraptor|Staraptite\n|detailschange|p2a: Charizard|Charizard-Mega-Y, L50, M\n|-mega|p2a: Charizard|Charizard|Charizardite Y\n|-weather|SunnyDay|[from] ability: Drought|[of] p2a: Charizard\n|move|p1b: Whimsicott|Tailwind|p1b: Whimsicott\n|-sidestart|p1: chikito2447|move: Tailwind\n|move|p1a: Staraptor|Brave Bird|p2b: Venusaur\n|-supereffective|p2b: Venusaur|1\n|-damage|p2b: Venusaur|0 fnt\n|faint|p2b: Venusaur\n|-damage|p1a: Staraptor|67/100|[from] Recoil\n|move|p2a: Charizard|Heat Wave|p1b: Whimsicott|[spread] p1a,p1b\n|-supereffective|p1b: Whimsicott|1\n|-damage|p1a: Staraptor|0 fnt\n|-enditem|p1b: Whimsicott|Focus Sash\n|-damage|p1b: Whimsicott|1/100\n|faint|p1a: Staraptor\n|\n|-weather|SunnyDay|[upkeep]\n|upkeep\n|\n|t:|1788326826\n|switch|p1a: Sylveon|Sylveon, L50, F|100/100\n|switch|p2b: Sneasler|Sneasler, L50, M|100/100\n|turn|2\n|inactive|chikito2447 has 30 seconds left.\n|\n|t:|1788326863\n|move|p1a: Sylveon|Protect|p1a: Sylveon\n|-singleturn|p1a: Sylveon|Protect\n|move|p2b: Sneasler|Fake Out|p1a: Sylveon\n|-activate|p1a: Sylveon|move: Protect\n|move|p1b: Whimsicott|Moonblast|p2b: Sneasler\n|-damage|p2b: Sneasler|57/100\n|move|p2a: Charizard|Weather Ball|p1a: Sylveon\n|-activate|p1a: Sylveon|move: Protect\n|\n|-weather|SunnyDay|[upkeep]\n|upkeep\n|turn|3\n|inactive|chikito2447 has 30 seconds left.\n|\n|t:|1788326895\n|move|p2b: Sneasler|Protect|p2b: Sneasler\n|-singleturn|p2b: Sneasler|Protect\n|move|p1b: Whimsicott|Moonblast|p2b: Sneasler\n|-activate|p2b: Sneasler|move: Protect\n|move|p1a: Sylveon|Hyper Beam|p2a: Charizard\n|-resisted|p2a: Charizard|1\n|-damage|p2a: Charizard|40/100\n|-mustrecharge|p1a: Sylveon\n|move|p2a: Charizard|Heat Wave|p1a: Sylveon|[spread] p1a,p1b\n|-supereffective|p1b: Whimsicott|1\n|-damage|p1a: Sylveon|46/100\n|-damage|p1b: Whimsicott|0 fnt\n|-status|p1a: Sylveon|brn\n|faint|p1b: Whimsicott\n|\n|-weather|SunnyDay|[upkeep]\n|-damage|p1a: Sylveon|40/100 brn|[from] brn\n|upkeep\n|\n|t:|1788326906\n|switch|p1b: Incineroar|Incineroar, L50, M|100/100\n|-ability|p1b: Incineroar|Intimidate|boost\n|-unboost|p2a: Charizard|atk|1\n|-unboost|p2b: Sneasler|atk|1\n|-enditem|p2b: Sneasler|White Herb\n|-clearnegativeboost|p2b: Sneasler|[silent]\n|turn|4\n|\n|t:|1788326915\n|move|p2b: Sneasler|Dire Claw|p1a: Sylveon\n|-supereffective|p1a: Sylveon|1\n|-damage|p1a: Sylveon|0 fnt\n|faint|p1a: Sylveon\n|move|p1b: Incineroar|Darkest Lariat|p2a: Charizard\n|-damage|p2a: Charizard|0 fnt\n|faint|p2a: Charizard\n|\n|-weather|SunnyDay|[upkeep]\n|-sideend|p1: chikito2447|move: Tailwind\n|upkeep\n|\n|t:|1788326921\n|switch|p2a: Gholdengo|Gholdengo, L50|100/100\n|turn|5\n|inactive|willhoop has 30 seconds left.\n|\n|t:|1788326947\n|move|p2b: Sneasler|Close Combat|p1b: Incineroar\n|-supereffective|p1b: Incineroar|1\n|-damage|p1b: Incineroar|0 fnt\n|-unboost|p2b: Sneasler|def|1\n|-unboost|p2b: Sneasler|spd|1\n|faint|p1b: Incineroar\n|\n|win|willhoop\n|raw|chikito2447's rating: 1266 &rarr; <strong>1250</strong><br />(-16 for losing)\n|raw|willhoop's rating: 1400 &rarr; <strong>1413</strong><br />(+13 for winning)\n","uploadtime":1788326951,"views":"1","formatid":"gen9championsvgc2026regmb","rating":1250,"private":0,"password":null}