{"id":"gen9championsvgc2026regmb-2674791410","format":"[Gen 9 Champions] VGC 2026 Reg M-B","players":["ASapHerb","MPelton02"],"log":"|j|☆ASapHerb\n|j|☆MPelton02\n|html|<table width=\"100%\"><tr><td align=\"left\">ASapHerb</td><td align=\"right\">MPelton02</tr><tr><td align=\"left\"><i class=\"fa fa-circle\"></i> <i class=\"fa fa-circle-o\"></i> <i class=\"fa fa-circle-o\"></i> </td><td align=\"right\"><i class=\"fa fa-circle-o\"></i> <i class=\"fa fa-circle-o\"></i> <i class=\"fa fa-circle\"></i> </tr></table>\n|uhtml|bestof|<h2><strong>Game 3</strong> of <a href=\"/game-bestof5-gen9championsvgc2026regmb-2674786758\">a best-of-5</a></h2>\n|t:|1788407554\n|gametype|doubles\n|player|p1|ASapHerb|169|\n|player|p2|MPelton02|265|\n|gen|9\n|tier|[Gen 9 Champions] VGC 2026 Reg M-B\n|rule|Species Clause: Limit one of each Pokémon\n|rule|Item Clause: Limit 1 of each item\n|raw|<div class=\"infobox\"><details class=\"readmore\" open><summary><strong>1 custom rule:</strong></summary> Best of = 5</details></div>\n|clearpoke\n|poke|p1|Blaziken, L50, M|\n|poke|p1|Froslass, L50, F|\n|poke|p1|Dragonite, L50, F|\n|poke|p1|Sneasler, L50, F, shiny|\n|poke|p1|Kingambit, L50, F|\n|poke|p1|Toxapex, L50, F|\n|poke|p2|Raichu, L50, M, shiny|\n|poke|p2|Pelipper, L50, F|\n|poke|p2|Swampert, L50, M|\n|poke|p2|Sinistcha-Masterpiece, L50|\n|poke|p2|Farigiraf, L50, F|\n|poke|p2|Whimsicott, L50, M|\n|teampreview|4\n|j| Mashed Potoooooooo\n|j| danwilt\n|l| Mashed Potoooooooo\n|inactive|Battle timer is ON: inactive players will automatically lose when time's up. (requested by ASapHerb)\n|\n|t:|1788407613\n|teamsize|p1|4\n|teamsize|p2|4\n|start\n|switch|p1a: Toxic Traits|Toxapex, L50, F|100/100\n|switch|p1b: King Deez|Kingambit, L50, F|100/100\n|switch|p2a: Shrek is love|Swampert, L50, M|100/100\n|switch|p2b: Raichu|Raichu, L50, M, shiny|100/100\n|turn|1\n|j| xJacKaz\n|inactive|ASapHerb has 30 seconds left.\n|inactive|MPelton02 has 30 seconds left.\n|j| Mashed Potoooooooo\n|inactive|ASapHerb has 20 seconds left.\n|inactive|ASapHerb has 15 seconds left.\n|inactive|MPelton02 has 20 seconds left.\n|inactive|MPelton02 has 15 seconds left.\n|inactive|MPelton02 has 10 seconds left.\n|\n|t:|1788407665\n|move|p1b: King Deez|Protect|p1b: King Deez\n|-singleturn|p1b: King Deez|Protect\n|move|p1a: Toxic Traits|Baneful Bunker|p1a: Toxic Traits\n|-singleturn|p1a: Toxic Traits|move: Protect\n|move|p2b: Raichu|Fake Out|p1b: King Deez\n|-activate|p1b: King Deez|move: Protect\n|move|p2a: Shrek is love|Wave Crash|p1b: King Deez\n|-activate|p1b: King Deez|move: Protect\n|\n|upkeep\n|turn|2\n|inactive|ASapHerb has 30 seconds left.\n|inactive|ASapHerb has 20 seconds left.\n|inactive|ASapHerb has 15 seconds left.\n|inactive|ASapHerb has 10 seconds left.\n|\n|t:|1788407712\n|move|p2b: Raichu|Protect|p2b: Raichu\n|-singleturn|p2b: Raichu|Protect\n|move|p1b: King Deez|Sucker Punch||[still]\n|-fail|p1b: King Deez\n|move|p2a: Shrek is love|Earthquake|p1a: Toxic Traits|[spread] p1a,p1b\n|-activate|p2b: Raichu|move: Protect\n|-supereffective|p1a: Toxic Traits|1\n|-supereffective|p1b: King Deez|1\n|-damage|p1a: Toxic Traits|52/100\n|-damage|p1b: King Deez|46/100\n|move|p1a: Toxic Traits|Toxic|p2a: Shrek is love\n|-status|p2a: Shrek is love|tox\n|\n|-heal|p1a: Toxic Traits|58/100|[from] item: Leftovers\n|-damage|p2a: Shrek is love|93/100 tox|[from] psn\n|upkeep\n|turn|3\n|inactive|ASapHerb has 30 seconds left.\n|inactive|MPelton02 has 30 seconds left.\n|j| fittyjason\n|\n|t:|1788407746\n|switch|p2a: NevrainsCalifornia|Pelipper, L50, F|100/100\n|-weather|RainDance|[from] ability: Drizzle|[of] p2a: NevrainsCalifornia\n|detailschange|p2b: Raichu|Raichu-Mega-Y, L50, M, shiny\n|-mega|p2b: Raichu|Raichu|Raichunite Y\n|move|p1b: King Deez|Protect|p1b: King Deez\n|-singleturn|p1b: King Deez|Protect\n|move|p1a: Toxic Traits|Baneful Bunker|p1a: Toxic Traits\n|-singleturn|p1a: Toxic Traits|move: Protect\n|move|p2b: Raichu|Focus Blast|p1b: King Deez\n|-activate|p1b: King Deez|move: Protect\n|\n|-weather|RainDance|[upkeep]\n|-heal|p1a: Toxic Traits|64/100|[from] item: Leftovers\n|upkeep\n|turn|4\n|inactive|ASapHerb has 30 seconds left.\n|inactive|MPelton02 has 30 seconds left.\n|inactive|MPelton02 has 20 seconds left.\n|\n|t:|1788407786\n|move|p2b: Raichu|Protect|p2b: Raichu\n|-singleturn|p2b: Raichu|Protect\n|move|p1b: King Deez|Sucker Punch||[still]\n|-fail|p1b: King Deez\n|move|p2a: NevrainsCalifornia|Weather Ball|p1b: King Deez\n|-damage|p1b: King Deez|0 fnt\n|faint|p1b: King Deez\n|move|p1a: Toxic Traits|Infestation|p2a: NevrainsCalifornia\n|-resisted|p2a: NevrainsCalifornia|1\n|-damage|p2a: NevrainsCalifornia|98/100\n|-activate|p2a: NevrainsCalifornia|move: Infestation|[of] p1a: Toxic Traits\n|\n|-weather|RainDance|[upkeep]\n|-heal|p1a: Toxic Traits|70/100|[from] item: Leftovers\n|-damage|p2a: NevrainsCalifornia|86/100|[from] move: Infestation|[partiallytrapped]\n|upkeep\n|\n|t:|1788407807\n|switch|p1b: Toxic Tendencies|Sneasler, L50, F, shiny|100/100\n|turn|5\n|inactive|ASapHerb has 30 seconds left.\n|\n|t:|1788407836\n|switch|p2b: Shrek is love|Swampert, L50, M|93/100 tox\n|move|p1b: Toxic Tendencies|Protect|p1b: Toxic Tendencies\n|-singleturn|p1b: Toxic Tendencies|Protect\n|move|p2a: NevrainsCalifornia|Weather Ball|p1b: Toxic Tendencies\n|-activate|p1b: Toxic Tendencies|move: Protect\n|move|p1a: Toxic Traits|Toxic|p2a: NevrainsCalifornia\n|-status|p2a: NevrainsCalifornia|tox\n|\n|-weather|RainDance|[upkeep]\n|-heal|p1a: Toxic Traits|75/100|[from] item: Leftovers\n|-damage|p2b: Shrek is love|87/100 tox|[from] psn\n|-damage|p2a: NevrainsCalifornia|80/100 tox|[from] psn\n|-damage|p2a: NevrainsCalifornia|68/100 tox|[from] move: Infestation|[partiallytrapped]\n|upkeep\n|turn|6\n|inactive|ASapHerb has 30 seconds left.\n|inactive|MPelton02 has 30 seconds left.\n|\n|t:|1788407870\n|move|p1a: Toxic Traits|Wide Guard|p1a: Toxic Traits\n|-singleturn|p1a: Toxic Traits|Wide Guard\n|move|p1b: Toxic Tendencies|Close Combat|p2b: Shrek is love\n|-damage|p2b: Shrek is love|5/100 tox\n|-unboost|p1b: Toxic Tendencies|def|1\n|-unboost|p1b: Toxic Tendencies|spd|1\n|move|p2b: Shrek is love|Earthquake|p1b: Toxic Tendencies|[spread] \n|-activate|p1a: Toxic Traits|move: Wide Guard\n|-activate|p1b: Toxic Tendencies|move: Wide Guard\n|-immune|p2a: NevrainsCalifornia\n|move|p2a: NevrainsCalifornia|Tailwind|p2a: NevrainsCalifornia\n|-sidestart|p2: MPelton02|move: Tailwind\n|\n|-weather|RainDance|[upkeep]\n|-heal|p1a: Toxic Traits|81/100|[from] item: Leftovers\n|-damage|p2b: Shrek is love|0 fnt|[from] psn\n|faint|p2b: Shrek is love\n|-damage|p2a: NevrainsCalifornia|56/100 tox|[from] psn\n|-damage|p2a: NevrainsCalifornia|44/100 tox|[from] move: Infestation|[partiallytrapped]\n|upkeep\n|\n|t:|1788407886\n|switch|p2b: Raichu|Raichu-Mega-Y, L50, M, shiny|100/100\n|turn|7\n|inactive|MPelton02 has 30 seconds left.\n|inactive|MPelton02 has 20 seconds left.\n|inactive|MPelton02 has 15 seconds left.\n|\n|t:|1788407928\n|move|p1b: Toxic Tendencies|Protect|p1b: Toxic Tendencies\n|-singleturn|p1b: Toxic Tendencies|Protect\n|move|p2b: Raichu|Fake Out|p1b: Toxic Tendencies\n|-activate|p1b: Toxic Tendencies|move: Protect\n|move|p2a: NevrainsCalifornia|Weather Ball|p1b: Toxic Tendencies\n|-activate|p1b: Toxic Tendencies|move: Protect\n|move|p1a: Toxic Traits|Toxic|p2b: Raichu\n|-status|p2b: Raichu|tox\n|\n|-weather|RainDance|[upkeep]\n|-heal|p1a: Toxic Traits|87/100|[from] item: Leftovers\n|-damage|p2b: Raichu|94/100 tox|[from] psn\n|-damage|p2a: NevrainsCalifornia|26/100 tox|[from] psn\n|-damage|p2a: NevrainsCalifornia|14/100 tox|[from] move: Infestation|[partiallytrapped]\n|upkeep\n|turn|8\n|inactive|ASapHerb has 30 seconds left.\n|inactive|ASapHerb has 20 seconds left.\n|inactive|ASapHerb has 15 seconds left.\n|inactive|ASapHerb has 10 seconds left.\n|\n|t:|1788407974\n|move|p2b: Raichu|Protect|p2b: Raichu\n|-singleturn|p2b: Raichu|Protect\n|move|p1b: Toxic Tendencies|Protect||[still]\n|-fail|p1b: Toxic Tendencies\n|move|p2a: NevrainsCalifornia|Weather Ball|p1b: Toxic Tendencies\n|-enditem|p1b: Toxic Tendencies|Focus Sash\n|-damage|p1b: Toxic Tendencies|1/100\n|move|p1a: Toxic Traits|Infestation|p2b: Raichu\n|-activate|p2b: Raichu|move: Protect\n|\n|-weather|RainDance|[upkeep]\n|-heal|p1a: Toxic Traits|92/100|[from] item: Leftovers\n|-damage|p2b: Raichu|82/100 tox|[from] psn\n|-damage|p2a: NevrainsCalifornia|0 fnt|[from] psn\n|faint|p2a: NevrainsCalifornia\n|upkeep\n|l| Mashed Potoooooooo\n|\n|t:|1788407990\n|switch|p2a: Sinistcha|Sinistcha-Masterpiece, L50|100/100\n|-heal|p2b: Raichu|100/100 tox|[from] ability: Hospitality|[of] p2a: Sinistcha\n|turn|9\n|inactive|MPelton02 has 30 seconds left.\n|\n|t:|1788408023\n|move|p1b: Toxic Tendencies|Protect|p1b: Toxic Tendencies\n|-singleturn|p1b: Toxic Tendencies|Protect\n|move|p2b: Raichu|Zap Cannon|p1a: Toxic Traits\n|-supereffective|p1a: Toxic Traits|1\n|-damage|p1a: Toxic Traits|0 fnt\n|faint|p1a: Toxic Traits\n|move|p2a: Sinistcha|Matcha Gotcha|p1b: Toxic Tendencies\n|-activate|p1b: Toxic Tendencies|move: Protect\n|\n|-weather|RainDance|[upkeep]\n|-damage|p2b: Raichu|82/100 tox|[from] psn\n|-sideend|p2: MPelton02|move: Tailwind\n|upkeep\n|\n|t:|1788408035\n|switch|p1a: Look at dat Fross|Froslass, L50, F|100/100\n|turn|10\n|\n|t:|1788408056\n|detailschange|p1a: Look at dat Fross|Froslass-Mega, L50, F\n|-mega|p1a: Look at dat Fross|Froslass|Froslassite\n|-weather|Snowscape|[from] ability: Snow Warning|[of] p1a: Look at dat Fross\n|move|p2b: Raichu|Protect|p2b: Raichu\n|-singleturn|p2b: Raichu|Protect\n|move|p1a: Look at dat Fross|Blizzard|p2a: Sinistcha|[spread] p2a\n|-activate|p2b: Raichu|move: Protect\n|-supereffective|p2a: Sinistcha|1\n|-damage|p2a: Sinistcha|38/100\n|-enditem|p2a: Sinistcha|Sitrus Berry|[eat]\n|-heal|p2a: Sinistcha|62/100|[from] item: Sitrus Berry\n|move|p1b: Toxic Tendencies|Close Combat|p2b: Raichu\n|-activate|p2b: Raichu|move: Protect\n|move|p2a: Sinistcha|Matcha Gotcha|p1b: Toxic Tendencies|[spread] p1a,p1b\n|-resisted|p1b: Toxic Tendencies|1\n|-damage|p1a: Look at dat Fross|73/100\n|-heal|p2a: Sinistcha|75/100|[from] drain|[of] p1a: Look at dat Fross\n|-damage|p1b: Toxic Tendencies|0 fnt\n|-heal|p2a: Sinistcha|76/100|[from] drain|[of] p1b: Toxic Tendencies\n|faint|p1b: Toxic Tendencies\n|\n|-weather|Snowscape|[upkeep]\n|-damage|p2b: Raichu|58/100 tox|[from] psn\n|upkeep\n|turn|11\n|inactive|MPelton02 has 30 seconds left.\n|\n|t:|1788408086\n|move|p2b: Raichu|Zap Cannon|p1a: Look at dat Fross\n|-damage|p1a: Look at dat Fross|2/100\n|-status|p1a: Look at dat Fross|par\n|move|p1a: Look at dat Fross|Blizzard|p2b: Raichu|[spread] p2a,p2b\n|-supereffective|p2a: Sinistcha|1\n|-damage|p2a: Sinistcha|15/100\n|-damage|p2b: Raichu|0 fnt\n|faint|p2b: Raichu\n|move|p2a: Sinistcha|Matcha Gotcha|p1a: Look at dat Fross|[miss]\n|-miss|p2a: Sinistcha|p1a: Look at dat Fross\n|\n|-weather|Snowscape|[upkeep]\n|upkeep\n|turn|12\n|\n|t:|1788408105\n|move|p1a: Look at dat Fross|Blizzard|p2a: Sinistcha\n|-supereffective|p2a: Sinistcha|1\n|-damage|p2a: Sinistcha|0 fnt\n|faint|p2a: Sinistcha\n|\n|win|ASapHerb\n||MPelton02 is ready for game 4.\n||ASapHerb is ready for game 4.\n|uhtml|next|Next: <a href=\"/battle-gen9championsvgc2026regmb-2674794389\"><strong>Game 4 of 5</strong></a>\n|l|☆MPelton02\n|player|p2|\n|l| danwilt\n","uploadtime":1788408882,"views":"12","formatid":"gen9championsvgc2026regmb","rating":null,"private":0,"password":null}