{"id":"gen9championsvgc2026regmbbo3-2674878790","format":"[Gen 9 Champions] VGC 2026 Reg M-B (Bo3)","players":["looger02","snowyyyy123123"],"log":"|j|☆looger02\n|j|☆snowyyyy123123\n|html|<table width=\"100%\"><tr><td align=\"left\">looger02</td><td align=\"right\">snowyyyy123123</tr><tr><td align=\"left\"><i class=\"fa fa-circle\"></i> <i class=\"fa fa-circle-o\"></i> </td><td align=\"right\"><i class=\"fa fa-circle-o\"></i> <i class=\"fa fa-circle-o\"></i> </tr></table>\n|uhtml|bestof|<h2><strong>Game 2</strong> of <a href=\"/game-bestof3-gen9championsvgc2026regmbbo3-2674877827\">a best-of-3</a></h2>\n|t:|1788427566\n|gametype|doubles\n|player|p1|looger02|gardenia|1074\n|player|p2|snowyyyy123123|102|1076\n|gen|9\n|tier|[Gen 9 Champions] VGC 2026 Reg M-B (Bo3)\n|rated|\n|rule|Species Clause: Limit one of each Pokémon\n|rule|Item Clause: Limit 1 of each item\n|clearpoke\n|poke|p1|Gyarados, L50, M, shiny|\n|poke|p1|Sinistcha, L50|\n|poke|p1|Weavile, L50, M|\n|poke|p1|Toxapex, L50, M, shiny|\n|poke|p1|Metagross, L50, shiny|\n|poke|p1|Kommo-o, L50, M, shiny|\n|poke|p2|Azumarill, L50, F|\n|poke|p2|Maushold, L50|\n|poke|p2|Sableye, L50, M|\n|poke|p2|Ariados, L50, F|\n|poke|p2|Qwilfish, L50, F|\n|poke|p2|Pelipper, L50, M|\n|teampreview|4\n|showteam|p1|Gyarados||Gyaradosite|Intimidate|Waterfall,LashOut,DragonDance,Protect|Adamant||M|||50|]Sinistcha||SitrusBerry|Hospitality|MatchaGotcha,RagePowder,StrengthSap,Protect|Calm|||||50|]Weavile||FocusSash|Pickpocket|FakeOut,KnockOff,TripleAxel,Protect|Jolly||M|||50|]Toxapex||Leftovers|Regenerator|Infestation,Toxic,BanefulBunker,WideGuard|Bold||M|||50|]Metagross||Metagrossite|ClearBody|PsychicFangs,BodyPress,BulletPunch,Protect|Jolly|||||50|]Kommo-o||HabanBerry|Bulletproof|AuraSphere,ClangingScales,VacuumWave,Protect|Modest||M|||50|\n|showteam|p2|Azumarill||SitrusBerry|HugePower|AquaJet,PlayRough,BellyDrum,Protect|Adamant||F|||50|]Maushold||ChopleBerry|FriendGuard|FollowMe,SuperFang,Feint,Protect|Impish|||||50|]Sableye||RoseliBerry|Prankster|FakeOut,Quash,FoulPlay,WillOWisp|Careful||M|||50|]Ariados||OccaBerry|Insomnia|FirstImpression,RagePowder,ShadowSneak,PoisonJab|Adamant||F|||50|]Qwilfish||LifeOrb|SwiftSwim|PoisonJab,Liquidation,SelfDestruct,Protect|Adamant||F|||50|]Pelipper||FocusSash|Drizzle|Hurricane,WeatherBall,Tailwind,WideGuard|Modest||M|||50|\n|inactive|Battle timer is ON: inactive players will automatically lose when time's up. (requested by looger02)\n|\n|t:|1788427589\n|teamsize|p1|4\n|teamsize|p2|4\n|start\n|switch|p1a: Weavile|Weavile, L50, M|100/100\n|switch|p1b: Toxapex|Toxapex, L50, M, shiny|100/100\n|switch|p2a: Ariados|Ariados, L50, F|100/100\n|switch|p2b: Azumarill|Azumarill, L50, F|100/100\n|turn|1\n|inactive|looger02 has 30 seconds left.\n|\n|t:|1788427618\n|move|p1a: Weavile|Fake Out|p2a: Ariados\n|-damage|p2a: Ariados|83/100\n|cant|p2a: Ariados|flinch\n|move|p2b: Azumarill|Aqua Jet|p1a: Weavile\n|-damage|p1a: Weavile|59/100\n|move|p1b: Toxapex|Infestation|p2b: Azumarill\n|-resisted|p2b: Azumarill|1\n|-damage|p2b: Azumarill|98/100\n|-activate|p2b: Azumarill|move: Infestation|[of] p1b: Toxapex\n|\n|-damage|p2b: Azumarill|86/100|[from] move: Infestation|[partiallytrapped]\n|upkeep\n|turn|2\n|\n|t:|1788427634\n|move|p1a: Weavile|Protect|p1a: Weavile\n|-singleturn|p1a: Weavile|Protect\n|move|p2a: Ariados|Rage Powder|p2a: Ariados\n|-singleturn|p2a: Ariados|move: Rage Powder\n|move|p2b: Azumarill|Belly Drum|p2b: Azumarill\n|-damage|p2b: Azumarill|36/100\n|-setboost|p2b: Azumarill|atk|6|[from] move: Belly Drum\n|-enditem|p2b: Azumarill|Sitrus Berry|[eat]\n|-heal|p2b: Azumarill|61/100|[from] item: Sitrus Berry\n|move|p1b: Toxapex|Toxic|p2a: Ariados\n|-immune|p2a: Ariados\n|\n|-damage|p2b: Azumarill|49/100|[from] move: Infestation|[partiallytrapped]\n|upkeep\n|turn|3\n|inactive|looger02 has 30 seconds left.\n|inactive|snowyyyy123123 has 30 seconds left.\n|\n|t:|1788427661\n|switch|p1a: Metagross|Metagross, L50, shiny|100/100\n|move|p2a: Ariados|Rage Powder|p2a: Ariados\n|-singleturn|p2a: Ariados|move: Rage Powder\n|move|p2b: Azumarill|Play Rough|p1a: Metagross\n|-resisted|p1a: Metagross|1\n|-damage|p1a: Metagross|0 fnt\n|faint|p1a: Metagross\n|move|p1b: Toxapex|Infestation|p2a: Ariados\n|-resisted|p2a: Ariados|1\n|-damage|p2a: Ariados|81/100\n|-activate|p2a: Ariados|move: Infestation|[of] p1b: Toxapex\n|\n|-damage|p2b: Azumarill|36/100|[from] move: Infestation|[partiallytrapped]\n|-damage|p2a: Ariados|68/100|[from] move: Infestation|[partiallytrapped]\n|upkeep\n|\n|t:|1788427678\n|switch|p1a: Weavile|Weavile, L50, M|59/100\n|turn|4\n|\n|t:|1788427692\n|move|p2b: Azumarill|Protect|p2b: Azumarill\n|-singleturn|p2b: Azumarill|Protect\n|move|p1a: Weavile|Fake Out|p2a: Ariados\n|-damage|p2a: Ariados|50/100g\n|cant|p2a: Ariados|flinch\n|move|p1b: Toxapex|Toxic|p2b: Azumarill\n|-activate|p2b: Azumarill|move: Protect\n|\n|-damage|p2b: Azumarill|24/100|[from] move: Infestation|[partiallytrapped]\n|-damage|p2a: Ariados|37/100|[from] move: Infestation|[partiallytrapped]\n|upkeep\n|turn|5\n|\n|t:|1788427715\n|move|p1a: Weavile|Protect|p1a: Weavile\n|-singleturn|p1a: Weavile|Protect\n|move|p1b: Toxapex|Baneful Bunker|p1b: Toxapex\n|-singleturn|p1b: Toxapex|move: Protect\n|move|p2a: Ariados|Rage Powder|p2a: Ariados\n|-singleturn|p2a: Ariados|move: Rage Powder\n|move|p2b: Azumarill|Play Rough|p1b: Toxapex\n|-activate|p1b: Toxapex|move: Protect\n|-status|p2b: Azumarill|psn\n|\n|-damage|p2b: Azumarill|12/100 psn|[from] psn\n|-damage|p2b: Azumarill|1/100 psn|[from] move: Infestation|[partiallytrapped]\n|-damage|p2a: Ariados|25/100|[from] move: Infestation|[partiallytrapped]\n|upkeep\n|turn|6\n|inactive|looger02 has 30 seconds left.\n|inactive|looger02 has 20 seconds left.\n|\n|t:|1788427752\n|switch|p1a: Kommo-o|Kommo-o, L50, M, shiny|100/100\n|move|p1b: Toxapex|Baneful Bunker||[still]\n|-fail|p1b: Toxapex\n|move|p2a: Ariados|Rage Powder|p2a: Ariados\n|-singleturn|p2a: Ariados|move: Rage Powder\n|move|p2b: Azumarill|Play Rough|p1a: Kommo-o\n|-supereffective|p1a: Kommo-o|2\n|-damage|p1a: Kommo-o|0 fnt\n|faint|p1a: Kommo-o\n|\n|-damage|p2b: Azumarill|0 fnt|[from] psn\n|faint|p2b: Azumarill\n|-damage|p2a: Ariados|12/100|[from] move: Infestation|[partiallytrapped]\n|upkeep\n|\n|t:|1788427766\n|switch|p1a: Weavile|Weavile, L50, M|59/100\n|switch|p2b: Pelipper|Pelipper, L50, M|100/100\n|-weather|RainDance|[from] ability: Drizzle|[of] p2b: Pelipper\n|turn|7\n|inactive|looger02 has 30 seconds left.\n|\n|t:|1788427793\n|move|p1a: Weavile|Fake Out|p2a: Ariados\n|-damage|p2a: Ariados|0 fnt\n|faint|p2a: Ariados\n|move|p2b: Pelipper|Weather Ball|p1a: Weavile\n|-damage|p1a: Weavile|0 fnt\n|faint|p1a: Weavile\n|move|p1b: Toxapex|Toxic|p2b: Pelipper\n|-status|p2b: Pelipper|tox\n|\n|-weather|RainDance|[upkeep]\n|-damage|p2b: Pelipper|94/100 tox|[from] psn\n|upkeep\n|\n|t:|1788427803\n|switch|p2a: Qwilfish|Qwilfish, L50, F|100/100\n|turn|8\n|inactive|snowyyyy123123 has 30 seconds left.\n|\n|t:|1788427834\n|move|p1b: Toxapex|Baneful Bunker|p1b: Toxapex\n|-singleturn|p1b: Toxapex|move: Protect\n|move|p2a: Qwilfish|Liquidation|p1b: Toxapex\n|-activate|p1b: Toxapex|move: Protect\n|move|p2b: Pelipper|Hurricane|p1b: Toxapex\n|-activate|p1b: Toxapex|move: Protect\n|\n|-weather|RainDance|[upkeep]\n|-damage|p2b: Pelipper|82/100 tox|[from] psn\n|upkeep\n|turn|9\n|\n|t:|1788427850\n|move|p1b: Toxapex|Wide Guard|p1b: Toxapex\n|-singleturn|p1b: Toxapex|Wide Guard\n|move|p2a: Qwilfish|Liquidation|p1b: Toxapex\n|-resisted|p1b: Toxapex|1\n|-damage|p1b: Toxapex|72/100\n|-damage|p2a: Qwilfish|90/100|[from] item: Life Orb\n|move|p2b: Pelipper|Hurricane|p1b: Toxapex\n|-damage|p1b: Toxapex|34/100\n|-start|p1b: Toxapex|confusion\n|\n|-weather|RainDance|[upkeep]\n|-heal|p1b: Toxapex|40/100|[from] item: Leftovers\n|-damage|p2b: Pelipper|65/100 tox|[from] psn\n|upkeep\n|turn|10\n|\n|t:|1788427876\n|move|p2a: Qwilfish|Liquidation|p1b: Toxapex\n|-resisted|p1b: Toxapex|1\n|-damage|p1b: Toxapex|14/100\n|-damage|p2a: Qwilfish|80/100|[from] item: Life Orb\n|move|p2b: Pelipper|Hurricane|p1b: Toxapex\n|-damage|p1b: Toxapex|0 fnt\n|faint|p1b: Toxapex\n|\n|win|snowyyyy123123\n","uploadtime":1788427879,"views":"0","formatid":"gen9championsvgc2026regmbbo3","rating":null,"private":0,"password":null}