{"id":"gen9championsvgc2026regmbbo3-2674908990","format":"[Gen 9 Champions] VGC 2026 Reg M-B (Bo3)","players":["marcio1428","LordKameni"],"log":"|j|☆marcio1428\n|j|☆LordKameni\n|html|<table width=\"100%\"><tr><td align=\"left\">marcio1428</td><td align=\"right\">LordKameni</tr><tr><td align=\"left\"><i class=\"fa fa-circle-o\"></i> <i class=\"fa fa-circle-o\"></i> </td><td align=\"right\"><i class=\"fa fa-circle-o\"></i> <i class=\"fa fa-circle-o\"></i> </tr></table>\n|uhtml|bestof|<h2><strong>Game 1</strong> of <a href=\"/game-bestof3-gen9championsvgc2026regmbbo3-2674908989\">a best-of-3</a></h2>\n|t:|1788434034\n|gametype|doubles\n|player|p1|marcio1428|169|1132\n|player|p2|LordKameni|102|1196\n|gen|9\n|tier|[Gen 9 Champions] VGC 2026 Reg M-B (Bo3)\n|rated|\n|rule|Species Clause: Limit one of each Pokémon\n|rule|Item Clause: Limit 1 of each item\n|clearpoke\n|poke|p1|Scrafty, L50, F|\n|poke|p1|Whimsicott, L50, F|\n|poke|p1|Mimikyu, L50, F|\n|poke|p1|Pelipper, L50, M|\n|poke|p1|Staraptor, L50, F|\n|poke|p1|Raichu, L50, M|\n|poke|p2|Blastoise, L50, M|\n|poke|p2|Sneasler, L50, M|\n|poke|p2|Incineroar, L50, M|\n|poke|p2|Delphox, L50, M|\n|poke|p2|Sinistcha, L50|\n|poke|p2|Kingambit, L50, F|\n|teampreview|4\n|showteam|p1|Scrafty||SitrusBerry|Intimidate|KnockOff,DrainPunch,FakeOut,Protect|Jolly||F|||50|]Whimsicott||FairyFeather|Prankster|Moonblast,Charm,Tailwind,Encore|Timid||F|||50|]Mimikyu||LifeOrb|Disguise|PhantomForce,PlayRough,ShadowSneak,TrickRoom|Brave||F|||50|]Pelipper||MysticWater|Drizzle|Hurricane,WeatherBall,WideGuard,Tailwind|Bold||M|||50|]Staraptor||WhiteHerb|Intimidate|BraveBird,CloseCombat,Tailwind,Protect|Jolly||F|||50|]Raichu||FocusSash|LightningRod|Thunderbolt,VoltSwitch,FakeOut,Protect|Timid||M|||50|\n|showteam|p2|Blastoise||Blastoisinite|RainDish|ShellSmash,Protect,WaterSpout,DarkPulse|Modest||M|||50|]Sneasler||FocusSash|PoisonTouch|FakeOut,CloseCombat,PoisonJab,QuickGuard|Jolly||M|||50|]Incineroar||SitrusBerry|Intimidate|DarkestLariat,FakeOut,PartingShot,FlareBlitz|Impish||M|||50|]Delphox||Delphoxite|Blaze|Protect,Psychic,NastyPlot,HeatWave|Timid||M|||50|]Sinistcha||OccaBerry|Hospitality|Protect,MatchaGotcha,RagePowder,LifeDew|Serious|||||50|]Kingambit||BlackGlasses|Defiant|SuckerPunch,KowtowCleave,Protect,SwordsDance|Adamant||F|||50|\n|inactive|Battle timer is ON: inactive players will automatically lose when time's up. (requested by LordKameni)\n|\n|t:|1788434093\n|teamsize|p1|4\n|teamsize|p2|4\n|start\n|switch|p1a: Raichu|Raichu, L50, M|100/100\n|switch|p1b: Staraptor|Staraptor, L50, F|100/100\n|switch|p2a: Delphox|Delphox, L50, M|100/100\n|switch|p2b: Sneasler|Sneasler, L50, M|100/100\n|-ability|p1b: Staraptor|Intimidate|boost\n|-unboost|p2a: Delphox|atk|1\n|-unboost|p2b: Sneasler|atk|1\n|turn|1\n|inactive|LordKameni has 30 seconds left.\n|inactive|LordKameni has 20 seconds left.\n|\n|t:|1788434131\n|switch|p1b: Scrafty|Scrafty, L50, F|100/100\n|-ability|p1b: Scrafty|Intimidate|boost\n|-unboost|p2a: Delphox|atk|1\n|-unboost|p2b: Sneasler|atk|1\n|switch|p2a: Incineroar|Incineroar, L50, M|100/100\n|-ability|p2a: Incineroar|Intimidate|boost\n|-unboost|p1a: Raichu|atk|1\n|-unboost|p1b: Scrafty|atk|1\n|move|p2b: Sneasler|Fake Out|p1b: Scrafty\n|-damage|p1b: Scrafty|91/100\n|move|p1a: Raichu|Fake Out|p2b: Sneasler\n|-damage|p2b: Sneasler|91/100\n|\n|upkeep\n|turn|2\n|inactive|LordKameni has 30 seconds left.\n|\n|t:|1788434157\n|move|p2b: Sneasler|Quick Guard|p2b: Sneasler\n|-singleturn|p2b: Sneasler|Quick Guard\n|move|p1b: Scrafty|Fake Out|p2b: Sneasler\n|-activate|p2b: Sneasler|move: Quick Guard\n|move|p2a: Incineroar|Fake Out|p1a: Raichu\n|-damage|p1a: Raichu|79/100\n|cant|p1a: Raichu|flinch\n|\n|upkeep\n|turn|3\n|\n|t:|1788434182\n|switch|p1a: Staraptor|Staraptor, L50, F|100/100\n|-ability|p1a: Staraptor|Intimidate|boost\n|-unboost|p2a: Incineroar|atk|1\n|-unboost|p2b: Sneasler|atk|1\n|switch|p2a: Sinistcha|Sinistcha, L50|100/100\n|-heal|p2b: Sneasler|100/100|[from] ability: Hospitality|[of] p2a: Sinistcha\n|move|p2b: Sneasler|Poison Jab|p1a: Staraptor\n|-damage|p1a: Staraptor|75/100\n|-status|p1a: Staraptor|psn\n|move|p1b: Scrafty|Drain Punch|p2a: Sinistcha\n|-immune|p2a: Sinistcha\n|\n|-damage|p1a: Staraptor|62/100 psn|[from] psn\n|upkeep\n|turn|4\n|inactive|LordKameni has 30 seconds left.\n|\n|t:|1788434215\n|switch|p2b: Incineroar|Incineroar, L50, M|100/100\n|-ability|p2b: Incineroar|Intimidate|boost\n|-unboost|p1a: Staraptor|atk|1\n|-unboost|p1b: Scrafty|atk|1\n|-enditem|p1a: Staraptor|White Herb\n|-clearnegativeboost|p1a: Staraptor|[silent]\n|move|p1a: Staraptor|Brave Bird|p2a: Sinistcha\n|-supereffective|p2a: Sinistcha|1\n|-damage|p2a: Sinistcha|0 fnt\n|faint|p2a: Sinistcha\n|-damage|p1a: Staraptor|26/100 psn|[from] Recoil\n|move|p1b: Scrafty|Knock Off|p2b: Incineroar\n|-resisted|p2b: Incineroar|1\n|-damage|p2b: Incineroar|92/100\n|-enditem|p2b: Incineroar|Sitrus Berry|[from] move: Knock Off|[of] p1b: Scrafty\n|\n|-damage|p1a: Staraptor|14/100 psn|[from] psn\n|upkeep\n|inactive|LordKameni has 30 seconds left.\n|\n|t:|1788434240\n|switch|p2a: Sneasler|Sneasler, L50, M|100/100\n|turn|5\n|\n|t:|1788434252\n|switch|p1a: Raichu|Raichu, L50, M|79/100\n|move|p1b: Scrafty|Protect|p1b: Scrafty\n|-singleturn|p1b: Scrafty|Protect\n|move|p2b: Incineroar|Fake Out|p1a: Raichu\n|-damage|p1a: Raichu|57/100\n|move|p2a: Sneasler|Close Combat|p1b: Scrafty\n|-activate|p1b: Scrafty|move: Protect\n|\n|upkeep\n|turn|6\n|inactive|marcio1428 has 30 seconds left.\n|\n|t:|1788434283\n|switch|p1b: Staraptor|Staraptor, L50, F|14/100 psn\n|-ability|p1b: Staraptor|Intimidate|boost\n|-unboost|p2a: Sneasler|atk|1\n|-unboost|p2b: Incineroar|atk|1\n|move|p2a: Sneasler|Quick Guard|p2a: Sneasler\n|-singleturn|p2a: Sneasler|Quick Guard\n|move|p1a: Raichu|Thunderbolt|p2a: Sneasler\n|-damage|p2a: Sneasler|48/100\n|move|p2b: Incineroar|Flare Blitz|p1a: Raichu\n|-damage|p1a: Raichu|0 fnt\n|faint|p1a: Raichu\n|-damage|p2b: Incineroar|78/100|[from] Recoil\n|\n|-damage|p1b: Staraptor|1/100 psn|[from] psn\n|upkeep\n|\n|t:|1788434298\n|switch|p1a: Scrafty|Scrafty, L50, F|91/100\n|-ability|p1a: Scrafty|Intimidate|boost\n|-unboost|p2a: Sneasler|atk|1\n|-unboost|p2b: Incineroar|atk|1\n|turn|7\n|\n|t:|1788434311\n|switch|p2b: Delphox|Delphox, L50, M|100/100\n|move|p2a: Sneasler|Close Combat|p1a: Scrafty\n|-supereffective|p1a: Scrafty|1\n|-damage|p1a: Scrafty|14/100\n|-unboost|p2a: Sneasler|def|1\n|-unboost|p2a: Sneasler|spd|1\n|-enditem|p1a: Scrafty|Sitrus Berry|[eat]\n|-heal|p1a: Scrafty|39/100|[from] item: Sitrus Berry\n|move|p1b: Staraptor|Brave Bird|p2a: Sneasler\n|-supereffective|p2a: Sneasler|1\n|-damage|p2a: Sneasler|0 fnt\n|faint|p2a: Sneasler\n|-damage|p1b: Staraptor|0 fnt|[from] Recoil\n|faint|p1b: Staraptor\n|move|p1a: Scrafty|Drain Punch|p2b: Delphox\n|-resisted|p2b: Delphox|1\n|-damage|p2b: Delphox|81/100\n|-heal|p1a: Scrafty|50/100g|[from] drain|[of] p2b: Delphox\n|\n|upkeep\n|\n|t:|1788434331\n|switch|p2a: Incineroar|Incineroar, L50, M|78/100\n|switch|p1b: Pelipper|Pelipper, L50, M|100/100\n|-weather|RainDance|[from] ability: Drizzle|[of] p1b: Pelipper\n|-ability|p2a: Incineroar|Intimidate|boost\n|-unboost|p1a: Scrafty|atk|1\n|-unboost|p1b: Pelipper|atk|1\n|turn|8\n|inactive|LordKameni has 30 seconds left.\n|\n|t:|1788434360\n|detailschange|p2b: Delphox|Delphox-Mega, L50, M\n|-mega|p2b: Delphox|Delphox|Delphoxite\n|move|p2b: Delphox|Protect|p2b: Delphox\n|-singleturn|p2b: Delphox|Protect\n|move|p1a: Scrafty|Drain Punch|p2b: Delphox\n|-activate|p2b: Delphox|move: Protect\n|move|p1b: Pelipper|Tailwind|p1b: Pelipper\n|-sidestart|p1: marcio1428|move: Tailwind\n|move|p2a: Incineroar|Parting Shot|p1b: Pelipper\n|-unboost|p1b: Pelipper|atk|1\n|-unboost|p1b: Pelipper|spa|1\n|\n|-weather|RainDance|[upkeep]\n|upkeep\n|turn|9\n|inactive|LordKameni has 30 seconds left.\n|\n|t:|1788434385\n|move|p1a: Scrafty|Knock Off|p2b: Delphox\n|-supereffective|p2b: Delphox|1\n|-damage|p2b: Delphox|40/100\n|move|p2b: Delphox|Psychic|p1b: Pelipper\n|-damage|p1b: Pelipper|30/100\n|move|p1b: Pelipper|Weather Ball|p2b: Delphox\n|-supereffective|p2b: Delphox|1\n|-damage|p2b: Delphox|0 fnt\n|faint|p2b: Delphox\n|move|p2a: Incineroar|Parting Shot|p1a: Scrafty\n|-unboost|p1a: Scrafty|atk|1\n|-unboost|p1a: Scrafty|spa|1\n|\n|-weather|RainDance|[upkeep]\n|upkeep\n|turn|10\n|\n|t:|1788434402\n|move|p1a: Scrafty|Drain Punch|p2a: Incineroar\n|-supereffective|p2a: Incineroar|1\n|-damage|p2a: Incineroar|56/100\n|-heal|p1a: Scrafty|66/100|[from] drain|[of] p2a: Incineroar\n|move|p1b: Pelipper|Weather Ball|p2a: Incineroar\n|-supereffective|p2a: Incineroar|1\n|-damage|p2a: Incineroar|0 fnt\n|faint|p2a: Incineroar\n|\n|win|marcio1428\n","uploadtime":1788434408,"views":"14","formatid":"gen9championsvgc2026regmbbo3","rating":null,"private":0,"password":null}