{"id":"gen9championsvgc2026regmbbo3-2674517291","format":"[Gen 9 Champions] VGC 2026 Reg M-B (Bo3)","players":["kalaluwi","That_Leek"],"log":"|j|☆kalaluwi\n|j|☆That_Leek\n|html|<table width=\"100%\"><tr><td align=\"left\">kalaluwi</td><td align=\"right\">That_Leek</tr><tr><td align=\"left\"><i class=\"fa fa-circle-o\"></i> <i class=\"fa fa-circle-o\"></i> </td><td align=\"right\"><i class=\"fa fa-circle-o\"></i> <i class=\"fa fa-circle-o\"></i> </tr></table>\n|uhtml|bestof|<h2><strong>Game 1</strong> of <a href=\"/game-bestof3-gen9championsvgc2026regmbbo3-2674517290\">a best-of-3</a></h2>\n|t:|1788369109\n|gametype|doubles\n|player|p1|kalaluwi|265|1216\n|player|p2|That_Leek|blue-masters|1183\n|gen|9\n|tier|[Gen 9 Champions] VGC 2026 Reg M-B (Bo3)\n|rated|\n|rule|Species Clause: Limit one of each Pokémon\n|rule|Item Clause: Limit 1 of each item\n|clearpoke\n|poke|p1|Kingambit, L50, M|\n|poke|p1|Dragonite, L50, F|\n|poke|p1|Sneasler, L50, M|\n|poke|p1|Basculegion, L50, M|\n|poke|p1|Floette-Eternal, L50, F|\n|poke|p1|Garchomp, L50, M|\n|poke|p2|Raichu, L50, M|\n|poke|p2|Kingambit, L50, M|\n|poke|p2|Dragonite, L50, F|\n|poke|p2|Ninetales-Alola, L50, F|\n|poke|p2|Sylveon, L50, F|\n|poke|p2|Incineroar, L50, M|\n|teampreview|4\n|showteam|p1|Kingambit||ChopleBerry|Defiant|SuckerPunch,KowtowCleave,IronHead,LowKick|Adamant||M|||50|]Dragonite||Dragoninite|Multiscale|DragonPulse,HeatWave,ExtremeSpeed,Protect|Modest||F|||50|]Sneasler||FocusSash|PoisonTouch|FakeOut,Feint,CloseCombat,DireClaw|Jolly||M|||50|]Basculegion||LifeOrb|Adaptability|AquaJet,WaveCrash,LastRespects,Protect|Adamant||M|||50|]Floette-Eternal||Floettite|FlowerVeil|LightofRuin,Moonblast,DazzlingGleam,Protect|Timid||F|||50|]Garchomp||ChoiceScarf|RoughSkin|DragonClaw,RockSlide,StompingTantrum,Earthquake|Adamant||M|||50|\n|showteam|p2|Raichu||RaichuniteY|LightningRod|FakeOut,ZapCannon,FocusBlast,Protect|Timid||M|||50|]Kingambit||BlackGlasses|Defiant|KowtowCleave,SuckerPunch,Protect,SwordsDance|Adamant||M|||50|]Dragonite||LifeOrb|InnerFocus|DragonClaw,Tailwind,Superpower,Protect|Adamant||F|||50|]Ninetales-Alola||FocusSash|SnowWarning|Blizzard,IcyWind,Protect,FreezeDry|Timid||F|||50|]Sylveon||FairyFeather|Pixilate|HyperVoice,QuickAttack,CalmMind,Detect|Modest||F|||50|]Incineroar||LumBerry|Intimidate|FakeOut,FlareBlitz,PartingShot,ThroatChop|Impish||M|||50|\n|\n|t:|1788369161\n|teamsize|p1|4\n|teamsize|p2|4\n|start\n|switch|p1a: Floette|Floette-Eternal, L50, F|100/100\n|switch|p1b: Kingambit|Kingambit, L50, M|100/100\n|switch|p2a: Sylveon|Sylveon, L50, F|100/100\n|switch|p2b: Ninetales|Ninetales-Alola, L50, F|100/100\n|-weather|Snowscape|[from] ability: Snow Warning|[of] p2b: Ninetales\n|turn|1\n|\n|t:|1788369175\n|detailschange|p1a: Floette|Floette-Mega, L50, F\n|-mega|p1a: Floette|Floette|Floettite\n|-ability|p1a: Floette|Fairy Aura\n|move|p2a: Sylveon|Detect|p2a: Sylveon\n|-singleturn|p2a: Sylveon|Protect\n|move|p2b: Ninetales|Blizzard|p1a: Floette|[spread] p1a,p1b\n|-resisted|p1b: Kingambit|1\n|-crit|p1b: Kingambit\n|-damage|p1a: Floette|70/100\n|-damage|p1b: Kingambit|81/100\n|move|p1a: Floette|Dazzling Gleam|p2b: Ninetales|[spread] p2b\n|-activate|p2a: Sylveon|move: Protect\n|-damage|p2b: Ninetales|48/100\n|move|p1b: Kingambit|Iron Head|p2a: Sylveon\n|-activate|p2a: Sylveon|move: Protect\n|\n|-weather|Snowscape|[upkeep]\n|upkeep\n|turn|2\n|\n|t:|1788369196\n|move|p2b: Ninetales|Blizzard|p1a: Floette|[spread] p1a,p1b\n|-resisted|p1b: Kingambit|1\n|-damage|p1a: Floette|45/100\n|-damage|p1b: Kingambit|67/100\n|move|p1a: Floette|Dazzling Gleam|p2b: Ninetales|[spread] p2a,p2b\n|-crit|p2a: Sylveon\n|-damage|p2a: Sylveon|42/100\n|-damage|p2b: Ninetales|0 fnt\n|faint|p2b: Ninetales\n|move|p2a: Sylveon|Hyper Voice|p1a: Floette|[spread] p1a,p1b\n|-damage|p1a: Floette|0 fnt\n|-damage|p1b: Kingambit|17/100\n|faint|p1a: Floette\n|move|p1b: Kingambit|Iron Head|p2a: Sylveon\n|-supereffective|p2a: Sylveon|1\n|-damage|p2a: Sylveon|0 fnt\n|faint|p2a: Sylveon\n|\n|-weather|Snowscape|[upkeep]\n|upkeep\n|\n|t:|1788369216\n|switch|p2b: Dragonite|Dragonite, L50, F|100/100\n|switch|p1a: Sneasler|Sneasler, L50, M|100/100\n|switch|p2a: Raichu|Raichu, L50, M|100/100\n|turn|3\n|\n|t:|1788369244\n|detailschange|p2a: Raichu|Raichu-Mega-Y, L50, M\n|-mega|p2a: Raichu|Raichu|Raichunite Y\n|move|p2a: Raichu|Fake Out|p1b: Kingambit\n|-resisted|p1b: Kingambit|1\n|-damage|p1b: Kingambit|14/100\n|cant|p1b: Kingambit|flinch\n|move|p1a: Sneasler|Dire Claw|p2a: Raichu\n|-damage|p2a: Raichu|25/100\n|move|p2b: Dragonite|Tailwind|p2b: Dragonite\n|-sidestart|p2: That_Leek|move: Tailwind\n|\n|-weather|Snowscape|[upkeep]\n|upkeep\n|turn|4\n|\n|t:|1788369261\n|move|p2a: Raichu|Protect|p2a: Raichu\n|-singleturn|p2a: Raichu|Protect\n|move|p1b: Kingambit|Sucker Punch||[still]\n|-fail|p1b: Kingambit\n|move|p2b: Dragonite|Dragon Claw|p1b: Kingambit\n|-resisted|p1b: Kingambit|1\n|-damage|p1b: Kingambit|0 fnt\n|faint|p1b: Kingambit\n|-damage|p2b: Dragonite|90/100|[from] item: Life Orb\n|move|p1a: Sneasler|Dire Claw|p2a: Raichu\n|-activate|p2a: Raichu|move: Protect\n|\n|-weather|Snowscape|[upkeep]\n|upkeep\n|\n|t:|1788369263\n|switch|p1b: Basculegion|Basculegion, L50, M|100/100\n|turn|5\n|\n|t:|1788369276\n|move|p1b: Basculegion|Aqua Jet|p2a: Raichu\n|-damage|p2a: Raichu|0 fnt\n|faint|p2a: Raichu\n|-damage|p1b: Basculegion|90/100|[from] item: Life Orb\n|move|p2b: Dragonite|Dragon Claw|p1b: Basculegion\n|-damage|p1b: Basculegion|20/100y\n|-damage|p2b: Dragonite|80/100|[from] item: Life Orb\n|move|p1a: Sneasler|Dire Claw|p2b: Dragonite\n|-damage|p2b: Dragonite|39/100\n|\n|-weather|none\n|upkeep\n|turn|6\n|-message|That_Leek forfeited.\n|\n|win|kalaluwi\n","uploadtime":1788369281,"views":"0","formatid":"gen9championsvgc2026regmbbo3","rating":null,"private":0,"password":null}