{"id":"gen9championsvgc2026regmbbo3-2673288939","format":"[Gen 9 Champions] VGC 2026 Reg M-B (Bo3)","players":["boca09","humania1"],"log":"|j|☆boca09\n|j|☆humania1\n|html|<table width=\"100%\"><tr><td align=\"left\">boca09</td><td align=\"right\">humania1</tr><tr><td align=\"left\"><i class=\"fa fa-circle-o\"></i> <i class=\"fa fa-circle-o\"></i> </td><td align=\"right\"><i class=\"fa fa-circle-o\"></i> <i class=\"fa fa-circle-o\"></i> </tr></table>\n|uhtml|bestof|<h2><strong>Game 1</strong> of <a href=\"/game-bestof3-gen9championsvgc2026regmbbo3-2673288938\">a best-of-3</a></h2>\n|t:|1788177655\n|gametype|doubles\n|player|p1|boca09|102|1016\n|player|p2|humania1|170|1000\n|gen|9\n|tier|[Gen 9 Champions] VGC 2026 Reg M-B (Bo3)\n|rated|\n|rule|Species Clause: Limit one of each Pokémon\n|rule|Item Clause: Limit 1 of each item\n|clearpoke\n|poke|p1|Charizard, L50, M, shiny|\n|poke|p1|Torkoal, L50, M, shiny|\n|poke|p1|Venusaur, L50, M|\n|poke|p1|Whimsicott, L50, M, shiny|\n|poke|p1|Pelipper, L50, M, shiny|\n|poke|p1|Basculegion, L50, M, shiny|\n|poke|p2|Blastoise, L50, M|\n|poke|p2|Delphox, L50, M, shiny|\n|poke|p2|Incineroar, L50, F|\n|poke|p2|Sinistcha, L50|\n|poke|p2|Sneasler, L50, M|\n|poke|p2|Vivillon, L50, F|\n|teampreview|4\n|showteam|p1|Charizard||CharizarditeY|SolarPower|SunnyDay,Flamethrower,Outrage,Protect|Timid||M|||50|]Torkoal||DampRock|Drought|BodyPress,StoneEdge,StealthRock,RapidSpin|Relaxed||M|||50|]Venusaur||Leftovers|Chlorophyll|SolarBeam,SleepTalk,GigaDrain,KnockOff|Modest||M|||50|]Whimsicott||FocusSash|Chlorophyll|Moonblast,SolarBeam,GigaDrain,Protect|Timid||M|||50|]Pelipper||SitrusBerry|Drizzle|Hurricane,HydroPump,Protect,Uturn|Bold||M|||50|]Basculegion||ChoiceScarf|SwiftSwim|LastRespects,WaveCrash,PhantomForce,IceBeam|Jolly||M|||50|\n|showteam|p2|Blastoise||Blastoisinite|Torrent|Protect,ShellSmash,WaterSpout,DarkPulse|Modest||M|||50|]Delphox||Delphoxite|Blaze|Protect,HeatWave,Psyshock,NastyPlot|Timid||M|||50|]Incineroar||PasshoBerry|Intimidate|FakeOut,PartingShot,FlareBlitz,ThroatChop|Impish||F|||50|]Sinistcha||SitrusBerry|Hospitality|Protect,MatchaGotcha,TrickRoom,RagePowder|Bold|||||50|]Sneasler||FocusSash|PoisonTouch|QuickGuard,FakeOut,CloseCombat,DireClaw|Jolly||M|||50|]Vivillon||ChoiceScarf|CompoundEyes|Hurricane,SleepPowder,RagePowder,Uturn|Timid||F|||50|\n|\n|t:|1788177696\n|teamsize|p1|4\n|teamsize|p2|4\n|start\n|switch|p1a: Torkoal|Torkoal, L50, M, shiny|100/100\n|switch|p1b: Venusaur|Venusaur, L50, M|100/100\n|switch|p2a: Blastoise|Blastoise, L50, M|100/100\n|switch|p2b: Delphox|Delphox, L50, M, shiny|100/100\n|-weather|SunnyDay|[from] ability: Drought|[of] p1a: Torkoal\n|turn|1\n|\n|t:|1788177715\n|move|p1b: Venusaur|Solar Beam||[still]\n|-prepare|p1b: Venusaur|Solar Beam\n|-anim|p1b: Venusaur|Solar Beam|p2a: Blastoise\n|-supereffective|p2a: Blastoise|1\n|-damage|p2a: Blastoise|0 fnt\n|faint|p2a: Blastoise\n|move|p2b: Delphox|Psyshock|p1b: Venusaur\n|-supereffective|p1b: Venusaur|1\n|-damage|p1b: Venusaur|0 fnt\n|faint|p1b: Venusaur\n|move|p1a: Torkoal|Stone Edge|p2b: Delphox\n|-supereffective|p2b: Delphox|1\n|-damage|p2b: Delphox|33/100\n|\n|-weather|SunnyDay|[upkeep]\n|upkeep\n|\n|t:|1788177735\n|switch|p2a: Sinistcha|Sinistcha, L50|100/100\n|switch|p1b: Basculegion|Basculegion, L50, M, shiny|100/100\n|-heal|p2b: Delphox|57/100|[from] ability: Hospitality|[of] p2a: Sinistcha\n|turn|2\n|\n|t:|1788177745\n|switch|p2b: Incineroar|Incineroar, L50, F|100/100\n|-ability|p2b: Incineroar|Intimidate|boost\n|-unboost|p1a: Torkoal|atk|1\n|-unboost|p1b: Basculegion|atk|1\n|move|p1b: Basculegion|Last Respects|p2a: Sinistcha\n|-supereffective|p2a: Sinistcha|1\n|-damage|p2a: Sinistcha|48/100\n|-enditem|p2a: Sinistcha|Sitrus Berry|[eat]\n|-heal|p2a: Sinistcha|73/100|[from] item: Sitrus Berry\n|move|p1a: Torkoal|Stone Edge|p2b: Incineroar\n|-supereffective|p2b: Incineroar|1\n|-damage|p2b: Incineroar|74/100\n|move|p2a: Sinistcha|Trick Room|p2a: Sinistcha\n|-fieldstart|move: Trick Room|[of] p2a: Sinistcha\n|\n|-weather|SunnyDay|[upkeep]\n|upkeep\n|turn|3\n|\n|t:|1788177771\n|move|p1a: Torkoal|Body Press|p2b: Incineroar\n|-supereffective|p2b: Incineroar|1\n|-damage|p2b: Incineroar|24/100\n|move|p2a: Sinistcha|Matcha Gotcha|p1b: Basculegion|[spread] p1a,p1b\n|-resisted|p1a: Torkoal|1\n|-supereffective|p1b: Basculegion|1\n|-damage|p1a: Torkoal|83/100\n|-heal|p2a: Sinistcha|82/100|[from] drain|[of] p1a: Torkoal\n|-damage|p1b: Basculegion|42/100\n|-heal|p2a: Sinistcha|100/100|[from] drain|[of] p1b: Basculegion\n|move|p2b: Incineroar|Throat Chop|p1b: Basculegion\n|-supereffective|p1b: Basculegion|1\n|-damage|p1b: Basculegion|0 fnt\n|faint|p1b: Basculegion\n|\n|-weather|SunnyDay|[upkeep]\n|upkeep\n|\n|t:|1788177788\n|switch|p1b: Pelipper|Pelipper, L50, M, shiny|100/100\n|-weather|RainDance|[from] ability: Drizzle|[of] p1b: Pelipper\n|turn|4\n|\n|t:|1788177799\n|move|p1a: Torkoal|Stone Edge|p2a: Sinistcha\n|-damage|p2a: Sinistcha|88/100\n|move|p1b: Pelipper|Hydro Pump|p2b: Incineroar\n|-supereffective|p2b: Incineroar|1\n|-enditem|p2b: Incineroar|Passho Berry|[eat]\n|-enditem|p2b: Incineroar|Passho Berry|[weaken]\n|-damage|p2b: Incineroar|0 fnt\n|faint|p2b: Incineroar\n|move|p2a: Sinistcha|Matcha Gotcha|p1b: Pelipper|[spread] p1a,p1b\n|-resisted|p1a: Torkoal|1\n|-damage|p1a: Torkoal|65/100\n|-heal|p2a: Sinistcha|97/100|[from] drain|[of] p1a: Torkoal\n|-damage|p1b: Pelipper|56/100\n|-heal|p2a: Sinistcha|100/100|[from] drain|[of] p1b: Pelipper\n|\n|-weather|RainDance|[upkeep]\n|upkeep\n|\n|t:|1788177799\n|switch|p2b: Delphox|Delphox, L50, M, shiny|57/100\n|turn|5\n|\n|t:|1788177821\n|move|p2a: Sinistcha|Rage Powder|p2a: Sinistcha\n|-singleturn|p2a: Sinistcha|move: Rage Powder\n|move|p1a: Torkoal|Body Press|p2a: Sinistcha\n|-immune|p2a: Sinistcha\n|move|p1b: Pelipper|Hydro Pump|p2a: Sinistcha\n|-resisted|p2a: Sinistcha|1\n|-damage|p2a: Sinistcha|65/100\n|move|p2b: Delphox|Psyshock|p1b: Pelipper\n|-damage|p1b: Pelipper|20/100y\n|-enditem|p1b: Pelipper|Sitrus Berry|[eat]\n|-heal|p1b: Pelipper|45/100|[from] item: Sitrus Berry\n|\n|-weather|RainDance|[upkeep]\n|upkeep\n|turn|6\n|\n|t:|1788177839\n|move|p2a: Sinistcha|Rage Powder|p2a: Sinistcha\n|-singleturn|p2a: Sinistcha|move: Rage Powder\n|move|p1a: Torkoal|Stone Edge|p2a: Sinistcha\n|-damage|p2a: Sinistcha|52/100\n|move|p1b: Pelipper|Hydro Pump|p2a: Sinistcha\n|-resisted|p2a: Sinistcha|1\n|-damage|p2a: Sinistcha|23/100\n|move|p2b: Delphox|Psyshock|p1b: Pelipper\n|-damage|p1b: Pelipper|11/100\n|\n|-weather|RainDance|[upkeep]\n|-fieldend|move: Trick Room\n|upkeep\n|turn|7\n|\n|t:|1788177855\n|move|p2b: Delphox|Psyshock|p1b: Pelipper\n|-damage|p1b: Pelipper|0 fnt\n|faint|p1b: Pelipper\n|move|p2a: Sinistcha|Matcha Gotcha|p1a: Torkoal\n|-resisted|p1a: Torkoal|1\n|-damage|p1a: Torkoal|43/100\n|-heal|p2a: Sinistcha|34/100|[from] drain|[of] p1a: Torkoal\n|move|p1a: Torkoal|Stone Edge|p2b: Delphox\n|-supereffective|p2b: Delphox|1\n|-damage|p2b: Delphox|10/100\n|\n|-weather|RainDance|[upkeep]\n|upkeep\n|turn|8\n|\n|t:|1788177870\n|move|p2a: Sinistcha|Rage Powder|p2a: Sinistcha\n|-singleturn|p2a: Sinistcha|move: Rage Powder\n|move|p2b: Delphox|Psyshock|p1a: Torkoal\n|-damage|p1a: Torkoal|22/100\n|move|p1a: Torkoal|Stone Edge|p2a: Sinistcha\n|-damage|p2a: Sinistcha|21/100\n|\n|-weather|none\n|upkeep\n|turn|9\n|\n|t:|1788177883\n|move|p2a: Sinistcha|Rage Powder|p2a: Sinistcha\n|-singleturn|p2a: Sinistcha|move: Rage Powder\n|move|p2b: Delphox|Psyshock|p1a: Torkoal\n|-damage|p1a: Torkoal|0 fnt\n|faint|p1a: Torkoal\n|\n|win|humania1\n","uploadtime":1788177883,"views":"1","formatid":"gen9championsvgc2026regmbbo3","rating":null,"private":0,"password":null}