{"id":"gen9championsvgc2026regmbbo3-2674095503","format":"[Gen 9 Champions] VGC 2026 Reg M-B (Bo3)","players":["MaxwellBaker","daniiivgc"],"log":"|j|☆MaxwellBaker\n|j|☆daniiivgc\n|html|<table width=\"100%\"><tr><td align=\"left\">MaxwellBaker</td><td align=\"right\">daniiivgc</tr><tr><td align=\"left\"><i class=\"fa fa-circle\"></i> <i class=\"fa fa-circle-o\"></i> </td><td align=\"right\"><i class=\"fa fa-circle-o\"></i> <i class=\"fa fa-circle\"></i> </tr></table>\n|uhtml|bestof|<h2><strong>Game 3</strong> of <a href=\"/game-bestof3-gen9championsvgc2026regmbbo3-2674091154\">a best-of-3</a></h2>\n|t:|1788298495\n|gametype|doubles\n|player|p1|MaxwellBaker|2|1178\n|player|p2|daniiivgc|giovanni|1276\n|gen|9\n|tier|[Gen 9 Champions] VGC 2026 Reg M-B (Bo3)\n|rated|\n|rule|Species Clause: Limit one of each Pokémon\n|rule|Item Clause: Limit 1 of each item\n|clearpoke\n|poke|p1|Raichu, L50, F|\n|poke|p1|Staraptor, L50, M|\n|poke|p1|Farigiraf, L50, M|\n|poke|p1|Kingambit, L50, M|\n|poke|p1|Sylveon, L50, F, shiny|\n|poke|p1|Arcanine-Hisui, L50, M|\n|poke|p2|Metagross, L50, shiny|\n|poke|p2|Kleavor, L50, M|\n|poke|p2|Whimsicott, L50, M, shiny|\n|poke|p2|Kingambit, L50, M|\n|poke|p2|Raichu, L50, F|\n|poke|p2|Basculegion, L50, M|\n|teampreview|4\n|showteam|p1|Raichu||RaichuniteY|LightningRod|ZapCannon,FocusBlast,FakeOut,Protect|Timid||F|||50|]Staraptor||Staraptite|Intimidate|CloseCombat,BraveBird,Tailwind,Protect|Jolly||M|||50|]Farigiraf||SitrusBerry|ArmorTail|HelpingHand,Psychic,TrickRoom,Protect|Calm||M|||50|]Kingambit||LifeOrb|Defiant|KowtowCleave,SuckerPunch,SwordsDance,Protect|Adamant||M|||50|]Sylveon||FairyFeather|Pixilate|HyperVoice,HyperBeam,QuickAttack,Detect|Modest||F|||50|]Arcanine-Hisui||FocusSash|RockHead|FlareBlitz,HeadSmash,ExtremeSpeed,Protect|Jolly||M|||50|\n|showteam|p2|Metagross||Metagrossite|ClearBody|Protect,IronHead,PsychicFangs,IcePunch|Jolly|||||50|]Kleavor||FocusSash|Sharpness|Protect,StoneAxe,XScissor,Feint|Adamant||M|||50|]Whimsicott||FairyFeather|Prankster|Protect,Moonblast,Tailwind,Encore|Timid||M|||50|]Kingambit||ChopleBerry|Defiant|Protect,KowtowCleave,SuckerPunch,LowKick|Adamant||M|||50|]Raichu||RaichuniteY|LightningRod|Protect,ZapCannon,FocusBlast,FakeOut|Timid||F|||50|]Basculegion||LifeOrb|Adaptability|Protect,WaveCrash,LastRespects,AquaJet|Adamant||M|||50|\n|inactive|Battle timer is ON: inactive players will automatically lose when time's up. (requested by daniiivgc)\n|\n|t:|1788298527\n|teamsize|p1|4\n|teamsize|p2|4\n|start\n|switch|p1a: Staraptor|Staraptor, L50, M|100/100\n|switch|p1b: Raichu|Raichu, L50, F|100/100\n|switch|p2a: Metagross|Metagross, L50, shiny|100/100\n|switch|p2b: Kleavor|Kleavor, L50, M|100/100\n|-ability|p1a: Staraptor|Intimidate|boost\n|-fail|p2a: Metagross|unboost|[from] ability: Clear Body|[of] p2a: Metagross\n|-unboost|p2b: Kleavor|atk|1\n|turn|1\n|inactive|MaxwellBaker has 30 seconds left.\n|\n|t:|1788298560\n|detailschange|p1a: Staraptor|Staraptor-Mega, L50, M\n|-mega|p1a: Staraptor|Staraptor|Staraptite\n|move|p2b: Kleavor|Protect|p2b: Kleavor\n|-singleturn|p2b: Kleavor|Protect\n|move|p2a: Metagross|Protect|p2a: Metagross\n|-singleturn|p2a: Metagross|Protect\n|move|p1b: Raichu|Fake Out|p2b: Kleavor\n|-activate|p2b: Kleavor|move: Protect\n|move|p1a: Staraptor|Close Combat|p2a: Metagross\n|-activate|p2a: Metagross|move: Protect\n|\n|upkeep\n|turn|2\n|\n|t:|1788298585\n|switch|p2b: Raichu|Raichu, L50, F|100/100\n|detailschange|p2a: Metagross|Metagross-Mega, L50, shiny\n|-mega|p2a: Metagross|Metagross|Metagrossite\n|move|p2a: Metagross|Psychic Fangs|p1a: Staraptor\n|-supereffective|p1a: Staraptor|1\n|-damage|p1a: Staraptor|0 fnt\n|faint|p1a: Staraptor\n|move|p1b: Raichu|Focus Blast|p2a: Metagross|[miss]\n|-miss|p1b: Raichu|p2a: Metagross\n|\n|upkeep\n|\n|t:|1788298597\n|switch|p1a: Arcanine|Arcanine-Hisui, L50, M|100/100\n|turn|3\n|\n|t:|1788298615\n|switch|p1b: Farigiraf|Farigiraf, L50, M|100/100\n|move|p2b: Raichu|Fake Out||[still]\n|cant|p1b: Farigiraf|ability: Armor Tail|Fake Out|[of] p2b: Raichu\n|move|p2a: Metagross|Psychic Fangs|p1b: Farigiraf\n|-resisted|p1b: Farigiraf|1\n|-damage|p1b: Farigiraf|70/100\n|move|p1a: Arcanine|Flare Blitz|p2a: Metagross\n|-supereffective|p2a: Metagross|1\n|-damage|p2a: Metagross|4/100\n|\n|upkeep\n|turn|4\n|c|☆daniiivgc|xd\n|\n|t:|1788298639\n|move|p1a: Arcanine|Protect|p1a: Arcanine\n|-singleturn|p1a: Arcanine|Protect\n|move|p2a: Metagross|Iron Head|p1a: Arcanine\n|-activate|p1a: Arcanine|move: Protect\n|move|p2b: Raichu|Focus Blast|p1a: Arcanine\n|-activate|p1a: Arcanine|move: Protect\n|move|p1b: Farigiraf|Trick Room|p1b: Farigiraf\n|-fieldstart|move: Trick Room|[of] p1b: Farigiraf\n|\n|upkeep\n|turn|5\n|c|☆daniiivgc|ur plays are so rare\n|\n|t:|1788298661\n|move|p1b: Farigiraf|Psychic|p2a: Metagross\n|-resisted|p2a: Metagross|2\n|-damage|p2a: Metagross|0 fnt\n|faint|p2a: Metagross\n|move|p1a: Arcanine|Flare Blitz|p2b: Raichu\n|-damage|p2b: Raichu|21/100\n|move|p2b: Raichu|Focus Blast|p1a: Arcanine\n|-supereffective|p1a: Arcanine|1\n|-damage|p1a: Arcanine|33/100\n|\n|upkeep\n|\n|t:|1788298674\n|switch|p2a: Kleavor|Kleavor, L50, M|100/100\n|turn|6\n|\n|t:|1788298691\n|move|p1a: Arcanine|Extreme Speed|p2a: Kleavor\n|-resisted|p2a: Kleavor|1\n|-damage|p2a: Kleavor|84/100\n|move|p1b: Farigiraf|Psychic|p2a: Kleavor\n|-damage|p2a: Kleavor|26/100\n|-unboost|p2a: Kleavor|spd|1\n|move|p2a: Kleavor|Stone Axe|p1a: Arcanine\n|-supereffective|p1a: Arcanine|1\n|-damage|p1a: Arcanine|0 fnt\n|-sidestart|p1: MaxwellBaker|move: Stealth Rock\n|faint|p1a: Arcanine\n|move|p2b: Raichu|Zap Cannon|p1b: Farigiraf|[miss]\n|-miss|p2b: Raichu|p1b: Farigiraf\n|\n|upkeep\n|\n|t:|1788298704\n|switch|p1a: Raichu|Raichu, L50, F|100/100\n|-damage|p1a: Raichu|87/100|[from] Stealth Rock\n|turn|7\n|\n|t:|1788298717\n|move|p2a: Kleavor|Protect|p2a: Kleavor\n|-singleturn|p2a: Kleavor|Protect\n|move|p1a: Raichu|Fake Out|p2b: Raichu\n|-damage|p2b: Raichu|9/100\n|move|p1b: Farigiraf|Psychic|p2a: Kleavor\n|-activate|p2a: Kleavor|move: Protect\n|cant|p2b: Raichu|flinch\n|\n|upkeep\n|turn|8\n|\n|t:|1788298730\n|switch|p2a: Basculegion|Basculegion, L50, M|100/100\n|move|p1a: Raichu|Protect|p1a: Raichu\n|-singleturn|p1a: Raichu|Protect\n|move|p1b: Farigiraf|Psychic|p2a: Basculegion\n|-damage|p2a: Basculegion|60/100\n|move|p2b: Raichu|Focus Blast|p1b: Farigiraf\n|-damage|p1b: Farigiraf|48/100\n|-unboost|p1b: Farigiraf|spd|1\n|-enditem|p1b: Farigiraf|Sitrus Berry|[eat]\n|-heal|p1b: Farigiraf|73/100|[from] item: Sitrus Berry\n|\n|-fieldend|move: Trick Room\n|upkeep\n|turn|9\n|inactive|MaxwellBaker has 30 seconds left.\n|inactive|daniiivgc has 30 seconds left.\n|inactive|MaxwellBaker has 20 seconds left.\n|\n|t:|1788298765\n|move|p2b: Raichu|Protect|p2b: Raichu\n|-singleturn|p2b: Raichu|Protect\n|move|p1a: Raichu|Protect|p1a: Raichu\n|-singleturn|p1a: Raichu|Protect\n|move|p2a: Basculegion|Last Respects|p1a: Raichu\n|-activate|p1a: Raichu|move: Protect\n|move|p1b: Farigiraf|Psychic|p2b: Raichu\n|-activate|p2b: Raichu|move: Protect\n|\n|upkeep\n|turn|10\n|c|☆daniiivgc|hahahahaha\n|c|☆daniiivgc|sure\n|\n|t:|1788298781\n|move|p2b: Raichu|Protect||[still]\n|-fail|p2b: Raichu\n|move|p1a: Raichu|Focus Blast|p2b: Raichu\n|-damage|p2b: Raichu|0 fnt\n|faint|p2b: Raichu\n|move|p2a: Basculegion|Last Respects|p1a: Raichu\n|-damage|p1a: Raichu|0 fnt\n|faint|p1a: Raichu\n|-damage|p2a: Basculegion|50/100g|[from] item: Life Orb\n|move|p1b: Farigiraf|Psychic|p2a: Basculegion\n|-damage|p2a: Basculegion|7/100\n|\n|upkeep\n|\n|t:|1788298792\n|switch|p2b: Kleavor|Kleavor, L50, M|26/100\n|turn|11\n|c|☆MaxwellBaker|I'm tRyInG\n|c|☆daniiivgc|gg\n|c|☆MaxwellBaker|gg\n|\n|t:|1788298815\n|move|p2b: Kleavor|X-Scissor|p1b: Farigiraf\n|-supereffective|p1b: Farigiraf|1\n|-damage|p1b: Farigiraf|0 fnt\n|faint|p1b: Farigiraf\n|\n|win|daniiivgc\n|raw|MaxwellBaker's rating: 1178 &rarr; <strong>1160</strong><br />(-18 for losing)\n|raw|daniiivgc's rating: 1276 &rarr; <strong>1294</strong><br />(+18 for winning)\n","uploadtime":1788298815,"views":"0","formatid":"gen9championsvgc2026regmbbo3","rating":1160,"private":0,"password":null}