{"id":"gen9championsvgc2026regmbbo3-2674914226","format":"[Gen 9 Champions] VGC 2026 Reg M-B (Bo3)","players":["ZURUYO","kigokigo"],"log":"|j|☆ZURUYO\n|j|☆kigokigo\n|html|<table width=\"100%\"><tr><td align=\"left\">ZURUYO</td><td align=\"right\">kigokigo</tr><tr><td align=\"left\"><i class=\"fa fa-circle-o\"></i> <i class=\"fa fa-circle-o\"></i> </td><td align=\"right\"><i class=\"fa fa-circle-o\"></i> <i class=\"fa fa-circle-o\"></i> </tr></table>\n|uhtml|bestof|<h2><strong>Game 1</strong> of <a href=\"/game-bestof3-gen9championsvgc2026regmbbo3-2674914225\">a best-of-3</a></h2>\n|t:|1788435018\n|gametype|doubles\n|player|p1|ZURUYO|roxie|1072\n|player|p2|kigokigo|101|1146\n|gen|9\n|tier|[Gen 9 Champions] VGC 2026 Reg M-B (Bo3)\n|rated|\n|rule|Species Clause: Limit one of each Pokémon\n|rule|Item Clause: Limit 1 of each item\n|clearpoke\n|poke|p1|Charizard, L50, F|\n|poke|p1|Whimsicott, L50, M|\n|poke|p1|Garchomp, L50, F|\n|poke|p1|Floette-Eternal, L50, F|\n|poke|p1|Basculegion, L50, M|\n|poke|p1|Kingambit, L50, F|\n|poke|p2|Staraptor, L50, F|\n|poke|p2|Whimsicott, L50, M|\n|poke|p2|Incineroar, L50, F|\n|poke|p2|Grimmsnarl, L50, M|\n|poke|p2|Clefable, L50, F|\n|poke|p2|Raichu, L50, F|\n|teampreview|4\n|showteam|p1|Charizard||CharizarditeY|Blaze|HeatWave,WeatherBall,AncientPower,Protect|Timid||F|||50|]Whimsicott||FocusSash|Prankster|Moonblast,Tailwind,Encore,Protect|Timid||M|||50|]Garchomp||SitrusBerry|RoughSkin|DragonClaw,Earthquake,RockSlide,Protect|Jolly||F|||50|]Floette-Eternal||Floettite|FlowerVeil|Moonblast,DazzlingGleam,LightofRuin,Protect|Modest||F|||50|]Basculegion||LifeOrb|Adaptability|WaveCrash,LastRespects,AquaJet,Protect|Adamant||M|||50|]Kingambit||OccaBerry|Defiant|KowtowCleave,SuckerPunch,IronHead,LowKick|Adamant||F|||50|\n|showteam|p2|Staraptor||Staraptite|Intimidate|CloseCombat,DualWingbeat,Roost,Protect|Jolly||F|||50|]Whimsicott||FocusSash|Prankster|Charm,Encore,Safeguard,Protect|Bold||M|||50|]Incineroar||SitrusBerry|Intimidate|PartingShot,FlareBlitz,Snarl,FakeOut|Calm||F|||50|]Grimmsnarl||LightClay|Prankster|LightScreen,Reflect,PartingShot,SpiritBreak|Calm||M|||50|]Clefable||Leftovers|Unaware|FollowMe,Moonlight,Charm,CosmicPower|Calm||F|||50|]Raichu||ShucaBerry|LightningRod|Charm,Encore,Protect,VoltSwitch|Timid||F|||50|\n|inactive|Battle timer is ON: inactive players will automatically lose when time's up. (requested by kigokigo)\n|inactive|ZURUYO has 60 seconds left.\n|\n|t:|1788435081\n|teamsize|p1|4\n|teamsize|p2|4\n|start\n|switch|p1a: Floette|Floette-Eternal, L50, F|100/100\n|switch|p1b: Whimsicott|Whimsicott, L50, M|100/100\n|switch|p2a: Incineroar|Incineroar, L50, F|100/100\n|switch|p2b: Grimmsnarl|Grimmsnarl, L50, M|100/100\n|-ability|p2a: Incineroar|Intimidate|boost\n|-unboost|p1a: Floette|atk|1\n|-block|p1b: Whimsicott|ability: Flower Veil|[of] p1a: Floette\n|turn|1\n|\n|t:|1788435105\n|detailschange|p1a: Floette|Floette-Mega, L50, F\n|-mega|p1a: Floette|Floette|Floettite\n|-ability|p1a: Floette|Fairy Aura\n|move|p1b: Whimsicott|Tailwind|p1b: Whimsicott\n|-sidestart|p1: ZURUYO|move: Tailwind\n|move|p2b: Grimmsnarl|Light Screen|p2b: Grimmsnarl\n|-sidestart|p2: kigokigo|move: Light Screen\n|move|p1a: Floette|Dazzling Gleam|p2b: Grimmsnarl|[spread] p2a,p2b\n|-supereffective|p2b: Grimmsnarl|1\n|-crit|p2b: Grimmsnarl\n|-damage|p2a: Incineroar|72/100\n|-damage|p2b: Grimmsnarl|0 fnt\n|faint|p2b: Grimmsnarl\n|move|p2a: Incineroar|Snarl|p1b: Whimsicott|[spread] p1a,p1b\n|-resisted|p1a: Floette|1\n|-resisted|p1b: Whimsicott|1\n|-damage|p1a: Floette|95/100\n|-damage|p1b: Whimsicott|90/100\n|-unboost|p1a: Floette|spa|1\n|-unboost|p1b: Whimsicott|spa|1\n|\n|upkeep\n|inactive|kigokigo has 30 seconds left.\n|\n|t:|1788435134\n|switch|p2b: Whimsicott|Whimsicott, L50, M|100/100\n|turn|2\n|\n|t:|1788435150\n|switch|p1a: Kingambit|Kingambit, L50, F|100/100\n|move|p2b: Whimsicott|Encore|p1b: Whimsicott\n|-start|p1b: Whimsicott|Encore\n|move|p1b: Whimsicott|Tailwind||[still]\n|-fail|p1b: Whimsicott\n|move|p2a: Incineroar|Snarl|p1a: Kingambit|[spread] p1a,p1b\n|-resisted|p1a: Kingambit|1\n|-resisted|p1b: Whimsicott|1\n|-damage|p1a: Kingambit|93/100\n|-damage|p1b: Whimsicott|80/100\n|-unboost|p1a: Kingambit|spa|1\n|-ability|p1a: Kingambit|Defiant|boost\n|-boost|p1a: Kingambit|atk|2\n|-unboost|p1b: Whimsicott|spa|1\n|\n|upkeep\n|turn|3\n|inactive|kigokigo has 30 seconds left.\n|\n|t:|1788435184\n|switch|p1b: Floette|Floette-Mega, L50, F|95/100\n|-ability|p1b: Floette|Fairy Aura\n|move|p2b: Whimsicott|Charm|p1b: Floette\n|-unboost|p1b: Floette|atk|2\n|move|p1a: Kingambit|Low Kick|p2a: Incineroar\n|-supereffective|p2a: Incineroar|1\n|-damage|p2a: Incineroar|0 fnt\n|faint|p2a: Incineroar\n|\n|upkeep\n|\n|t:|1788435194\n|switch|p2a: Staraptor|Staraptor, L50, F|100/100\n|-ability|p2a: Staraptor|Intimidate|boost\n|-unboost|p1a: Kingambit|atk|1\n|-ability|p1a: Kingambit|Defiant|boost\n|-boost|p1a: Kingambit|atk|2\n|-unboost|p1b: Floette|atk|1\n|turn|4\n|\n|t:|1788435203\n|detailschange|p2a: Staraptor|Staraptor-Mega, L50, F\n|-mega|p2a: Staraptor|Staraptor|Staraptite\n|move|p2b: Whimsicott|Protect|p2b: Whimsicott\n|-singleturn|p2b: Whimsicott|Protect\n|move|p2a: Staraptor|Protect|p2a: Staraptor\n|-singleturn|p2a: Staraptor|Protect\n|move|p1a: Kingambit|Sucker Punch||[still]\n|-fail|p1a: Kingambit\n|move|p1b: Floette|Dazzling Gleam|p2b: Whimsicott|[spread] \n|-activate|p2a: Staraptor|move: Protect\n|-activate|p2b: Whimsicott|move: Protect\n|\n|-sideend|p1: ZURUYO|move: Tailwind\n|upkeep\n|turn|5\n|\n|t:|1788435213\n|move|p2b: Whimsicott|Charm|p2a: Staraptor\n|-boost|p2a: Staraptor|atk|2\n|move|p1a: Kingambit|Sucker Punch|p2a: Staraptor\n|-resisted|p2a: Staraptor|1\n|-damage|p2a: Staraptor|41/100\n|move|p2a: Staraptor|Dual Wingbeat|p1b: Floette\n|-damage|p1b: Floette|44/100\n|-damage|p1b: Floette|0 fnt\n|faint|p1b: Floette\n|-hitcount|p1: Floette|2\n|\n|upkeep\n|\n|t:|1788435233\n|switch|p1b: Whimsicott|Whimsicott, L50, M|80/100\n|turn|6\n|\n|t:|1788435246\n|move|p1b: Whimsicott|Encore|p2a: Staraptor\n|-start|p2a: Staraptor|Encore\n|move|p2b: Whimsicott|Charm|p2a: Staraptor\n|-boost|p2a: Staraptor|atk|2\n|move|p1a: Kingambit|Sucker Punch|p2a: Staraptor\n|-resisted|p2a: Staraptor|1\n|-damage|p2a: Staraptor|0 fnt\n|faint|p2a: Staraptor\n|\n|upkeep\n|turn|7\n|inactive|kigokigo has 30 seconds left.\n|inactive|kigokigo has 20 seconds left.\n|inactive|kigokigo has 15 seconds left.\n|inactive|kigokigo has 10 seconds left.\n|l|☆kigokigo\n|inactive|kigokigo disconnected and has a minute to reconnect!\n|player|p2|\n|inactive|kigokigo has 5 seconds left.\n|-message|kigokigo lost due to inactivity.\n|\n|win|ZURUYO\n||ZURUYO is ready for game 2.\n|inactive|kigokigo has 30 seconds to confirm battle start!\n|inactive|kigokigo has 20 seconds to confirm battle start!\n|inactive|kigokigo has 10 seconds to confirm battle start!\n|uhtml|next|Next: <a href=\"/battle-gen9championsvgc2026regmbbo3-2674915987\"><strong>Game 2 of 3</strong></a>\n","uploadtime":1788435654,"views":"0","formatid":"gen9championsvgc2026regmbbo3","rating":null,"private":0,"password":null}