{"id":"gen9championsvgc2026regmb-2674357693","format":"[Gen 9 Champions] VGC 2026 Reg M-B","players":["AnTree4","Hzqmrln"],"log":"|j|☆AnTree4\n|j|☆Hzqmrln\n|t:|1788348173\n|gametype|doubles\n|player|p1|AnTree4|266|1559\n|player|p2|Hzqmrln|170|1578\n|gen|9\n|tier|[Gen 9 Champions] VGC 2026 Reg M-B\n|rated|\n|rule|Species Clause: Limit one of each Pokémon\n|rule|Item Clause: Limit 1 of each item\n|clearpoke\n|poke|p1|Garganacl, L50, M|\n|poke|p1|Charizard, L50, M|\n|poke|p1|Venusaur, L50, M|\n|poke|p1|Annihilape, L50, F|\n|poke|p1|Staraptor, L50, F|\n|poke|p1|Umbreon, L50, F|\n|poke|p2|Raichu, L50, F|\n|poke|p2|Staraptor, L50, F|\n|poke|p2|Arcanine-Hisui, L50, M|\n|poke|p2|Farigiraf, L50, M|\n|poke|p2|Sylveon, L50, F|\n|poke|p2|Kingambit, L50, M|\n|teampreview|4\n|inactive|Battle timer is ON: inactive players will automatically lose when time's up. (requested by Hzqmrln)\n|j| KattaMou\n|inactive|AnTree4 has 60 seconds left.\n|inactive|Hzqmrln has 60 seconds left.\n|\n|t:|1788348211\n|teamsize|p1|4\n|teamsize|p2|4\n|start\n|switch|p1a: Annihilape|Annihilape, L50, F|100/100\n|switch|p1b: Umbreon|Umbreon, L50, F|100/100\n|switch|p2a: Raichu|Raichu, L50, F|100/100\n|switch|p2b: Arcanine|Arcanine-Hisui, L50, M|100/100\n|turn|1\n|inactive|AnTree4 has 30 seconds left.\n|inactive|Hzqmrln has 30 seconds left.\n|inactive|AnTree4 has 20 seconds left.\n|\n|t:|1788348247\n|detailschange|p2a: Raichu|Raichu-Mega-Y, L50, F\n|-mega|p2a: Raichu|Raichu|Raichunite Y\n|move|p2b: Arcanine|Protect|p2b: Arcanine\n|-singleturn|p2b: Arcanine|Protect\n|move|p1a: Annihilape|Rock Slide|p2b: Arcanine|[spread] p2a\n|-activate|p2b: Arcanine|move: Protect\n|-damage|p2a: Raichu|63/100\n|cant|p2a: Raichu|flinch\n|move|p1b: Umbreon|Foul Play|p2a: Raichu\n|-damage|p2a: Raichu|7/100\n|\n|upkeep\n|turn|2\n|\n|t:|1788348261\n|switch|p2b: Sylveon|Sylveon, L50, F|100/100\n|move|p2a: Raichu|Protect|p2a: Raichu\n|-singleturn|p2a: Raichu|Protect\n|move|p1a: Annihilape|Rock Slide|p2a: Raichu|[spread] p2b\n|-activate|p2a: Raichu|move: Protect\n|-damage|p2b: Sylveon|78/100\n|move|p1b: Umbreon|Foul Play|p2b: Sylveon\n|-resisted|p2b: Sylveon|1\n|-damage|p2b: Sylveon|68/100\n|\n|upkeep\n|turn|3\n|\n|t:|1788348285\n|move|p1a: Annihilape|Rock Slide|p2a: Raichu|[spread] p2a,p2b\n|-damage|p2a: Raichu|0 fnt\n|-damage|p2b: Sylveon|46/100\n|faint|p2a: Raichu\n|move|p2b: Sylveon|Hyper Voice|p1b: Umbreon|[spread] p1a,p1b\n|-supereffective|p1a: Annihilape|1\n|-supereffective|p1b: Umbreon|1\n|-damage|p1a: Annihilape|1/100\n|-damage|p1b: Umbreon|52/100\n|move|p1b: Umbreon|Yawn|p2b: Sylveon\n|-start|p2b: Sylveon|move: Yawn|[of] p1b: Umbreon\n|\n|upkeep\n|\n|t:|1788348302\n|switch|p2a: Staraptor|Staraptor, L50, F|100/100\n|-ability|p2a: Staraptor|Intimidate|boost\n|-unboost|p1a: Annihilape|atk|1\n|-ability|p1a: Annihilape|Defiant|boost\n|-boost|p1a: Annihilape|atk|2\n|-fail|p1b: Umbreon|unboost|atk|[from] ability: Inner Focus|[of] p1b: Umbreon\n|turn|4\n|\n|t:|1788348316\n|move|p2b: Sylveon|Quick Attack|p1a: Annihilape\n|-supereffective|p1a: Annihilape|1\n|-damage|p1a: Annihilape|0 fnt\n|faint|p1a: Annihilape\n|move|p2a: Staraptor|Tailwind|p2a: Staraptor\n|-sidestart|p2: Hzqmrln|move: Tailwind\n|move|p1b: Umbreon|Foul Play|p2a: Staraptor\n|-damage|p2a: Staraptor|38/100\n|\n|-end|p2b: Sylveon|move: Yawn|[silent]\n|-status|p2b: Sylveon|slp\n|upkeep\n|\n|t:|1788348323\n|switch|p1a: Staraptor|Staraptor, L50, F|100/100\n|-ability|p1a: Staraptor|Intimidate|boost\n|-unboost|p2a: Staraptor|atk|1\n|-unboost|p2b: Sylveon|atk|1\n|turn|5\n|l| KattaMou\n|inactive|AnTree4 has 30 seconds left.\n|\n|t:|1788348351\n|detailschange|p1a: Staraptor|Staraptor-Mega, L50, F\n|-mega|p1a: Staraptor|Staraptor|Staraptite\n|move|p2a: Staraptor|Dual Wingbeat|p1a: Staraptor\n|-supereffective|p1a: Staraptor|1\n|-damage|p1a: Staraptor|75/100\n|-supereffective|p1a: Staraptor|1\n|-damage|p1a: Staraptor|47/100\n|-hitcount|p1a: Staraptor|2\n|cant|p2b: Sylveon|slp\n|move|p1a: Staraptor|Close Combat|p2b: Sylveon\n|-resisted|p2b: Sylveon|1\n|-damage|p2b: Sylveon|10/100 slp\n|-boost|p1a: Staraptor|def|1\n|-boost|p1a: Staraptor|spd|1\n|move|p1b: Umbreon|Yawn|p2a: Staraptor\n|-start|p2a: Staraptor|move: Yawn|[of] p1b: Umbreon\n|\n|upkeep\n|turn|6\n|\n|t:|1788348374\n|move|p1a: Staraptor|Protect|p1a: Staraptor\n|-singleturn|p1a: Staraptor|Protect\n|move|p2a: Staraptor|Dual Wingbeat|p1a: Staraptor\n|-activate|p1a: Staraptor|move: Protect\n|cant|p2b: Sylveon|slp\n|move|p1b: Umbreon|Foul Play|p2b: Sylveon\n|-resisted|p2b: Sylveon|1\n|-damage|p2b: Sylveon|2/100 slp\n|\n|-end|p2a: Staraptor|move: Yawn|[silent]\n|-status|p2a: Staraptor|slp\n|upkeep\n|turn|7\n|inactive|AnTree4 has 30 seconds left.\n|\n|t:|1788348400\n|cant|p2a: Staraptor|slp\n|-curestatus|p2b: Sylveon|slp|[msg]\n|move|p2b: Sylveon|Hyper Voice|p1a: Staraptor|[spread] p1a,p1b\n|-supereffective|p1a: Staraptor|1\n|-supereffective|p1b: Umbreon|1\n|-damage|p1a: Staraptor|0 fnt\n|-damage|p1b: Umbreon|1/100\n|-enditem|p1b: Umbreon|Sitrus Berry|[eat]\n|-heal|p1b: Umbreon|25/100|[from] item: Sitrus Berry\n|faint|p1a: Staraptor\n|move|p1b: Umbreon|Foul Play|p2a: Staraptor\n|-damage|p2a: Staraptor|0 fnt\n|faint|p2a: Staraptor\n|\n|-sideend|p2: Hzqmrln|move: Tailwind\n|upkeep\n|\n|t:|1788348407\n|switch|p1a: Garganacl|Garganacl, L50, M|100/100\n|switch|p2a: Arcanine|Arcanine-Hisui, L50, M|100/100\n|turn|8\n|\n|t:|1788348427\n|move|p1b: Umbreon|Protect|p1b: Umbreon\n|-singleturn|p1b: Umbreon|Protect\n|move|p2a: Arcanine|Head Smash|p1a: Garganacl\n|-damage|p1a: Garganacl|56/100\n|move|p2b: Sylveon|Hyper Beam|p1b: Umbreon\n|-activate|p1b: Umbreon|move: Protect\n|move|p1a: Garganacl|Salt Cure|p2b: Sylveon\n|-damage|p2b: Sylveon|0 fnt\n|faint|p2b: Sylveon\n|\n|-heal|p1a: Garganacl|61/100|[from] item: Leftovers\n|upkeep\n|turn|9\n|\n|t:|1788348442\n|move|p2a: Arcanine|Flare Blitz|p1b: Umbreon\n|-crit|p1b: Umbreon\n|-damage|p1b: Umbreon|0 fnt\n|faint|p1b: Umbreon\n|move|p1a: Garganacl|Salt Cure|p2a: Arcanine\n|-supereffective|p2a: Arcanine|1\n|-damage|p2a: Arcanine|65/100\n|-start|p2a: Arcanine|Salt Cure\n|\n|-heal|p1a: Garganacl|67/100|[from] item: Leftovers\n|-damage|p2a: Arcanine|59/100|[from] Salt Cure\n|upkeep\n|turn|10\n|\n|t:|1788348451\n|move|p1a: Garganacl|Protect|p1a: Garganacl\n|-singleturn|p1a: Garganacl|Protect\n|move|p2a: Arcanine|Head Smash|p1a: Garganacl\n|-activate|p1a: Garganacl|move: Protect\n|\n|-heal|p1a: Garganacl|73/100|[from] item: Leftovers\n|-damage|p2a: Arcanine|53/100|[from] Salt Cure\n|upkeep\n|turn|11\n|\n|t:|1788348454\n|move|p2a: Arcanine|Head Smash|p1a: Garganacl\n|-damage|p1a: Garganacl|24/100\n|move|p1a: Garganacl|Salt Cure|p2a: Arcanine\n|-supereffective|p2a: Arcanine|1\n|-damage|p2a: Arcanine|15/100\n|\n|-heal|p1a: Garganacl|29/100|[from] item: Leftovers\n|-damage|p2a: Arcanine|9/100|[from] Salt Cure\n|upkeep\n|turn|12\n|\n|t:|1788348459\n|move|p1a: Garganacl|Protect|p1a: Garganacl\n|-singleturn|p1a: Garganacl|Protect\n|move|p2a: Arcanine|Head Smash|p1a: Garganacl\n|-activate|p1a: Garganacl|move: Protect\n|\n|-heal|p1a: Garganacl|35/100|[from] item: Leftovers\n|-damage|p2a: Arcanine|3/100|[from] Salt Cure\n|upkeep\n|turn|13\n|\n|t:|1788348467\n|move|p1a: Garganacl|Protect||[still]\n|-fail|p1a: Garganacl\n|move|p2a: Arcanine|Head Smash|p1a: Garganacl|[miss]\n|-miss|p2a: Arcanine|p1a: Garganacl\n|\n|-heal|p1a: Garganacl|41/100|[from] item: Leftovers\n|-damage|p2a: Arcanine|0 fnt|[from] Salt Cure\n|faint|p2a: Arcanine\n|\n|win|AnTree4\n|raw|AnTree4's rating: 1559 &rarr; <strong>1580</strong><br />(+21 for winning)\n|raw|Hzqmrln's rating: 1578 &rarr; <strong>1557</strong><br />(-21 for losing)\n|c|☆Hzqmrln|Gg\n|c|☆AnTree4|gg\n|c|☆Hzqmrln|50/50 at the last lol\n|c|☆Hzqmrln|Thats what you get when you use 80 accuracy attack lol\n","uploadtime":1788348531,"views":"0","formatid":"gen9championsvgc2026regmb","rating":1557,"private":0,"password":null}