{"id":"gen9championsvgc2026regmbbo3-2673915291","format":"[Gen 9 Champions] VGC 2026 Reg M-B (Bo3)","players":["IronSerpentFan","Aikong"],"log":"|j|☆IronSerpentFan\n|j|☆Aikong\n|html|<table width=\"100%\"><tr><td align=\"left\">IronSerpentFan</td><td align=\"right\">Aikong</tr><tr><td align=\"left\"><i class=\"fa fa-circle-o\"></i> <i class=\"fa fa-circle-o\"></i> </td><td align=\"right\"><i class=\"fa fa-circle-o\"></i> <i class=\"fa fa-circle\"></i> </tr></table>\n|uhtml|bestof|<h2><strong>Game 2</strong> of <a href=\"/game-bestof3-gen9championsvgc2026regmbbo3-2673912178\">a best-of-3</a></h2>\n|t:|1788276644\n|gametype|doubles\n|player|p1|IronSerpentFan|schoolkid-gen4|1077\n|player|p2|Aikong|266|1073\n|gen|9\n|tier|[Gen 9 Champions] VGC 2026 Reg M-B (Bo3)\n|rated|\n|rule|Species Clause: Limit one of each Pokémon\n|rule|Item Clause: Limit 1 of each item\n|clearpoke\n|poke|p1|Politoed, L50, M|\n|poke|p1|Gengar, L50, F|\n|poke|p1|Incineroar, L50, M|\n|poke|p1|Sinistcha, L50|\n|poke|p1|Whimsicott, L50, M|\n|poke|p1|Staraptor, L50, F|\n|poke|p2|Umbreon, L50, F, shiny|\n|poke|p2|Feraligatr, L50, F, shiny|\n|poke|p2|Sneasler, L50, F, shiny|\n|poke|p2|Incineroar, L50, M|\n|poke|p2|Metagross, L50, shiny|\n|poke|p2|Sinistcha-Masterpiece, L50|\n|teampreview|4\n|showteam|p1|Politoed||SitrusBerry|Drizzle|Protect,Encore,WeatherBall,PerishSong|Modest||M|||50|]Gengar||Gengarite|CursedBody|Protect,Disable,ShadowBall,SludgeBomb|Timid||F|||50|]Incineroar||PasshoBerry|Intimidate|Protect,FakeOut,ThroatChop,PartingShot|Sassy||M|||50|]Sinistcha||ColburBerry|Hospitality|Protect,RagePowder,MatchaGotcha,TrickRoom|Sassy|||||50|]Whimsicott||FocusSash|Prankster|Protect,Tailwind,Moonblast,Charm|Timid||M|||50|]Staraptor||Staraptite|Intimidate|Protect,Roost,CloseCombat,BraveBird|Jolly||F|||50|\n|showteam|p2|Umbreon||Leftovers|InnerFocus|Detect,FoulPlay,Snarl,Yawn|Bold||F|||50|]Feraligatr||Feraligite|SheerForce|DragonDance,Liquidation,Facade,Protect|Adamant||F|||50|]Sneasler||FocusSash|Unburden|FakeOut,Coaching,CloseCombat,DireClaw|Jolly||F|||50|]Incineroar||LifeOrb|Intimidate|FakeOut,FlareBlitz,CloseCombat,DarkestLariat|Adamant||M|||50|]Metagross||Metagrossite|ClearBody|CosmicPower,BodyPress,PsychicFangs,Protect|Jolly|||||50|]Sinistcha-Masterpiece||SitrusBerry|Hospitality|MatchaGotcha,Protect,LifeDew,RagePowder|Bold|||||50|\n|inactive|Battle timer is ON: inactive players will automatically lose when time's up. (requested by IronSerpentFan)\n|\n|t:|1788276656\n|teamsize|p1|4\n|teamsize|p2|4\n|start\n|switch|p1a: Politoed|Politoed, L50, M|100/100\n|switch|p1b: Gengar|Gengar, L50, F|100/100\n|switch|p2a: Sneasler|Sneasler, L50, F, shiny|100/100\n|switch|p2b: Metagross|Metagross, L50, shiny|100/100\n|-weather|RainDance|[from] ability: Drizzle|[of] p1a: Politoed\n|turn|1\n|\n|t:|1788276665\n|detailschange|p1b: Gengar|Gengar-Mega, L50, F\n|-mega|p1b: Gengar|Gengar|Gengarite\n|detailschange|p2b: Metagross|Metagross-Mega, L50, shiny\n|-mega|p2b: Metagross|Metagross|Metagrossite\n|move|p1b: Gengar|Protect|p1b: Gengar\n|-singleturn|p1b: Gengar|Protect\n|move|p1a: Politoed|Protect|p1a: Politoed\n|-singleturn|p1a: Politoed|Protect\n|move|p2a: Sneasler|Fake Out|p1a: Politoed\n|-activate|p1a: Politoed|move: Protect\n|move|p2b: Metagross|Cosmic Power|p2b: Metagross\n|-boost|p2b: Metagross|def|1\n|-boost|p2b: Metagross|spd|1\n|\n|-weather|RainDance|[upkeep]\n|upkeep\n|turn|2\n|inactive|Aikong has 30 seconds left.\n|\n|t:|1788276698\n|switch|p1b: Incineroar|Incineroar, L50, M|100/100\n|-ability|p1b: Incineroar|Intimidate|boost\n|-unboost|p2a: Sneasler|atk|1\n|-unboost|p2b: Metagross|atk|1\n|move|p2a: Sneasler|Close Combat|p1a: Politoed\n|-damage|p1a: Politoed|61/100\n|-unboost|p2a: Sneasler|def|1\n|-unboost|p2a: Sneasler|spd|1\n|move|p2b: Metagross|Psychic Fangs|p1a: Politoed\n|-damage|p1a: Politoed|27/100\n|-enditem|p1a: Politoed|Sitrus Berry|[eat]\n|-heal|p1a: Politoed|52/100|[from] item: Sitrus Berry\n|move|p1a: Politoed|Encore|p2b: Metagross\n|-start|p2b: Metagross|Encore\n|\n|-weather|RainDance|[upkeep]\n|upkeep\n|turn|3\n|\n|t:|1788276722\n|switch|p2a: Incineroar|Incineroar, L50, M|100/100\n|-ability|p2a: Incineroar|Intimidate|boost\n|-unboost|p1a: Politoed|atk|1\n|-unboost|p1b: Incineroar|atk|1\n|switch|p1a: Gengar|Gengar-Mega, L50, F|100/100\n|move|p1b: Incineroar|Fake Out|p2b: Metagross\n|-resisted|p2b: Metagross|1\n|-damage|p2b: Metagross|98/100\n|cant|p2b: Metagross|flinch\n|\n|-weather|RainDance|[upkeep]\n|upkeep\n|turn|4\n|inactive|IronSerpentFan has 30 seconds left.\n|\n|t:|1788276753\n|switch|p1b: Sinistcha|Sinistcha, L50|100/100\n|move|p1a: Gengar|Protect|p1a: Gengar\n|-singleturn|p1a: Gengar|Protect\n|move|p2b: Metagross|Psychic Fangs|p1a: Gengar\n|-activate|p1a: Gengar|move: Protect\n|move|p2a: Incineroar|Darkest Lariat|p1a: Gengar\n|-activate|p1a: Gengar|move: Protect\n|\n|-weather|RainDance|[upkeep]\n|upkeep\n|turn|5\n|inactive|IronSerpentFan has 30 seconds left.\n|inactive|Aikong has 30 seconds left.\n|\n|t:|1788276788\n|move|p1b: Sinistcha|Rage Powder|p1b: Sinistcha\n|-singleturn|p1b: Sinistcha|move: Rage Powder\n|move|p1a: Gengar|Disable|p2b: Metagross\n|-start|p2b: Metagross|Disable|Psychic Fangs\n|cant|p2b: Metagross|Disable|Psychic Fangs\n|move|p2a: Incineroar|Darkest Lariat|p1b: Sinistcha\n|-supereffective|p1b: Sinistcha|1\n|-enditem|p1b: Sinistcha|Colbur Berry|[eat]\n|-enditem|p1b: Sinistcha|Colbur Berry|[weaken]\n|-damage|p1b: Sinistcha|43/100\n|-damage|p2a: Incineroar|90/100|[from] item: Life Orb\n|\n|-weather|none\n|-end|p2b: Metagross|Encore\n|upkeep\n|turn|6\n|\n|t:|1788276812\n|move|p1b: Sinistcha|Protect|p1b: Sinistcha\n|-singleturn|p1b: Sinistcha|Protect\n|move|p1a: Gengar|Disable|p2a: Incineroar\n|-start|p2a: Incineroar|Disable|Darkest Lariat\n|move|p2b: Metagross|Cosmic Power|p2b: Metagross\n|-boost|p2b: Metagross|def|1\n|-boost|p2b: Metagross|spd|1\n|move|p2a: Incineroar|Flare Blitz|p1a: Gengar\n|-crit|p1a: Gengar\n|-damage|p1a: Gengar|0 fnt\n|faint|p1a: Gengar\n|-damage|p2a: Incineroar|67/100|[from] Recoil\n|-damage|p2a: Incineroar|57/100|[from] item: Life Orb\n|\n|upkeep\n|-message|IronSerpentFan forfeited.\n|\n|win|Aikong\n|raw|IronSerpentFan's rating: 1077 &rarr; <strong>1055</strong><br />(-22 for losing)\n|raw|Aikong's rating: 1073 &rarr; <strong>1102</strong><br />(+29 for winning)\n","uploadtime":1788276836,"views":"0","formatid":"gen9championsvgc2026regmbbo3","rating":1055,"private":0,"password":null}