{"id":"gen9championsvgc2026regmbbo3-2673643590","format":"[Gen 9 Champions] VGC 2026 Reg M-B (Bo3)","players":["TPOT_pkmn","Badboy42069"],"log":"|j|☆TPOT_pkmn\n|j|☆Badboy42069\n|html|<table width=\"100%\"><tr><td align=\"left\">TPOT_pkmn</td><td align=\"right\">Badboy42069</tr><tr><td align=\"left\"><i class=\"fa fa-circle-o\"></i> <i class=\"fa fa-circle-o\"></i> </td><td align=\"right\"><i class=\"fa fa-circle-o\"></i> <i class=\"fa fa-circle-o\"></i> </tr></table>\n|uhtml|bestof|<h2><strong>Game 1</strong> of <a href=\"/game-bestof3-gen9championsvgc2026regmbbo3-2673643588\">a best-of-3</a></h2>\n|t:|1788226087\n|gametype|doubles\n|player|p1|TPOT_pkmn|hilbert-wonderlauncher|1371\n|player|p2|Badboy42069|swimmerf|1314\n|gen|9\n|tier|[Gen 9 Champions] VGC 2026 Reg M-B (Bo3)\n|rated|\n|rule|Species Clause: Limit one of each Pokémon\n|rule|Item Clause: Limit 1 of each item\n|clearpoke\n|poke|p1|Sneasler, L50, F|\n|poke|p1|Delphox, L50, M|\n|poke|p1|Kingambit, L50, M|\n|poke|p1|Sinistcha, L50|\n|poke|p1|Incineroar, L50, M|\n|poke|p1|Blastoise, L50, M|\n|poke|p2|Staraptor, L50, F|\n|poke|p2|Whimsicott, L50, M|\n|poke|p2|Delphox, L50, M|\n|poke|p2|Kingambit, L50, M|\n|poke|p2|Garchomp, L50, M|\n|poke|p2|Glimmora, L50, F|\n|teampreview|4\n|showteam|p1|Sneasler||FocusSash|PoisonTouch|PoisonJab,QuickGuard,CloseCombat,FakeOut|Jolly||F|||50|]Delphox||Delphoxite|Blaze|HeatWave,Psychic,NastyPlot,Protect|Timid||M|||50|]Kingambit||LifeOrb|Defiant|KowtowCleave,SuckerPunch,SwordsDance,Protect|Adamant||M|||50|]Sinistcha||ColburBerry|Hospitality|MatchaGotcha,RagePowder,TrickRoom,Protect|Bold|||||50|]Incineroar||SitrusBerry|Intimidate|FlareBlitz,HelpingHand,PartingShot,FakeOut|Impish||M|||50|]Blastoise||Blastoisinite|RainDish|WaterSpout,DarkPulse,ShellSmash,Protect|Modest||M|||50|\n|showteam|p2|Staraptor||Staraptite|Intimidate|CloseCombat,BraveBird,Roost,Protect|Jolly||F|||50|]Whimsicott||OccaBerry|Prankster|Charm,LightScreen,Moonblast,Tailwind|Bold||M|||50|]Delphox||Delphoxite|Blaze|Psychic,HeatWave,Substitute,Protect|Timid||M|||50|]Kingambit||ChopleBerry|Defiant|KowtowCleave,SuckerPunch,IronHead,LowKick|Adamant||M|||50|]Garchomp||LifeOrb|RoughSkin|Earthquake,DragonClaw,RockSlide,Protect|Jolly||M|||50|]Glimmora||FocusSash|ToxicDebris|SludgeBomb,PowerGem,EarthPower,SpikyShield|Modest||F|||50|\n|inactive|Battle timer is ON: inactive players will automatically lose when time's up. (requested by TPOT_pkmn)\n|inactive|TPOT_pkmn has 60 seconds left.\n|inactive|Badboy42069 has 60 seconds left.\n|inactive|TPOT_pkmn has 30 seconds left.\n|\n|t:|1788226157\n|teamsize|p1|4\n|teamsize|p2|4\n|start\n|switch|p1a: Blastoise|Blastoise, L50, M|100/100\n|switch|p1b: Sneasler|Sneasler, L50, F|100/100\n|switch|p2a: Whimsicott|Whimsicott, L50, M|100/100\n|switch|p2b: Glimmora|Glimmora, L50, F|100/100\n|turn|1\n|inactive|TPOT_pkmn has 30 seconds left.\n|inactive|Badboy42069 has 30 seconds left.\n|inactive|TPOT_pkmn has 20 seconds left.\n|\n|t:|1788226197\n|detailschange|p1a: Blastoise|Blastoise-Mega, L50, M\n|-mega|p1a: Blastoise|Blastoise|Blastoisinite\n|move|p1b: Sneasler|Fake Out|p2a: Whimsicott\n|-crit|p2a: Whimsicott\n|-damage|p2a: Whimsicott|80/100\n|cant|p2a: Whimsicott|flinch\n|move|p2b: Glimmora|Sludge Bomb|p1a: Blastoise\n|-damage|p1a: Blastoise|52/100\n|move|p1a: Blastoise|Shell Smash|p1a: Blastoise\n|-unboost|p1a: Blastoise|def|1\n|-unboost|p1a: Blastoise|spd|1\n|-boost|p1a: Blastoise|atk|2\n|-boost|p1a: Blastoise|spa|2\n|-boost|p1a: Blastoise|spe|2\n|\n|upkeep\n|turn|2\n|inactive|TPOT_pkmn has 30 seconds left.\n|\n|t:|1788226227\n|switch|p1b: Sinistcha|Sinistcha, L50|100/100\n|-heal|p1a: Blastoise|77/100|[from] ability: Hospitality|[of] p1b: Sinistcha\n|move|p1a: Blastoise|Protect|p1a: Blastoise\n|-singleturn|p1a: Blastoise|Protect\n|move|p2a: Whimsicott|Tailwind|p2a: Whimsicott\n|-sidestart|p2: Badboy42069|move: Tailwind\n|move|p2b: Glimmora|Earth Power|p1b: Sinistcha\n|-resisted|p1b: Sinistcha|1\n|-damage|p1b: Sinistcha|84/100\n|\n|upkeep\n|turn|3\n|\n|t:|1788226243\n|move|p1b: Sinistcha|Rage Powder|p1b: Sinistcha\n|-singleturn|p1b: Sinistcha|move: Rage Powder\n|move|p2a: Whimsicott|Light Screen|p2a: Whimsicott\n|-sidestart|p2: Badboy42069|move: Light Screen\n|move|p2b: Glimmora|Sludge Bomb|p1b: Sinistcha\n|-damage|p1b: Sinistcha|33/100\n|move|p1a: Blastoise|Shell Smash|p1a: Blastoise\n|-unboost|p1a: Blastoise|def|1\n|-unboost|p1a: Blastoise|spd|1\n|-boost|p1a: Blastoise|atk|2\n|-boost|p1a: Blastoise|spa|2\n|-boost|p1a: Blastoise|spe|2\n|\n|upkeep\n|turn|4\n|\n|t:|1788226268\n|switch|p1b: Sneasler|Sneasler, L50, F|100/100\n|move|p1a: Blastoise|Protect|p1a: Blastoise\n|-singleturn|p1a: Blastoise|Protect\n|move|p2a: Whimsicott|Moonblast|p1a: Blastoise\n|-activate|p1a: Blastoise|move: Protect\n|move|p2b: Glimmora|Sludge Bomb|p1b: Sneasler\n|-resisted|p1b: Sneasler|1\n|-damage|p1b: Sneasler|64/100\n|\n|upkeep\n|turn|5\n|\n|t:|1788226292\n|move|p1b: Sneasler|Fake Out|p2b: Glimmora\n|-resisted|p2b: Glimmora|1\n|-damage|p2b: Glimmora|91/100\n|-activate|p2b: Glimmora|ability: Toxic Debris\n|-sidestart|p1: TPOT_pkmn|move: Toxic Spikes\n|move|p1a: Blastoise|Water Spout|p2a: Whimsicott|[spread] p2a,p2b\n|-resisted|p2a: Whimsicott|1\n|-supereffective|p2b: Glimmora|1\n|-damage|p2a: Whimsicott|5/100\n|-damage|p2b: Glimmora|0 fnt\n|faint|p2b: Glimmora\n|move|p2a: Whimsicott|Moonblast|p1a: Blastoise\n|-damage|p1a: Blastoise|24/100\n|\n|-sideend|p2: Badboy42069|move: Tailwind\n|upkeep\n|\n|t:|1788226303\n|switch|p2b: Kingambit|Kingambit, L50, M|100/100\n|turn|6\n|\n|t:|1788226329\n|switch|p1b: Sinistcha|Sinistcha, L50|33/100\n|-status|p1b: Sinistcha|psn\n|-heal|p1a: Blastoise|49/100|[from] ability: Hospitality|[of] p1b: Sinistcha\n|move|p1a: Blastoise|Protect|p1a: Blastoise\n|-singleturn|p1a: Blastoise|Protect\n|move|p2a: Whimsicott|Tailwind|p2a: Whimsicott\n|-sidestart|p2: Badboy42069|move: Tailwind\n|move|p2b: Kingambit|Iron Head|p1b: Sinistcha\n|-damage|p1b: Sinistcha|0 fnt\n|faint|p1b: Sinistcha\n|\n|upkeep\n|\n|t:|1788226337\n|switch|p1b: Sneasler|Sneasler, L50, F|64/100\n|-sideend|p1: TPOT_pkmn|move: Toxic Spikes|[of] p1b: Sneasler\n|turn|7\n|inactive|Badboy42069 has 30 seconds left.\n|\n|t:|1788226371\n|move|p1b: Sneasler|Quick Guard|p1b: Sneasler\n|-singleturn|p1b: Sneasler|Quick Guard\n|move|p2a: Whimsicott|Charm|p1b: Sneasler\n|-activate|p1b: Sneasler|move: Quick Guard\n|move|p2b: Kingambit|Sucker Punch|p1a: Blastoise\n|-activate|p1a: Blastoise|move: Quick Guard\n|move|p1a: Blastoise|Water Spout|p2b: Kingambit|[spread] p2a,p2b\n|-resisted|p2a: Whimsicott|1\n|-crit|p2a: Whimsicott\n|-damage|p2a: Whimsicott|0 fnt\n|-damage|p2b: Kingambit|40/100\n|faint|p2a: Whimsicott\n|\n|-sideend|p2: Badboy42069|move: Light Screen\n|upkeep\n|\n|t:|1788226374\n|switch|p2a: Staraptor|Staraptor, L50, F|100/100\n|-ability|p2a: Staraptor|Intimidate|boost\n|-unboost|p1a: Blastoise|atk|1\n|-unboost|p1b: Sneasler|atk|1\n|turn|8\n|\n|t:|1788226393\n|detailschange|p2a: Staraptor|Staraptor-Mega, L50, F\n|-mega|p2a: Staraptor|Staraptor|Staraptite\n|move|p1b: Sneasler|Quick Guard|p1b: Sneasler\n|-singleturn|p1b: Sneasler|Quick Guard\n|move|p2b: Kingambit|Sucker Punch|p1a: Blastoise\n|-activate|p1a: Blastoise|move: Quick Guard\n|move|p1a: Blastoise|Water Spout|p2b: Kingambit|[spread] p2a,p2b\n|-damage|p2a: Staraptor|1/100\n|-damage|p2b: Kingambit|0 fnt\n|faint|p2b: Kingambit\n|move|p2a: Staraptor|Close Combat|p1a: Blastoise\n|-damage|p1a: Blastoise|0 fnt\n|-boost|p2a: Staraptor|def|1\n|-boost|p2a: Staraptor|spd|1\n|faint|p1a: Blastoise\n|\n|upkeep\n|-message|Badboy42069 forfeited.\n|\n|win|TPOT_pkmn\n","uploadtime":1788226400,"views":"0","formatid":"gen9championsvgc2026regmbbo3","rating":null,"private":0,"password":null}