{"id":"gen9championsvgc2026regmbbo3-2674294288","format":"[Gen 9 Champions] VGC 2026 Reg M-B (Bo3)","players":["Jorge Saltamontes","ZMegasOnFraudWatch"],"log":"|j|☆Jorge Saltamontes\n|j|☆ZMegasOnFraudWatch\n|html|<table width=\"100%\"><tr><td align=\"left\">Jorge Saltamontes</td><td align=\"right\">ZMegasOnFraudWatch</tr><tr><td align=\"left\"><i class=\"fa fa-circle-o\"></i> <i class=\"fa fa-circle-o\"></i> </td><td align=\"right\"><i class=\"fa fa-circle-o\"></i> <i class=\"fa fa-circle\"></i> </tr></table>\n|uhtml|bestof|<h2><strong>Game 2</strong> of <a href=\"/game-bestof3-gen9championsvgc2026regmbbo3-2674292835\">a best-of-3</a></h2>\n|t:|1788333951\n|gametype|doubles\n|player|p1|Jorge Saltamontes|marshal|1450\n|player|p2|ZMegasOnFraudWatch|psychic-gen2|1333\n|gen|9\n|tier|[Gen 9 Champions] VGC 2026 Reg M-B (Bo3)\n|rated|\n|rule|Species Clause: Limit one of each Pokémon\n|rule|Item Clause: Limit 1 of each item\n|clearpoke\n|poke|p1|Charizard, L50, F|\n|poke|p1|Garchomp, L50, M|\n|poke|p1|Incineroar, L50, M|\n|poke|p1|Venusaur, L50, F|\n|poke|p1|Toxapex, L50, F|\n|poke|p1|Sylveon, L50, F|\n|poke|p2|Whimsicott, L50, F|\n|poke|p2|Floette-Eternal, L50, F|\n|poke|p2|Charizard, L50, F|\n|poke|p2|Garchomp, L50, F|\n|poke|p2|Kingambit, L50, F|\n|poke|p2|Basculegion, L50, M|\n|teampreview|4\n|showteam|p1|Charizard||CharizarditeY|Blaze|WeatherBall,HeatWave,AncientPower,Protect|Modest||F|||50|]Garchomp||ChoiceScarf|RoughSkin|RockSlide,DragonClaw,Earthquake,StompingTantrum|Adamant||M|||50|]Incineroar||SitrusBerry|Intimidate|FlareBlitz,FakeOut,Protect,PartingShot|Impish||M|||50|]Venusaur||FocusSash|Chlorophyll|SludgeBomb,SleepPowder,EarthPower,Protect|Modest||F|||50|]Toxapex||Leftovers|Regenerator|Infestation,Toxic,WideGuard,BanefulBunker|Bold||F|||50|]Sylveon||FairyFeather|Pixilate|HyperVoice,QuickAttack,Yawn,Detect|Modest||F|||50|\n|showteam|p2|Whimsicott||FocusSash|Prankster|Tailwind,Encore,Moonblast,Protect|Timid||F|||50|]Floette-Eternal||Floettite|FlowerVeil|LightofRuin,Moonblast,DazzlingGleam,Protect|Modest||F|||50|]Charizard||CharizarditeY|Blaze|HeatWave,WeatherBall,AncientPower,Protect|Timid||F|||50|]Garchomp||SitrusBerry|RoughSkin|Earthquake,DragonClaw,RockSlide,Protect|Jolly||F|||50|]Kingambit||OccaBerry|Defiant|KowtowCleave,SuckerPunch,IronHead,LowKick|Adamant||F|||50|]Basculegion||LifeOrb|Adaptability|WaveCrash,LastRespects,AquaJet,Protect|Adamant||M|||50|\n|\n|t:|1788334034\n|teamsize|p1|4\n|teamsize|p2|4\n|start\n|switch|p1a: Toxapex|Toxapex, L50, F|100/100\n|switch|p1b: Sylveon|Sylveon, L50, F|100/100\n|switch|p2a: Whimsicott|Whimsicott, L50, F|100/100\n|switch|p2b: Garchomp|Garchomp, L50, F|100/100\n|turn|1\n|\n|t:|1788334051\n|switch|p2b: Charizard|Charizard, L50, F|100/100\n|move|p2a: Whimsicott|Moonblast|p1b: Sylveon\n|-damage|p1b: Sylveon|74/100\n|move|p1b: Sylveon|Hyper Voice|p2a: Whimsicott|[spread] p2a,p2b\n|-resisted|p2b: Charizard|1\n|-damage|p2a: Whimsicott|32/100\n|-damage|p2b: Charizard|74/100\n|move|p1a: Toxapex|Infestation|p2a: Whimsicott\n|-damage|p2a: Whimsicott|27/100\n|-activate|p2a: Whimsicott|move: Infestation|[of] p1a: Toxapex\n|\n|-damage|p2a: Whimsicott|14/100|[from] move: Infestation|[partiallytrapped]\n|upkeep\n|turn|2\n|\n|t:|1788334069\n|detailschange|p2b: Charizard|Charizard-Mega-Y, L50, F\n|-mega|p2b: Charizard|Charizard|Charizardite Y\n|-weather|SunnyDay|[from] ability: Drought|[of] p2b: Charizard\n|move|p2a: Whimsicott|Tailwind|p2a: Whimsicott\n|-sidestart|p2: ZMegasOnFraudWatch|move: Tailwind\n|move|p2b: Charizard|Weather Ball|p1b: Sylveon\n|-damage|p1b: Sylveon|8/100\n|move|p1b: Sylveon|Hyper Voice|p2b: Charizard|[spread] p2a,p2b\n|-resisted|p2b: Charizard|1\n|-damage|p2a: Whimsicott|0 fnt\n|-damage|p2b: Charizard|52/100\n|faint|p2a: Whimsicott\n|move|p1a: Toxapex|Infestation|p2b: Charizard\n|-resisted|p2b: Charizard|2\n|-damage|p2b: Charizard|52/100\n|-activate|p2b: Charizard|move: Infestation|[of] p1a: Toxapex\n|\n|-weather|SunnyDay|[upkeep]\n|-damage|p2b: Charizard|40/100|[from] move: Infestation|[partiallytrapped]\n|upkeep\n|\n|t:|1788334084\n|switch|p2a: Garchomp|Garchomp, L50, F|100/100\n|turn|3\n|\n|t:|1788334095\n|move|p1b: Sylveon|Detect|p1b: Sylveon\n|-singleturn|p1b: Sylveon|Protect\n|move|p2a: Garchomp|Dragon Claw|p1a: Toxapex\n|-damage|p1a: Toxapex|74/100\n|move|p2b: Charizard|Ancient Power|p1b: Sylveon\n|-activate|p1b: Sylveon|move: Protect\n|move|p1a: Toxapex|Toxic|p2b: Charizard\n|-status|p2b: Charizard|tox\n|\n|-weather|SunnyDay|[upkeep]\n|-heal|p1a: Toxapex|80/100|[from] item: Leftovers\n|-damage|p2b: Charizard|33/100 tox|[from] psn\n|-damage|p2b: Charizard|21/100 tox|[from] move: Infestation|[partiallytrapped]\n|upkeep\n|turn|4\n|\n|t:|1788334114\n|move|p1b: Sylveon|Quick Attack|p2b: Charizard\n|-resisted|p2b: Charizard|1\n|-damage|p2b: Charizard|14/100 tox\n|move|p2a: Garchomp|Earthquake|p1b: Sylveon|[spread] p1a,p1b\n|-immune|p2b: Charizard\n|-supereffective|p1a: Toxapex|1\n|-damage|p1a: Toxapex|34/100\n|-damage|p1b: Sylveon|0 fnt\n|faint|p1b: Sylveon\n|move|p2b: Charizard|Ancient Power|p1a: Toxapex\n|-damage|p1a: Toxapex|17/100\n|move|p1a: Toxapex|Toxic|p2a: Garchomp\n|-status|p2a: Garchomp|tox\n|\n|-weather|SunnyDay|[upkeep]\n|-heal|p1a: Toxapex|23/100|[from] item: Leftovers\n|-damage|p2a: Garchomp|94/100 tox|[from] psn\n|-damage|p2b: Charizard|2/100 tox|[from] psn\n|-damage|p2b: Charizard|0 fnt|[from] move: Infestation|[partiallytrapped]\n|faint|p2b: Charizard\n|upkeep\n|\n|t:|1788334124\n|switch|p2b: Kingambit|Kingambit, L50, F|100/100\n|switch|p1b: Charizard|Charizard, L50, F|100/100\n|turn|5\n|\n|t:|1788334137\n|-heal|p1a: Toxapex|56/100|[from] ability: Regenerator|[silent]\n|switch|p1a: Garchomp|Garchomp, L50, M|100/100\n|move|p1b: Charizard|Protect|p1b: Charizard\n|-singleturn|p1b: Charizard|Protect\n|move|p2b: Kingambit|Sucker Punch||[still]\n|-fail|p2b: Kingambit\n|move|p2a: Garchomp|Dragon Claw|p1b: Charizard\n|-activate|p1b: Charizard|move: Protect\n|\n|-weather|SunnyDay|[upkeep]\n|-damage|p2a: Garchomp|82/100 tox|[from] psn\n|-sideend|p2: ZMegasOnFraudWatch|move: Tailwind\n|upkeep\n|turn|6\n|\n|t:|1788334161\n|detailschange|p1b: Charizard|Charizard-Mega-Y, L50, F\n|-mega|p1b: Charizard|Charizard|Charizardite Y\n|move|p2b: Kingambit|Sucker Punch|p1b: Charizard\n|-damage|p1b: Charizard|53/100\n|move|p1a: Garchomp|Earthquake|p2a: Garchomp|[spread] p2a,p2b\n|-immune|p1b: Charizard\n|-supereffective|p2b: Kingambit|1\n|-damage|p2a: Garchomp|47/100 tox\n|-damage|p2b: Kingambit|20/100y\n|-enditem|p2a: Garchomp|Sitrus Berry|[eat]\n|-heal|p2a: Garchomp|71/100 tox|[from] item: Sitrus Berry\n|move|p2a: Garchomp|Rock Slide|p1b: Charizard|[spread] p1a,p1b\n|-resisted|p1a: Garchomp|1\n|-supereffective|p1b: Charizard|2\n|-damage|p1a: Garchomp|91/100\n|-damage|p1b: Charizard|0 fnt\n|faint|p1b: Charizard\n|\n|-weather|none\n|-damage|p2a: Garchomp|54/100 tox|[from] psn\n|upkeep\n|\n|t:|1788334168\n|switch|p1b: Toxapex|Toxapex, L50, F|56/100\n|turn|7\n|\n|t:|1788334178\n|move|p1b: Toxapex|Baneful Bunker|p1b: Toxapex\n|-singleturn|p1b: Toxapex|move: Protect\n|move|p1a: Garchomp|Earthquake|p2b: Kingambit|[spread] p2a,p2b\n|-activate|p1b: Toxapex|move: Protect\n|-supereffective|p2b: Kingambit|1\n|-damage|p2a: Garchomp|19/100 tox\n|-damage|p2b: Kingambit|0 fnt\n|faint|p2b: Kingambit\n|move|p2a: Garchomp|Dragon Claw|p1a: Garchomp\n|-supereffective|p1a: Garchomp|1\n|-damage|p1a: Garchomp|28/100\n|-damage|p2a: Garchomp|7/100 tox|[from] ability: Rough Skin|[of] p1a: Garchomp\n|\n|-heal|p1b: Toxapex|62/100|[from] item: Leftovers\n|-damage|p2a: Garchomp|0 fnt|[from] psn\n|faint|p2a: Garchomp\n|\n|win|Jorge Saltamontes\n","uploadtime":1788333955,"views":"4","formatid":"gen9championsvgc2026regmbbo3","rating":null,"private":0,"password":null}