{"id":"gen9championsvgc2026regmb-2674621425","format":"[Gen 9 Champions] VGC 2026 Reg M-B","players":["rafe_model_k","Sammias"],"log":"|j|☆rafe_model_k\n|j|☆Sammias\n|t:|1788381351\n|gametype|doubles\n|player|p1|rafe_model_k|170|1631\n|player|p2|Sammias|miku-ground|1703\n|gen|9\n|tier|[Gen 9 Champions] VGC 2026 Reg M-B\n|rated|\n|rule|Species Clause: Limit one of each Pokémon\n|rule|Item Clause: Limit 1 of each item\n|clearpoke\n|poke|p1|Corviknight, L50, M|\n|poke|p1|Raichu, L50, M|\n|poke|p1|Dragonite, L50, F|\n|poke|p1|Farigiraf, L50, M|\n|poke|p1|Sneasler, L50, M|\n|poke|p1|Primarina, L50, M|\n|poke|p2|Floette-Eternal, L50, F|\n|poke|p2|Kingambit, L50, M|\n|poke|p2|Sneasler, L50, F|\n|poke|p2|Whimsicott, L50, F, shiny|\n|poke|p2|Basculegion, L50, M|\n|poke|p2|Kommo-o, L50, M|\n|teampreview|4\n|inactive|Battle timer is ON: inactive players will automatically lose when time's up. (requested by Sammias)\n|\n|t:|1788381376\n|teamsize|p1|4\n|teamsize|p2|4\n|start\n|switch|p1a: Sneasler|Sneasler, L50, M|100/100\n|switch|p1b: Corviknight|Corviknight, L50, M|100/100\n|switch|p2a: Sneasler|Sneasler, L50, F|100/100\n|switch|p2b: Basculegion|Basculegion, L50, M|100/100\n|turn|1\n|inactive|rafe_model_k has 30 seconds left.\n|inactive|rafe_model_k has 20 seconds left.\n|\n|t:|1788381414\n|move|p1a: Sneasler|Fake Out|p2a: Sneasler\n|-damage|p2a: Sneasler|77/100\n|cant|p2a: Sneasler|flinch\n|move|p2b: Basculegion|Wave Crash|p1a: Sneasler\n|-enditem|p1a: Sneasler|Focus Sash\n|-damage|p1a: Sneasler|1/100\n|-damage|p2b: Basculegion|74/100|[from] Recoil\n|move|p1b: Corviknight|Tailwind|p1b: Corviknight\n|-sidestart|p1: rafe_model_k|move: Tailwind\n|\n|upkeep\n|turn|2\n|\n|t:|1788381430\n|switch|p1a: Dragonite|Dragonite, L50, F|100/100\n|switch|p2a: Whimsicott|Whimsicott, L50, F, shiny|100/100\n|move|p2b: Basculegion|Wave Crash|p1a: Dragonite\n|-resisted|p1a: Dragonite|1\n|-damage|p1a: Dragonite|64/100\n|-damage|p2b: Basculegion|62/100|[from] Recoil\n|move|p1b: Corviknight|Brave Bird|p2b: Basculegion\n|-damage|p2b: Basculegion|0 fnt\n|faint|p2b: Basculegion\n|-damage|p1b: Corviknight|76/100|[from] Recoil\n|\n|upkeep\n|\n|t:|1788381438\n|switch|p2b: Sneasler|Sneasler, L50, F|77/100\n|turn|3\n|\n|t:|1788381458\n|move|p2b: Sneasler|Fake Out|p1b: Corviknight\n|-resisted|p1b: Corviknight|1\n|-damage|p1b: Corviknight|69/100\n|move|p1a: Dragonite|Dragon Claw|p2b: Sneasler\n|-damage|p2b: Sneasler|0 fnt\n|faint|p2b: Sneasler\n|-damage|p1a: Dragonite|54/100|[from] item: Life Orb\n|cant|p1b: Corviknight|flinch\n|move|p2a: Whimsicott|Moonblast|p1a: Dragonite\n|-supereffective|p1a: Dragonite|1\n|-damage|p1a: Dragonite|5/100\n|\n|upkeep\n|\n|t:|1788381464\n|switch|p2b: Floette|Floette-Eternal, L50, F|100/100\n|turn|4\n|\n|t:|1788381484\n|detailschange|p2b: Floette|Floette-Mega, L50, F\n|-mega|p2b: Floette|Floette|Floettite\n|-ability|p2b: Floette|Fairy Aura\n|move|p2b: Floette|Protect|p2b: Floette\n|-singleturn|p2b: Floette|Protect\n|move|p1a: Dragonite|Extreme Speed|p2a: Whimsicott\n|-damage|p2a: Whimsicott|47/100\n|-damage|p1a: Dragonite|0 fnt|[from] item: Life Orb\n|faint|p1a: Dragonite\n|move|p1b: Corviknight|Roost|p1b: Corviknight\n|-heal|p1b: Corviknight|100/100\n|-singleturn|p1b: Corviknight|move: Roost\n|move|p2a: Whimsicott|Moonblast|p1b: Corviknight\n|-resisted|p1b: Corviknight|1\n|-damage|p1b: Corviknight|82/100\n|\n|-sideend|p1: rafe_model_k|move: Tailwind\n|upkeep\n|\n|t:|1788381508\n|switch|p1a: Sneasler|Sneasler, L50, M|1/100\n|turn|5\n|\n|t:|1788381515\n|switch|p1b: Raichu|Raichu, L50, M|100/100\n|move|p2b: Floette|Protect|p2b: Floette\n|-singleturn|p2b: Floette|Protect\n|move|p1a: Sneasler|Fake Out|p2b: Floette\n|-activate|p2b: Floette|move: Protect\n|move|p2a: Whimsicott|Encore||[still]\n|-fail|p2a: Whimsicott\n|\n|upkeep\n|turn|6\n|inactive|rafe_model_k has 30 seconds left.\n|\n|t:|1788381543\n|detailschange|p1b: Raichu|Raichu-Mega-Y, L50, M\n|-mega|p1b: Raichu|Raichu|Raichunite Y\n|move|p2b: Floette|Protect||[still]\n|-fail|p2b: Floette\n|move|p1b: Raichu|Fake Out|p2b: Floette\n|-damage|p2b: Floette|89/100\n|move|p2a: Whimsicott|Encore|p1a: Sneasler\n|-start|p1a: Sneasler|Encore\n|move|p1a: Sneasler|Fake Out||[still]\n|-hint|Fake Out only works on your first turn out.\n|-fail|p1a: Sneasler\n|\n|upkeep\n|turn|7\n|\n|t:|1788381552\n|switch|p1b: Corviknight|Corviknight, L50, M|82/100\n|move|p2a: Whimsicott|Encore||[still]\n|-fail|p2a: Whimsicott\n|-activate|p1a: Sneasler|move: Struggle\n|move|p1a: Sneasler|Struggle|p2b: Floette\n|-damage|p2b: Floette|69/100\n|-damage|p1a: Sneasler|0 fnt|[from] recoil\n|faint|p1a: Sneasler\n|move|p2b: Floette|Dazzling Gleam|p1b: Corviknight\n|-resisted|p1b: Corviknight|1\n|-damage|p1b: Corviknight|47/100\n|\n|upkeep\n|\n|t:|1788381565\n|switch|p1a: Raichu|Raichu-Mega-Y, L50, M|100/100\n|turn|8\n|\n|t:|1788381576\n|move|p2a: Whimsicott|Protect|p2a: Whimsicott\n|-singleturn|p2a: Whimsicott|Protect\n|move|p1a: Raichu|Zap Cannon|p2b: Floette\n|-damage|p2b: Floette|21/100\n|-status|p2b: Floette|par\n|move|p1b: Corviknight|Iron Head|p2b: Floette\n|-supereffective|p2b: Floette|1\n|-damage|p2b: Floette|0 fnt\n|faint|p2b: Floette\n|\n|upkeep\n|turn|9\n|-message|Sammias forfeited.\n|\n|win|rafe_model_k\n|raw|rafe_model_k's rating: 1631 &rarr; <strong>1655</strong><br />(+24 for winning)\n|raw|Sammias's rating: 1703 &rarr; <strong>1679</strong><br />(-24 for losing)\n","uploadtime":1788381590,"views":"0","formatid":"gen9championsvgc2026regmb","rating":1655,"private":0,"password":null}