{"id":"gen9championsvgc2026regmbbo3-2674927476","format":"[Gen 9 Champions] VGC 2026 Reg M-B (Bo3)","players":["Divine Monkey King","Eredostheuseless"],"log":"|j|☆Divine Monkey King\n|j|☆Eredostheuseless\n|html|<table width=\"100%\"><tr><td align=\"left\">Divine Monkey King</td><td align=\"right\">Eredostheuseless</tr><tr><td align=\"left\"><i class=\"fa fa-circle-o\"></i> <i class=\"fa fa-circle-o\"></i> </td><td align=\"right\"><i class=\"fa fa-circle-o\"></i> <i class=\"fa fa-circle-o\"></i> </tr></table>\n|uhtml|bestof|<h2><strong>Game 1</strong> of <a href=\"/game-bestof3-gen9championsvgc2026regmbbo3-2674927475\">a best-of-3</a></h2>\n|t:|1788437328\n|gametype|doubles\n|player|p1|Divine Monkey King|silver|1185\n|player|p2|Eredostheuseless|169|1241\n|gen|9\n|tier|[Gen 9 Champions] VGC 2026 Reg M-B (Bo3)\n|rated|\n|rule|Species Clause: Limit one of each Pokémon\n|rule|Item Clause: Limit 1 of each item\n|clearpoke\n|poke|p1|Chesnaught, L50, M, shiny|\n|poke|p1|Farigiraf, L50, M, shiny|\n|poke|p1|Sinistcha-Masterpiece, L50, shiny|\n|poke|p1|Tyranitar, L50, M, shiny|\n|poke|p1|Kingambit, L50, M, shiny|\n|poke|p1|Alakazam, L50, M, shiny|\n|poke|p2|Raichu, L50, M|\n|poke|p2|Archaludon, L50, F|\n|poke|p2|Pelipper, L50, M|\n|poke|p2|Basculegion, L50, M|\n|poke|p2|Weavile, L50, M|\n|poke|p2|Tsareena, L50, F|\n|teampreview|4\n|showteam|p1|Chesnaught||Chesnaughtite|Bulletproof|DrainPunch,SeedBomb,SpikyShield,BellyDrum|Adamant||M|||50|]Farigiraf||MentalHerb|ArmorTail|Protect,PsychicNoise,Thunderbolt,TrickRoom|Sassy||M|||50|]Sinistcha-Masterpiece||Leftovers|Hospitality|MatchaGotcha,Protect,ShadowBall,TrickRoom|Relaxed|||||50|]Tyranitar||Tyranitarite|SandStream|BrickBreak,KnockOff,Protect,RockSlide|Adamant||M|||50|]Kingambit||ExpertBelt|Defiant|IronHead,KowtowCleave,Protect,SuckerPunch|Adamant||M|||50|]Alakazam||FocusSash|InnerFocus|LightScreen,Protect,Psychic,SpeedSwap|Timid||M|||50|\n|showteam|p2|Raichu||RaichuniteY|Static|FakeOut,ZapCannon,FocusBlast,Protect|Timid||M|||50|]Archaludon||Leftovers|Stamina|ElectroShot,FlashCannon,AuraSphere,Protect|Modest||F|||50|]Pelipper||FocusSash|Drizzle|Hurricane,WeatherBall,Tailwind,WideGuard|Modest||M|||50|]Basculegion||ChoiceScarf|Adaptability|WaveCrash,LastRespects,FlipTurn,AquaJet|Adamant||M|||50|]Weavile||LifeOrb|Pressure|FakeOut,LowKick,IceSpinner,KnockOff|Jolly||M|||50|]Tsareena||OccaBerry|QueenlyMajesty|TropKick,TripleAxel,HelpingHand,Protect|Adamant||F|||50|\n|\n|t:|1788437370\n|teamsize|p1|4\n|teamsize|p2|4\n|start\n|switch|p1a: Farigiraf|Farigiraf, L50, M, shiny|100/100\n|switch|p1b: Chesnaught|Chesnaught, L50, M, shiny|100/100\n|switch|p2a: Archaludon|Archaludon, L50, F|100/100\n|switch|p2b: Pelipper|Pelipper, L50, M|100/100\n|-weather|RainDance|[from] ability: Drizzle|[of] p2b: Pelipper\n|turn|1\n|\n|t:|1788437404\n|switch|p1b: Tyranitar|Tyranitar, L50, M, shiny|100/100\n|-weather|Sandstorm|[from] ability: Sand Stream|[of] p1b: Tyranitar\n|move|p2b: Pelipper|Weather Ball|p1a: Farigiraf\n|-damage|p1a: Farigiraf|73/100\n|move|p2a: Archaludon|Electro Shot||[still]\n|-prepare|p2a: Archaludon|Electro Shot\n|-boost|p2a: Archaludon|spa|1\n|move|p1a: Farigiraf|Thunderbolt|p2b: Pelipper\n|-supereffective|p2b: Pelipper|2\n|-crit|p2b: Pelipper\n|-enditem|p2b: Pelipper|Focus Sash\n|-damage|p2b: Pelipper|1/100\n|\n|-weather|Sandstorm|[upkeep]\n|-damage|p2b: Pelipper|0 fnt|[from] Sandstorm\n|-damage|p1a: Farigiraf|66/100|[from] Sandstorm\n|faint|p2b: Pelipper\n|upkeep\n|\n|t:|1788437418\n|switch|p2b: Raichu|Raichu, L50, M|100/100\n|turn|2\n|\n|t:|1788437426\n|switch|p1b: Chesnaught|Chesnaught, L50, M, shiny|100/100\n|detailschange|p2b: Raichu|Raichu-Mega-Y, L50, M\n|-mega|p2b: Raichu|Raichu|Raichunite Y\n|move|p2b: Raichu|Focus Blast|p1b: Chesnaught\n|-immune|p1b: Chesnaught|[from] ability: Bulletproof\n|move|p2a: Archaludon|Electro Shot|p1a: Farigiraf|[from] lockedmove\n|-damage|p1a: Farigiraf|14/100\n|move|p1a: Farigiraf|Trick Room|p1a: Farigiraf\n|-fieldstart|move: Trick Room|[of] p1a: Farigiraf\n|\n|-weather|Sandstorm|[upkeep]\n|-damage|p1a: Farigiraf|7/100|[from] Sandstorm\n|-damage|p1b: Chesnaught|93/100|[from] Sandstorm\n|-damage|p2b: Raichu|94/100|[from] Sandstorm\n|upkeep\n|turn|3\n|\n|t:|1788437488\n|detailschange|p1b: Chesnaught|Chesnaught-Mega, L50, M, shiny\n|-mega|p1b: Chesnaught|Chesnaught|Chesnaughtite\n|move|p2b: Raichu|Protect|p2b: Raichu\n|-singleturn|p2b: Raichu|Protect\n|move|p1b: Chesnaught|Belly Drum|p1b: Chesnaught\n|-damage|p1b: Chesnaught|44/100\n|-setboost|p1b: Chesnaught|atk|6|[from] move: Belly Drum\n|move|p1a: Farigiraf|Psychic Noise|p2b: Raichu\n|-activate|p2b: Raichu|move: Protect\n|move|p2a: Archaludon|Flash Cannon|p1b: Chesnaught\n|-damage|p1b: Chesnaught|0 fnt\n|faint|p1b: Chesnaught\n|\n|-weather|Sandstorm|[upkeep]\n|-damage|p1a: Farigiraf|1/100|[from] Sandstorm\n|-damage|p2b: Raichu|88/100|[from] Sandstorm\n|upkeep\n|\n|t:|1788437507\n|switch|p1b: Tyranitar|Tyranitar, L50, M, shiny|100/100\n|turn|4\n|\n|t:|1788437523\n|switch|p2b: Basculegion|Basculegion, L50, M|100/100\n|move|p1a: Farigiraf|Psychic Noise|p2b: Basculegion\n|-damage|p2b: Basculegion|68/100\n|-start|p2b: Basculegion|move: Heal Block\n|move|p1b: Tyranitar|Rock Slide|p2b: Basculegion|[spread] p2a,p2b\n|-resisted|p2a: Archaludon|1\n|-damage|p2a: Archaludon|87/100\n|-damage|p2b: Basculegion|29/100\n|-ability|p2a: Archaludon|Stamina|boost\n|-boost|p2a: Archaludon|def|1\n|cant|p2a: Archaludon|flinch\n|\n|-weather|Sandstorm|[upkeep]\n|-damage|p1a: Farigiraf|0 fnt|[from] Sandstorm\n|-damage|p2b: Basculegion|23/100|[from] Sandstorm\n|faint|p1a: Farigiraf\n|-heal|p2a: Archaludon|93/100|[from] item: Leftovers\n|upkeep\n|\n|t:|1788437534\n|switch|p1a: Sinistcha|Sinistcha-Masterpiece, L50, shiny|100/100\n|turn|5\n|\n|t:|1788437551\n|move|p2b: Basculegion|Aqua Jet|p1b: Tyranitar\n|-supereffective|p1b: Tyranitar|1\n|-damage|p1b: Tyranitar|57/100\n|move|p1a: Sinistcha|Shadow Ball|p2b: Basculegion\n|-supereffective|p2b: Basculegion|1\n|-damage|p2b: Basculegion|0 fnt\n|faint|p2b: Basculegion\n|move|p1b: Tyranitar|Knock Off|p2a: Archaludon\n|-damage|p2a: Archaludon|66/100\n|-ability|p2a: Archaludon|Stamina|boost\n|-boost|p2a: Archaludon|def|1\n|-enditem|p2a: Archaludon|Leftovers|[from] move: Knock Off|[of] p1b: Tyranitar\n|move|p2a: Archaludon|Aura Sphere|p1b: Tyranitar\n|-supereffective|p1b: Tyranitar|2\n|-damage|p1b: Tyranitar|0 fnt\n|faint|p1b: Tyranitar\n|\n|-weather|none\n|upkeep\n|\n|t:|1788437570\n|switch|p2b: Raichu|Raichu-Mega-Y, L50, M|88/100\n|turn|6\n|\n|t:|1788437576\n|move|p2b: Raichu|Protect|p2b: Raichu\n|-singleturn|p2b: Raichu|Protect\n|move|p1a: Sinistcha|Shadow Ball|p2b: Raichu\n|-activate|p2b: Raichu|move: Protect\n|move|p2a: Archaludon|Electro Shot||[still]\n|-prepare|p2a: Archaludon|Electro Shot\n|-boost|p2a: Archaludon|spa|1\n|\n|-fieldend|move: Trick Room\n|upkeep\n|turn|7\n|\n|t:|1788437588\n|move|p2b: Raichu|Zap Cannon|p1a: Sinistcha\n|-resisted|p1a: Sinistcha|1\n|-damage|p1a: Sinistcha|69/100\n|-status|p1a: Sinistcha|par\n|move|p2a: Archaludon|Electro Shot|p1a: Sinistcha|[from] lockedmove\n|-resisted|p1a: Sinistcha|1\n|-damage|p1a: Sinistcha|25/100 par\n|move|p1a: Sinistcha|Trick Room|p1a: Sinistcha\n|-fieldstart|move: Trick Room|[of] p1a: Sinistcha\n|\n|-heal|p1a: Sinistcha|32/100 par|[from] item: Leftovers\n|upkeep\n|turn|8\n|\n|t:|1788437602\n|move|p2b: Raichu|Protect|p2b: Raichu\n|-singleturn|p2b: Raichu|Protect\n|move|p1a: Sinistcha|Shadow Ball|p2b: Raichu\n|-activate|p2b: Raichu|move: Protect\n|move|p2a: Archaludon|Flash Cannon|p1a: Sinistcha\n|-damage|p1a: Sinistcha|0 fnt\n|faint|p1a: Sinistcha\n|\n|win|Eredostheuseless\n||Divine Monkey King is ready for game 2.\n|inactive|Eredostheuseless has 30 seconds to confirm battle start!\n||Eredostheuseless is ready for game 2.\n|uhtml|next|Next: <a href=\"/battle-gen9championsvgc2026regmbbo3-2674929263\"><strong>Game 2 of 3</strong></a>\n|l|☆Eredostheuseless\n|player|p2|\n","uploadtime":1788438071,"views":"2","formatid":"gen9championsvgc2026regmbbo3","rating":null,"private":0,"password":null}