{"id":"gen9championsvgc2026regmb-2674973592","format":"[Gen 9 Champions] VGC 2026 Reg M-B","players":["Roshambo67","FlameGoddess"],"log":"|j|☆Roshambo67\n|j|☆FlameGoddess\n|t:|1788443947\n|gametype|doubles\n|player|p1|Roshambo67|lusamine-nihilego|1239\n|player|p2|FlameGoddess|2|1137\n|gen|9\n|tier|[Gen 9 Champions] VGC 2026 Reg M-B\n|rated|\n|rule|Species Clause: Limit one of each Pokémon\n|rule|Item Clause: Limit 1 of each item\n|clearpoke\n|poke|p1|Hydreigon, L50, F|\n|poke|p1|Mawile, L50, M|\n|poke|p1|Hatterene, L50, F|\n|poke|p1|Charizard, L50, M|\n|poke|p1|Whimsicott, L50, F|\n|poke|p1|Sinistcha-Masterpiece, L50|\n|poke|p2|Mimikyu, L50, M, shiny|\n|poke|p2|Camerupt, L50, M, shiny|\n|poke|p2|Sinistcha, L50, shiny|\n|poke|p2|Sneasler, L50, M, shiny|\n|poke|p2|Dragonite, L50, M, shiny|\n|poke|p2|Tsareena, L50, F, shiny|\n|teampreview|4\n|inactive|Battle timer is ON: inactive players will automatically lose when time's up. (requested by Roshambo67)\nRoshambo67 has agreed to open team sheets.\n|inactive|FlameGoddess has 60 seconds left.\n|\n|t:|1788443986\n|teamsize|p1|4\n|teamsize|p2|4\n|start\n|switch|p1a: Mawile|Mawile, L50, M|100/100\n|switch|p1b: Hatterene|Hatterene, L50, F|100/100\n|switch|p2a: moria|Mimikyu, L50, M, shiny|100/100\n|switch|p2b: pedro|Sneasler, L50, M, shiny|100/100\n|-ability|p1a: Mawile|Intimidate|boost\n|-unboost|p2a: moria|atk|1\n|-unboost|p2b: pedro|atk|1\n|-enditem|p2b: pedro|White Herb\n|-clearnegativeboost|p2b: pedro|[silent]\n|turn|1\n|\n|t:|1788444006\n|move|p1a: Mawile|Protect|p1a: Mawile\n|-singleturn|p1a: Mawile|Protect\n|move|p2b: pedro|Fake Out|p1b: Hatterene\n|-damage|p1b: Hatterene|84/100\n|cant|p1b: Hatterene|flinch\n|move|p2a: moria|Trick Room|p2a: moria\n|-fieldstart|move: Trick Room|[of] p2a: moria\n|\n|upkeep\n|turn|2\n|\n|t:|1788444021\n|switch|p2b: queen|Tsareena, L50, F, shiny|100/100\n|detailschange|p1a: Mawile|Mawile-Mega, L50, M\n|-mega|p1a: Mawile|Mawile|Mawilite\n|move|p1b: Hatterene|Dazzling Gleam|p2b: queen|[spread] p2a,p2b\n|-activate|p2a: moria|ability: Disguise\n|-damage|p2a: moria|100/100\n|-damage|p2b: queen|61/100\n|detailschange|p2a: moria|Mimikyu-Busted, L50, M, shiny\n|-damage|p2a: moria|87/100|[from] pokemon: Mimikyu-Busted\n|move|p1a: Mawile|Play Rough|p2b: queen\n|-damage|p2b: queen|0 fnt\n|faint|p2b: queen\n|move|p2a: moria|Will-O-Wisp|p1a: Mawile\n|-status|p1a: Mawile|brn\n|\n|-damage|p1a: Mawile|93/100 brn|[from] brn\n|upkeep\n|\n|t:|1788444037\n|switch|p2b: akainu|Camerupt, L50, M, shiny|100/100\n|turn|3\n|\n|t:|1788444049\n|detailschange|p2b: akainu|Camerupt-Mega, L50, M, shiny\n|-mega|p2b: akainu|Camerupt|Cameruptite\n|move|p2b: akainu|Protect|p2b: akainu\n|-singleturn|p2b: akainu|Protect\n|move|p1b: Hatterene|Psychic|p2a: moria\n|-damage|p2a: moria|37/100\n|move|p1a: Mawile|Play Rough|p2a: moria\n|-damage|p2a: moria|1/100\n|move|p2a: moria|Taunt|p1b: Hatterene\n|move|p1b: Hatterene|Taunt|p2a: moria|[from] ability: Magic Bounce\n|-start|p2a: moria|move: Taunt\n|-enditem|p2a: moria|Mental Herb\n|-end|p2a: moria|move: Taunt\n|\n|-damage|p1a: Mawile|87/100 brn|[from] brn\n|upkeep\n|turn|4\n|\n|t:|1788444073\n|move|p1a: Mawile|Protect|p1a: Mawile\n|-singleturn|p1a: Mawile|Protect\n|move|p2a: moria|Shadow Sneak|p1b: Hatterene\n|-supereffective|p1b: Hatterene|1\n|-crit|p1b: Hatterene\n|-damage|p1b: Hatterene|39/100\n|-enditem|p1b: Hatterene|Sitrus Berry|[eat]\n|-heal|p1b: Hatterene|64/100|[from] item: Sitrus Berry\n|move|p2b: akainu|Eruption|p1a: Mawile|[spread] p1b\n|-activate|p1a: Mawile|move: Protect\n|-damage|p1b: Hatterene|0 fnt\n|faint|p1b: Hatterene\n|\n|-damage|p1a: Mawile|81/100 brn|[from] brn\n|upkeep\n|\n|t:|1788444092\n|switch|p1b: Hydreigon|Hydreigon, L50, F|100/100\n|turn|5\n|\n|t:|1788444108\n|move|p1a: Mawile|Sucker Punch|p2b: akainu\n|-damage|p2b: akainu|78/100\n|move|p2a: moria|Shadow Sneak|p1a: Mawile\n|-damage|p1a: Mawile|73/100 brn\n|move|p2b: akainu|Eruption|p1a: Mawile|[spread] p1a,p1b\n|-supereffective|p1a: Mawile|1\n|-resisted|p1b: Hydreigon|1\n|-damage|p1a: Mawile|0 fnt\n|-damage|p1b: Hydreigon|76/100\n|faint|p1a: Mawile\n|move|p1b: Hydreigon|Heat Wave|p2b: akainu|[spread] p2a,p2b\n|-resisted|p2b: akainu|1\n|-damage|p2a: moria|0 fnt\n|-damage|p2b: akainu|66/100\n|faint|p2a: moria\n|\n|-fieldend|move: Trick Room\n|upkeep\n|\n|t:|1788444123\n|switch|p2a: pedro|Sneasler, L50, M, shiny|100/100\n|switch|p1a: Charizard|Charizard, L50, M|100/100\n|turn|6\n|\n|t:|1788444132\n|move|p1a: Charizard|Protect|p1a: Charizard\n|-singleturn|p1a: Charizard|Protect\n|move|p2b: akainu|Protect|p2b: akainu\n|-singleturn|p2b: akainu|Protect\n|move|p2a: pedro|Close Combat|p1b: Hydreigon\n|-supereffective|p1b: Hydreigon|1\n|-damage|p1b: Hydreigon|0 fnt\n|-unboost|p2a: pedro|def|1\n|-unboost|p2a: pedro|spd|1\n|faint|p1b: Hydreigon\n|\n|upkeep\n|turn|7\n|\n|t:|1788444148\n|move|p2a: pedro|Close Combat|p1a: Charizard\n|-resisted|p1a: Charizard|1\n|-damage|p1a: Charizard|64/100\n|-unboost|p2a: pedro|def|1\n|-unboost|p2a: pedro|spd|1\n|move|p1a: Charizard|Heat Wave|p2b: akainu|[spread] p2a,p2b\n|-resisted|p2b: akainu|1\n|-damage|p2a: pedro|12/100\n|-damage|p2b: akainu|50/100g\n|move|p2b: akainu|Heat Wave|p1a: Charizard|[miss]\n|-miss|p2b: akainu|p1a: Charizard\n|\n|upkeep\n|turn|8\n|\n|t:|1788444167\n|move|p2b: akainu|Protect|p2b: akainu\n|-singleturn|p2b: akainu|Protect\n|move|p2a: pedro|Dire Claw|p1a: Charizard\n|-damage|p1a: Charizard|14/100\n|-status|p1a: Charizard|psn\n|move|p1a: Charizard|Heat Wave|p2b: akainu|[spread] p2a\n|-activate|p2b: akainu|move: Protect\n|-damage|p2a: pedro|0 fnt\n|faint|p2a: pedro\n|\n|-damage|p1a: Charizard|1/100 psn|[from] psn\n|upkeep\n|turn|9\n|\n|t:|1788444180\n|move|p1a: Charizard|Air Slash|p2b: akainu\n|-damage|p2b: akainu|14/100\n|move|p2b: akainu|Heat Wave|p1a: Charizard\n|-resisted|p1a: Charizard|1\n|-damage|p1a: Charizard|0 fnt\n|faint|p1a: Charizard\n|\n|win|FlameGoddess\n|raw|Roshambo67's rating: 1239 &rarr; <strong>1207</strong><br />(-32 for losing)\n|raw|FlameGoddess's rating: 1137 &rarr; <strong>1169</strong><br />(+32 for winning)\n|l|☆Roshambo67\n|player|p1|\n","uploadtime":1788444207,"views":"3","formatid":"gen9championsvgc2026regmb","rating":1169,"private":0,"password":null}