{"id":"gen9championsvgc2026regmbbo3-2673299698","format":"[Gen 9 Champions] VGC 2026 Reg M-B (Bo3)","players":["Guian_6","eklyst"],"log":"|j|☆Guian_6\n|j|☆eklyst\n|html|<table width=\"100%\"><tr><td align=\"left\">Guian_6</td><td align=\"right\">eklyst</tr><tr><td align=\"left\"><i class=\"fa fa-circle\"></i> <i class=\"fa fa-circle-o\"></i> </td><td align=\"right\"><i class=\"fa fa-circle-o\"></i> <i class=\"fa fa-circle\"></i> </tr></table>\n|uhtml|bestof|<h2><strong>Game 3</strong> of <a href=\"/game-bestof3-gen9championsvgc2026regmbbo3-2673295915\">a best-of-3</a></h2>\n|t:|1788179607\n|gametype|doubles\n|player|p1|Guian_6|102|1229\n|player|p2|eklyst|pokemaniac|1299\n|gen|9\n|tier|[Gen 9 Champions] VGC 2026 Reg M-B (Bo3)\n|rated|\n|rule|Species Clause: Limit one of each Pokémon\n|rule|Item Clause: Limit 1 of each item\n|clearpoke\n|poke|p1|Ninetales-Alola, L50, F|\n|poke|p1|Lucario, L50, M|\n|poke|p1|Basculegion, L50, M|\n|poke|p1|Incineroar, L50, M|\n|poke|p1|Venusaur, L50, F|\n|poke|p1|Palafin, L50, F|\n|poke|p2|Sinistcha, L50|\n|poke|p2|Incineroar, L50, F|\n|poke|p2|Blaziken, L50, F|\n|poke|p2|Ninetales-Alola, L50, M|\n|poke|p2|Mawile, L50, M|\n|poke|p2|Basculegion, L50, M|\n|teampreview|4\n|showteam|p1|Ninetales-Alola||ChoiceScarf|SnowWarning|IcyWind,Blizzard,FreezeDry,Moonblast|Timid||F|||50|]Lucario||Lucarionite|InnerFocus|CloseCombat,BulletPunch,MeteorMash,Protect|Jolly||M|||50|]Basculegion||LifeOrb|Adaptability|FlipTurn,LastRespects,WaveCrash,AquaJet|Jolly||M|||50|]Incineroar||SitrusBerry|Intimidate|FakeOut,PartingShot,FlareBlitz,Protect|Careful||M|||50|]Venusaur||Venusaurite|Chlorophyll|Toxic,SleepPowder,GigaDrain,Protect|Timid||F|||50|]Palafin||Leftovers|ZerotoHero|Haze,Protect,WaveCrash,JetPunch|Impish||F|||50|\n|showteam|p2|Sinistcha||KasibBerry|Hospitality|MatchaGotcha,RagePowder,TrickRoom,Protect|Relaxed|||||50|]Incineroar||SitrusBerry|Intimidate|FlareBlitz,FakeOut,PartingShot,HelpingHand|Careful||F|||50|]Blaziken||Blazikenite|SpeedBoost|CloseCombat,FlareBlitz,RockSlide,Detect|Adamant||F|||50|]Ninetales-Alola||NeverMeltIce|SnowWarning|Blizzard,FreezeDry,Encore,Protect|Timid||M|||50|]Mawile||Mawilite|HyperCutter|PlayRough,IronHead,SuckerPunch,Protect|Adamant||M|||50|]Basculegion||LifeOrb|Adaptability|WaveCrash,LastRespects,AquaJet,Protect|Adamant||M|||50|\n|inactive|Battle timer is ON: inactive players will automatically lose when time's up. (requested by eklyst)\n|\n|t:|1788179631\n|teamsize|p1|4\n|teamsize|p2|4\n|start\n|switch|p1a: Venom|Incineroar, L50, M|100/100\n|switch|p1b: Jeff|Palafin, L50, F|100/100\n|switch|p2a: Sinistcha|Sinistcha, L50|100/100\n|switch|p2b: Blaziken|Blaziken, L50, F|100/100\n|-ability|p1a: Venom|Intimidate|boost\n|-unboost|p2a: Sinistcha|atk|1\n|-unboost|p2b: Blaziken|atk|1\n|turn|1\n|inactive|Guian_6 has 30 seconds left.\n|inactive|eklyst has 30 seconds left.\n|inactive|Guian_6 has 20 seconds left.\n|inactive|Guian_6 has 15 seconds left.\n|inactive|Guian_6 has 10 seconds left.\n|\n|t:|1788179679\n|detailschange|p1b: Jeff|Palafin-Hero, L50, F\n|switch|p1b: Groot|Venusaur, L50, F|100/100\n|detailschange|p2b: Blaziken|Blaziken-Mega, L50, F\n|-mega|p2b: Blaziken|Blaziken|Blazikenite\n|move|p2a: Sinistcha|Rage Powder|p2a: Sinistcha\n|-singleturn|p2a: Sinistcha|move: Rage Powder\n|move|p2b: Blaziken|Close Combat|p1a: Venom\n|-supereffective|p1a: Venom|1\n|-damage|p1a: Venom|0 fnt\n|-unboost|p2b: Blaziken|def|1\n|-unboost|p2b: Blaziken|spd|1\n|faint|p1a: Venom\n|\n|-ability|p2b: Blaziken|Speed Boost|boost\n|-boost|p2b: Blaziken|spe|1\n|upkeep\n|\n|t:|1788179697\n|switch|p1a: Namor|Basculegion, L50, M|100/100\n|turn|2\n|\n|t:|1788179721\n|switch|p2b: Basculegion|Basculegion, L50, M|100/100\n|detailschange|p1b: Groot|Venusaur-Mega, L50, F\n|-mega|p1b: Groot|Venusaur|Venusaurite\n|move|p1b: Groot|Toxic|p2a: Sinistcha\n|-status|p2a: Sinistcha|tox\n|move|p1a: Namor|Last Respects|p2a: Sinistcha\n|-supereffective|p2a: Sinistcha|1\n|-enditem|p2a: Sinistcha|Kasib Berry|[eat]\n|-enditem|p2a: Sinistcha|Kasib Berry|[weaken]\n|-damage|p2a: Sinistcha|32/100 tox\n|-damage|p1a: Namor|90/100|[from] item: Life Orb\n|move|p2a: Sinistcha|Matcha Gotcha|p1b: Groot|[spread] p1a,p1b\n|-supereffective|p1a: Namor|1\n|-resisted|p1b: Groot|2\n|-damage|p1a: Namor|32/100\n|-heal|p2a: Sinistcha|64/100 tox|[from] drain|[of] p1a: Namor\n|-damage|p1b: Groot|95/100\n|-heal|p2a: Sinistcha|67/100 tox|[from] drain|[of] p1b: Groot\n|-status|p1a: Namor|brn\n|\n|-damage|p2a: Sinistcha|61/100 tox|[from] psn\n|-damage|p1a: Namor|26/100 brn|[from] brn\n|upkeep\n|turn|3\n|inactive|Guian_6 has 30 seconds left.\n|inactive|eklyst has 30 seconds left.\n|\n|t:|1788179750\n|switch|p2b: Ninetales|Ninetales-Alola, L50, M|100/100\n|-weather|Snowscape|[from] ability: Snow Warning|[of] p2b: Ninetales\n|move|p1b: Groot|Sleep Powder|p2b: Ninetales\n|-status|p2b: Ninetales|slp|[from] move: Sleep Powder\n|move|p1a: Namor|Last Respects|p2a: Sinistcha\n|-supereffective|p2a: Sinistcha|1\n|-damage|p2a: Sinistcha|0 fnt\n|faint|p2a: Sinistcha\n|-damage|p1a: Namor|16/100 brn|[from] item: Life Orb\n|\n|-weather|Snowscape|[upkeep]\n|-damage|p1a: Namor|10/100 brn|[from] brn\n|upkeep\n|\n|t:|1788179754\n|switch|p2a: Blaziken|Blaziken-Mega, L50, F|100/100\n|turn|4\n|\n|t:|1788179765\n|move|p2a: Blaziken|Detect|p2a: Blaziken\n|-singleturn|p2a: Blaziken|Protect\n|move|p1a: Namor|Aqua Jet|p2a: Blaziken\n|-activate|p2a: Blaziken|move: Protect\n|cant|p2b: Ninetales|slp\n|move|p1b: Groot|Giga Drain|p2b: Ninetales\n|-damage|p2b: Ninetales|63/100 slp\n|-heal|p1b: Groot|100/100|[from] drain|[of] p2b: Ninetales\n|\n|-weather|Snowscape|[upkeep]\n|-damage|p1a: Namor|4/100 brn|[from] brn\n|-ability|p2a: Blaziken|Speed Boost|boost\n|-boost|p2a: Blaziken|spe|1\n|upkeep\n|turn|5\n|\n|t:|1788179781\n|switch|p2a: Basculegion|Basculegion, L50, M|100/100\n|move|p1a: Namor|Aqua Jet|p2a: Basculegion\n|-resisted|p2a: Basculegion|1\n|-damage|p2a: Basculegion|91/100\n|-damage|p1a: Namor|0 fnt|[from] item: Life Orb\n|faint|p1a: Namor\n|-curestatus|p2b: Ninetales|slp|[msg]\n|move|p2b: Ninetales|Blizzard|p1b: Groot\n|-supereffective|p1b: Groot|1\n|-damage|p1b: Groot|58/100\n|-status|p1b: Groot|frz\n|cant|p1b: Groot|frz\n|\n|-weather|Snowscape|[upkeep]\n|upkeep\n|c|☆Guian_6|GG\n|-message|Guian_6 forfeited.\n|\n|win|eklyst\n|raw|Guian_6's rating: 1229 &rarr; <strong>1209</strong><br />(-20 for losing)\n|raw|eklyst's rating: 1299 &rarr; <strong>1319</strong><br />(+20 for winning)\n|l|☆Guian_6\n|player|p1|\n","uploadtime":1788179962,"views":"0","formatid":"gen9championsvgc2026regmbbo3","rating":1209,"private":0,"password":null}