{"id":"gen9championsvgc2026regmb-2674254384","format":"[Gen 9 Champions] VGC 2026 Reg M-B","players":["prealpha7","BastixHang"],"log":"|j|☆prealpha7\n|j|☆BastixHang\n|t:|1788324276\n|gametype|doubles\n|player|p1|prealpha7|ghetsis|1344\n|player|p2|BastixHang|volkner|1368\n|gen|9\n|tier|[Gen 9 Champions] VGC 2026 Reg M-B\n|rated|\n|rule|Species Clause: Limit one of each Pokémon\n|rule|Item Clause: Limit 1 of each item\n|clearpoke\n|poke|p1|Charizard, L50, M|\n|poke|p1|Venusaur, L50, M|\n|poke|p1|Pelipper, L50, F|\n|poke|p1|Archaludon, L50, M|\n|poke|p1|Grimmsnarl, L50, M|\n|poke|p1|Swampert, L50, M|\n|poke|p2|Charizard, L50, M, shiny|\n|poke|p2|Aerodactyl, L50, M|\n|poke|p2|Farigiraf, L50, F|\n|poke|p2|Garchomp, L50, F|\n|poke|p2|Sylveon, L50, F, shiny|\n|poke|p2|Kingambit, L50, M|\n|teampreview|4\n|inactive|Battle timer is ON: inactive players will automatically lose when time's up. (requested by prealpha7)\nBastixHang has agreed to open team sheets.\nprealpha7 has agreed to open team sheets.\n|showteam|p1|Charizard||CharizarditeY|Blaze|HeatWave,SolarBeam,WeatherBall,Protect|Modest||M|||50|]Venusaur||FocusSash|Chlorophyll|LeafStorm,SludgeBomb,SleepPowder,Protect|Modest||M|||50|]Pelipper||SitrusBerry|Drizzle|WeatherBall,Hurricane,Tailwind,WideGuard|Bold||F|||50|]Archaludon||Leftovers|Stamina|ElectroShot,DragonPulse,FlashCannon,Protect|Modest||M|||50|]Grimmsnarl||LightClay|Prankster|FoulPlay,PartingShot,Reflect,LightScreen|Careful||M|||50|]Swampert||Swampertite|Damp|WaveCrash,Earthquake,IcePunch,Protect|Adamant||M|||50|\n|showteam|p2|Charizard||CharizarditeY|Blaze|HeatWave,SolarBeam,WeatherBall,Protect|Timid||M|||50|]Aerodactyl||Aerodactylite|Pressure|RockSlide,Tailwind,IceFang,DualWingbeat|Jolly||M|||50|]Farigiraf||SitrusBerry|ArmorTail|Psychic,Thunderbolt,TrickRoom,Protect|Bold||F|||50|]Garchomp||LifeOrb|RoughSkin|Earthquake,DragonClaw,RockSlide,Protect|Jolly||F|||50|]Sylveon||FairyFeather|Pixilate|HyperVoice,HyperBeam,QuickAttack,Protect|Modest||F|||50|]Kingambit||FocusSash|Defiant|SuckerPunch,KowtowCleave,IronHead,LowKick|Adamant||M|||50|\n|inactive|BastixHang has 60 seconds left.\n|c|☆prealpha7|glhf\n|\n|t:|1788324327\n|teamsize|p1|4\n|teamsize|p2|4\n|start\n|switch|p1a: Archaludon|Archaludon, L50, M|100/100\n|switch|p1b: Grimmsnarl|Grimmsnarl, L50, M|100/100\n|switch|p2a: Charizard|Charizard, L50, M, shiny|100/100\n|switch|p2b: Farigiraf|Farigiraf, L50, F|100/100\n|turn|1\n|c|☆BastixHang|gl!\n|inactive|BastixHang has 30 seconds left.\n|\n|t:|1788324358\n|move|p1a: Archaludon|Protect|p1a: Archaludon\n|-singleturn|p1a: Archaludon|Protect\n|move|p1b: Grimmsnarl|Light Screen|p1b: Grimmsnarl\n|-sidestart|p1: prealpha7|move: Light Screen\n|move|p2a: Charizard|Heat Wave|p1b: Grimmsnarl|[spread] p1b\n|-activate|p1a: Archaludon|move: Protect\n|-damage|p1b: Grimmsnarl|82/100\n|move|p2b: Farigiraf|Thunderbolt|p1a: Archaludon\n|-activate|p1a: Archaludon|move: Protect\n|\n|upkeep\n|turn|2\n|inactive|prealpha7 has 30 seconds left.\n|inactive|BastixHang has 30 seconds left.\n|inactive|prealpha7 has 20 seconds left.\n|\n|t:|1788324398\n|detailschange|p2a: Charizard|Charizard-Mega-Y, L50, M, shiny\n|-mega|p2a: Charizard|Charizard|Charizardite Y\n|-weather|SunnyDay|[from] ability: Drought|[of] p2a: Charizard\n|move|p2a: Charizard|Heat Wave|p1b: Grimmsnarl|[spread] p1a\n|-miss|p2a: Charizard|p1b: Grimmsnarl\n|-damage|p1a: Archaludon|58/100\n|-status|p1a: Archaludon|brn\n|-ability|p1a: Archaludon|Stamina|boost\n|-boost|p1a: Archaludon|def|1\n|move|p1a: Archaludon|Dragon Pulse|p2a: Charizard\n|-damage|p2a: Charizard|60/100\n|move|p1b: Grimmsnarl|Foul Play|p2b: Farigiraf\n|-supereffective|p2b: Farigiraf|1\n|-damage|p2b: Farigiraf|59/100\n|move|p2b: Farigiraf|Thunderbolt|p1b: Grimmsnarl\n|-damage|p1b: Grimmsnarl|69/100\n|\n|-weather|SunnyDay|[upkeep]\n|-heal|p1a: Archaludon|64/100 brn|[from] item: Leftovers\n|-damage|p1a: Archaludon|58/100 brn|[from] brn\n|upkeep\n|turn|3\n|\n|t:|1788324420\n|switch|p2a: Sylveon|Sylveon, L50, F, shiny|100/100\n|switch|p1b: Pelipper|Pelipper, L50, F|100/100\n|-weather|RainDance|[from] ability: Drizzle|[of] p1b: Pelipper\n|move|p1a: Archaludon|Electro Shot||[still]\n|-prepare|p1a: Archaludon|Electro Shot\n|-boost|p1a: Archaludon|spa|1\n|-anim|p1a: Archaludon|Electro Shot|p2a: Sylveon\n|-damage|p2a: Sylveon|54/100\n|move|p2b: Farigiraf|Trick Room|p2b: Farigiraf\n|-fieldstart|move: Trick Room|[of] p2b: Farigiraf\n|\n|-weather|RainDance|[upkeep]\n|-heal|p1a: Archaludon|64/100 brn|[from] item: Leftovers\n|-damage|p1a: Archaludon|58/100 brn|[from] brn\n|upkeep\n|turn|4\n|\n|t:|1788324438\n|move|p1b: Pelipper|Wide Guard|p1b: Pelipper\n|-singleturn|p1b: Pelipper|Wide Guard\n|move|p2b: Farigiraf|Thunderbolt|p1b: Pelipper\n|-supereffective|p1b: Pelipper|2\n|-damage|p1b: Pelipper|20/100y\n|-enditem|p1b: Pelipper|Sitrus Berry|[eat]\n|-heal|p1b: Pelipper|44/100|[from] item: Sitrus Berry\n|move|p2a: Sylveon|Hyper Beam|p1b: Pelipper\n|-damage|p1b: Pelipper|0 fnt\n|-mustrecharge|p2a: Sylveon\n|faint|p1b: Pelipper\n|move|p1a: Archaludon|Flash Cannon|p2a: Sylveon\n|-supereffective|p2a: Sylveon|1\n|-damage|p2a: Sylveon|0 fnt\n|faint|p2a: Sylveon\n|\n|-weather|RainDance|[upkeep]\n|-heal|p1a: Archaludon|64/100 brn|[from] item: Leftovers\n|-damage|p1a: Archaludon|58/100 brn|[from] brn\n|upkeep\n|\n|t:|1788324454\n|switch|p2a: Kingambit|Kingambit, L50, M|100/100\n|switch|p1b: Swampert|Swampert, L50, M|100/100\n|turn|5\n|\n|t:|1788324465\n|detailschange|p1b: Swampert|Swampert-Mega, L50, M\n|-mega|p1b: Swampert|Swampert|Swampertite\n|move|p1a: Archaludon|Protect|p1a: Archaludon\n|-singleturn|p1a: Archaludon|Protect\n|move|p2a: Kingambit|Low Kick|p1a: Archaludon\n|-activate|p1a: Archaludon|move: Protect\n|move|p2b: Farigiraf|Thunderbolt|p1a: Archaludon\n|-activate|p1a: Archaludon|move: Protect\n|move|p1b: Swampert|Earthquake|p2b: Farigiraf|[spread] p2a,p2b\n|-activate|p1a: Archaludon|move: Protect\n|-supereffective|p2a: Kingambit|1\n|-damage|p2a: Kingambit|29/100\n|-damage|p2b: Farigiraf|21/100\n|-enditem|p2b: Farigiraf|Sitrus Berry|[eat]\n|-heal|p2b: Farigiraf|46/100|[from] item: Sitrus Berry\n|\n|-weather|RainDance|[upkeep]\n|-heal|p1a: Archaludon|64/100 brn|[from] item: Leftovers\n|-damage|p1a: Archaludon|58/100 brn|[from] brn\n|upkeep\n|turn|6\n|\n|t:|1788324485\n|move|p2a: Kingambit|Low Kick|p1a: Archaludon\n|-supereffective|p1a: Archaludon|1\n|-damage|p1a: Archaludon|26/100 brn\n|-ability|p1a: Archaludon|Stamina|boost\n|-boost|p1a: Archaludon|def|1\n|move|p2b: Farigiraf|Thunderbolt|p1a: Archaludon\n|-resisted|p1a: Archaludon|1\n|-damage|p1a: Archaludon|19/100 brn\n|-ability|p1a: Archaludon|Stamina|boost\n|-boost|p1a: Archaludon|def|1\n|move|p1a: Archaludon|Dragon Pulse|p2b: Farigiraf\n|-damage|p2b: Farigiraf|0 fnt\n|faint|p2b: Farigiraf\n|move|p1b: Swampert|Wave Crash|p2a: Kingambit\n|-damage|p2a: Kingambit|0 fnt\n|faint|p2a: Kingambit\n|-damage|p1b: Swampert|89/100|[from] Recoil\n|\n|-weather|RainDance|[upkeep]\n|-heal|p1a: Archaludon|25/100 brn|[from] item: Leftovers\n|-damage|p1a: Archaludon|19/100 brn|[from] brn\n|upkeep\n|\n|t:|1788324494\n|switch|p2a: Charizard|Charizard-Mega-Y, L50, M, shiny|60/100\n|-weather|SunnyDay|[from] ability: Drought|[of] p2a: Charizard\n|turn|7\n|\n|t:|1788324507\n|switch|p1b: Grimmsnarl|Grimmsnarl, L50, M|69/100\n|move|p2a: Charizard|Protect|p2a: Charizard\n|-singleturn|p2a: Charizard|Protect\n|move|p1a: Archaludon|Dragon Pulse|p2a: Charizard\n|-activate|p2a: Charizard|move: Protect\n|\n|-weather|SunnyDay|[upkeep]\n|-heal|p1a: Archaludon|25/100 brn|[from] item: Leftovers\n|-damage|p1a: Archaludon|19/100 brn|[from] brn\n|-fieldend|move: Trick Room\n|upkeep\n|turn|8\n|\n|t:|1788324527\n|move|p1a: Archaludon|Protect|p1a: Archaludon\n|-singleturn|p1a: Archaludon|Protect\n|move|p2a: Charizard|Heat Wave|p1a: Archaludon|[spread] \n|-activate|p1a: Archaludon|move: Protect\n|-miss|p2a: Charizard|p1b: Grimmsnarl\n|move|p1b: Grimmsnarl|Foul Play|p2a: Charizard\n|-damage|p2a: Charizard|16/100\n|\n|-weather|SunnyDay|[upkeep]\n|-heal|p1a: Archaludon|25/100 brn|[from] item: Leftovers\n|-damage|p1a: Archaludon|19/100 brn|[from] brn\n|-sideend|p1: prealpha7|move: Light Screen\n|upkeep\n|turn|9\n|\n|t:|1788324535\n|move|p1b: Grimmsnarl|Parting Shot|p2a: Charizard\n|-unboost|p2a: Charizard|atk|1\n|-unboost|p2a: Charizard|spa|1\n|\n|t:|1788324538\n|switch|p1b: Swampert|Swampert-Mega, L50, M|89/100|[from] Parting Shot\n|move|p2a: Charizard|Heat Wave|p1a: Archaludon|[spread] p1a,p1b\n|-resisted|p1b: Swampert|1\n|-damage|p1a: Archaludon|0 fnt\n|-damage|p1b: Swampert|70/100\n|faint|p1a: Archaludon\n|\n|-weather|SunnyDay|[upkeep]\n|upkeep\n|\n|t:|1788324542\n|switch|p1a: Grimmsnarl|Grimmsnarl, L50, M|69/100\n|turn|10\n|\n|t:|1788324549\n|move|p1a: Grimmsnarl|Light Screen|p1a: Grimmsnarl\n|-sidestart|p1: prealpha7|move: Light Screen\n|move|p2a: Charizard|Solar Beam||[still]\n|-prepare|p2a: Charizard|Solar Beam\n|-anim|p2a: Charizard|Solar Beam|p1b: Swampert\n|-supereffective|p1b: Swampert|2\n|-damage|p1b: Swampert|0 fnt\n|faint|p1b: Swampert\n|\n|-weather|SunnyDay|[upkeep]\n|upkeep\n|turn|11\n|\n|t:|1788324557\n|move|p2a: Charizard|Weather Ball|p1a: Grimmsnarl\n|-damage|p1a: Grimmsnarl|32/100\n|move|p1a: Grimmsnarl|Foul Play|p2a: Charizard\n|-damage|p2a: Charizard|0 fnt\n|faint|p2a: Charizard\n|\n|win|prealpha7\n|raw|prealpha7's rating: 1344 &rarr; <strong>1365</strong><br />(+21 for winning)\n|raw|BastixHang's rating: 1368 &rarr; <strong>1347</strong><br />(-21 for losing)\n|c|☆prealpha7|gg\n|c|☆BastixHang|wpp\n|c|☆prealpha7|wp\n","uploadtime":1788324578,"views":"4","formatid":"gen9championsvgc2026regmb","rating":1347,"private":0,"password":null}