{"id":"gen9championsvgc2026regmb-2674465127","format":"[Gen 9 Champions] VGC 2026 Reg M-B","players":["777skills","yatsalgado"],"log":"|j|☆777skills\n|j|☆yatsalgado\n|t:|1788362997\n|gametype|doubles\n|player|p1|777skills|1|1154\n|player|p2|yatsalgado|102|1082\n|gen|9\n|tier|[Gen 9 Champions] VGC 2026 Reg M-B\n|rated|\n|rule|Species Clause: Limit one of each Pokémon\n|rule|Item Clause: Limit 1 of each item\n|clearpoke\n|poke|p1|Basculegion, L50, M|\n|poke|p1|Clefable, L50, F|\n|poke|p1|Meganium, L50, F|\n|poke|p1|Rotom-Heat, L50|\n|poke|p1|Annihilape, L50, F|\n|poke|p1|Gholdengo, L50|\n|poke|p2|Malamar, L50, M|\n|poke|p2|Sinistcha, L50|\n|poke|p2|Incineroar, L50, M|\n|poke|p2|Farigiraf, L50, M|\n|poke|p2|Tinkaton, L50, F|\n|poke|p2|Tyranitar, L50, M|\n|teampreview|4\n|inactive|Battle timer is ON: inactive players will automatically lose when time's up. (requested by yatsalgado)\n|inactive|777skills has 60 seconds left.\n|inactive|777skills has 30 seconds left.\n|\n|t:|1788363063\n|teamsize|p1|4\n|teamsize|p2|4\n|start\n|switch|p1a: Meganium|Meganium, L50, F|100/100\n|switch|p1b: Clefable|Clefable, L50, F|100/100\n|switch|p2a: Malamar|Malamar, L50, M|100/100\n|switch|p2b: Farigiraf|Farigiraf, L50, M|100/100\n|turn|1\n|inactive|yatsalgado has 30 seconds left.\n|inactive|yatsalgado has 20 seconds left.\n|inactive|yatsalgado has 15 seconds left.\n|\n|t:|1788363105\n|switch|p2a: Tyranitar|Tyranitar, L50, M|100/100\n|-weather|Sandstorm|[from] ability: Sand Stream|[of] p2a: Tyranitar\n|detailschange|p1a: Meganium|Meganium-Mega, L50, F\n|-mega|p1a: Meganium|Meganium|Meganiumite\n|move|p1a: Meganium|Dazzling Gleam|p2a: Tyranitar|[spread] p2a,p2b\n|-supereffective|p2a: Tyranitar|1\n|-damage|p2a: Tyranitar|20/100y\n|-damage|p2b: Farigiraf|74/100\n|move|p1b: Clefable|Focus Blast|p2a: Tyranitar\n|-supereffective|p2a: Tyranitar|2\n|-damage|p2a: Tyranitar|0 fnt\n|faint|p2a: Tyranitar\n|move|p2b: Farigiraf|Trick Room|p2b: Farigiraf\n|-fieldstart|move: Trick Room|[of] p2b: Farigiraf\n|\n|-weather|Sandstorm|[upkeep]\n|-damage|p1b: Clefable|94/100|[from] Sandstorm\n|-damage|p2b: Farigiraf|68/100|[from] Sandstorm\n|-damage|p1a: Meganium|94/100|[from] Sandstorm\n|-heal|p2b: Farigiraf|74/100|[from] item: Leftovers\n|-heal|p1b: Clefable|100/100|[from] item: Leftovers\n|upkeep\n|inactive|yatsalgado has 30 seconds left.\n|\n|t:|1788363132\n|switch|p2a: Sinistcha|Sinistcha, L50|100/100\n|-heal|p2b: Farigiraf|99/100|[from] ability: Hospitality|[of] p2a: Sinistcha\n|turn|2\n|\n|t:|1788363146\n|move|p1b: Clefable|Follow Me|p1b: Clefable\n|-singleturn|p1b: Clefable|move: Follow Me\n|move|p2b: Farigiraf|Hyper Voice|p1b: Clefable|[spread] p1a,p1b\n|-damage|p1a: Meganium|67/100\n|-damage|p1b: Clefable|77/100\n|move|p2a: Sinistcha|Shadow Ball|p1b: Clefable\n|-damage|p1b: Clefable|33/100\n|move|p1a: Meganium|Weather Ball|p2a: Sinistcha\n|-supereffective|p2a: Sinistcha|1\n|-damage|p2a: Sinistcha|0 fnt\n|faint|p2a: Sinistcha\n|\n|-weather|Sandstorm|[upkeep]\n|-damage|p2b: Farigiraf|92/100|[from] Sandstorm\n|-damage|p1b: Clefable|27/100|[from] Sandstorm\n|-damage|p1a: Meganium|61/100|[from] Sandstorm\n|-heal|p2b: Farigiraf|99/100|[from] item: Leftovers\n|-heal|p1b: Clefable|33/100|[from] item: Leftovers\n|upkeep\n|\n|t:|1788363164\n|switch|p2a: Malamar|Malamar, L50, M|100/100\n|turn|3\n|\n|t:|1788363175\n|detailschange|p2a: Malamar|Malamar-Mega, L50, M\n|-mega|p2a: Malamar|Malamar|Malamarite\n|move|p2a: Malamar|Protect|p2a: Malamar\n|-singleturn|p2a: Malamar|Protect\n|move|p1b: Clefable|Follow Me|p1b: Clefable\n|-singleturn|p1b: Clefable|move: Follow Me\n|move|p2b: Farigiraf|Hyper Voice|p1a: Meganium|[spread] p1a,p1b\n|-damage|p1a: Meganium|36/100\n|-damage|p1b: Clefable|7/100\n|move|p1a: Meganium|Dazzling Gleam|p2a: Malamar|[spread] p2b\n|-activate|p2a: Malamar|move: Protect\n|-damage|p2b: Farigiraf|74/100\n|\n|-weather|Sandstorm|[upkeep]\n|-damage|p1b: Clefable|1/100|[from] Sandstorm\n|-damage|p2b: Farigiraf|67/100|[from] Sandstorm\n|-damage|p2a: Malamar|93/100|[from] Sandstorm\n|-damage|p1a: Meganium|31/100|[from] Sandstorm\n|-heal|p1b: Clefable|7/100|[from] item: Leftovers\n|-heal|p2b: Farigiraf|74/100|[from] item: Leftovers\n|upkeep\n|turn|4\n|inactive|yatsalgado has 30 seconds left.\n|\n|t:|1788363206\n|move|p1b: Clefable|Follow Me|p1b: Clefable\n|-singleturn|p1b: Clefable|move: Follow Me\n|move|p2b: Farigiraf|Hyper Voice|p1a: Meganium|[spread] p1a,p1b\n|-damage|p1a: Meganium|6/100\n|-damage|p1b: Clefable|0 fnt\n|faint|p1b: Clefable\n|move|p2a: Malamar|Superpower|p1a: Meganium\n|-resisted|p1a: Meganium|1\n|-damage|p1a: Meganium|0 fnt\n|-boost|p2a: Malamar|atk|1\n|-boost|p2a: Malamar|def|1\n|faint|p1a: Meganium\n|\n|-weather|Sandstorm|[upkeep]\n|-damage|p2b: Farigiraf|67/100|[from] Sandstorm\n|-damage|p2a: Malamar|87/100|[from] Sandstorm\n|-heal|p2b: Farigiraf|74/100|[from] item: Leftovers\n|upkeep\n|\n|t:|1788363211\n|switch|p1b: Gholdengo|Gholdengo, L50|100/100\n|switch|p1a: Annihilape|Annihilape, L50, F|100/100\n|turn|5\n|inactive|yatsalgado has 30 seconds left.\n|inactive|yatsalgado has 20 seconds left.\n|inactive|yatsalgado has 15 seconds left.\n|\n|t:|1788363255\n|move|p1b: Gholdengo|Protect|p1b: Gholdengo\n|-singleturn|p1b: Gholdengo|Protect\n|move|p2b: Farigiraf|Twin Beam|p1a: Annihilape\n|-supereffective|p1a: Annihilape|1\n|-damage|p1a: Annihilape|67/100\n|-supereffective|p1a: Annihilape|1\n|-damage|p1a: Annihilape|35/100\n|-hitcount|p1a: Annihilape|2\n|move|p2a: Malamar|Knock Off|p1b: Gholdengo\n|-activate|p1b: Gholdengo|move: Protect\n|move|p1a: Annihilape|Close Combat|p2a: Malamar\n|-damage|p2a: Malamar|47/100\n|-unboost|p1a: Annihilape|def|1\n|-unboost|p1a: Annihilape|spd|1\n|\n|-weather|none\n|-heal|p2b: Farigiraf|80/100|[from] item: Leftovers\n|-fieldend|move: Trick Room\n|upkeep\n|turn|6\n|inactive|777skills has 30 seconds left.\n|\n|t:|1788363284\n|move|p2a: Malamar|Protect|p2a: Malamar\n|-singleturn|p2a: Malamar|Protect\n|move|p1a: Annihilape|Close Combat|p2b: Farigiraf\n|-damage|p2b: Farigiraf|24/100\n|-unboost|p1a: Annihilape|def|1\n|-unboost|p1a: Annihilape|spd|1\n|move|p1b: Gholdengo|Make It Rain|p2b: Farigiraf|[spread] p2b\n|-activate|p2a: Malamar|move: Protect\n|-damage|p2b: Farigiraf|0 fnt\n|-unboost|p1b: Gholdengo|spa|2\n|faint|p2b: Farigiraf\n|-damage|p1b: Gholdengo|90/100|[from] item: Life Orb\n|\n|upkeep\n|turn|7\n|\n|t:|1788363308\n|move|p1a: Annihilape|Close Combat|p2a: Malamar\n|-damage|p2a: Malamar|8/100\n|-unboost|p1a: Annihilape|def|1\n|-unboost|p1a: Annihilape|spd|1\n|move|p1b: Gholdengo|Shadow Ball|p2a: Malamar\n|-damage|p2a: Malamar|0 fnt\n|faint|p2a: Malamar\n|-damage|p1b: Gholdengo|80/100|[from] item: Life Orb\n|\n|win|777skills\n|raw|777skills's rating: 1154 &rarr; <strong>1174</strong><br />(+20 for winning)\n|raw|yatsalgado's rating: 1082 &rarr; <strong>1064</strong><br />(-18 for losing)\n|l|☆yatsalgado\n|player|p2|\n","uploadtime":1788363317,"views":"4","formatid":"gen9championsvgc2026regmb","rating":1064,"private":0,"password":null}