{"id":"gen9championsvgc2026regmb-2674091686","format":"[Gen 9 Champions] VGC 2026 Reg M-B","players":["nolan_k01","Nayumi_VT"],"log":"|j|☆nolan_k01\n|j|☆Nayumi_VT\n|t:|1788297973\n|gametype|doubles\n|player|p1|nolan_k01|dancer|1161\n|player|p2|Nayumi_VT|dahlia|1191\n|gen|9\n|tier|[Gen 9 Champions] VGC 2026 Reg M-B\n|rated|\n|rule|Species Clause: Limit one of each Pokémon\n|rule|Item Clause: Limit 1 of each item\n|clearpoke\n|poke|p1|Azumarill, L50, M, shiny|\n|poke|p1|Krookodile, L50, M|\n|poke|p1|Talonflame, L50, F, shiny|\n|poke|p1|Serperior, L50, F, shiny|\n|poke|p1|Clefable, L50, M|\n|poke|p1|Annihilape, L50, F|\n|poke|p2|Overqwil, L50, F, shiny|\n|poke|p2|Sneasler, L50, F, shiny|\n|poke|p2|Meowstic, L50, M, shiny|\n|poke|p2|Klefki, L50, M, shiny|\n|poke|p2|Delphox, L50, M, shiny|\n|poke|p2|Sableye, L50, F, shiny|\n|teampreview|4\n|inactive|Battle timer is ON: inactive players will automatically lose when time's up. (requested by Nayumi_VT)\n|\n|t:|1788297993\n|teamsize|p1|4\n|teamsize|p2|4\n|start\n|switch|p1a: Diam's|Clefable, L50, M|100/100\n|switch|p1b: Danae|Serperior, L50, F, shiny|100/100\n|switch|p2a: Golden Shower|Meowstic, L50, M, shiny|100/100\n|switch|p2b: Fisteur Fou|Overqwil, L50, F, shiny|100/100\n|-ability|p2b: Fisteur Fou|Intimidate|boost\n|-unboost|p1a: Diam's|atk|1\n|-boost|p1b: Danae|atk|1\n|turn|1\n|c|☆nolan_k01|frero cmt ca fisteur? mdr\n|inactive|nolan_k01 has 30 seconds left.\n|inactive|Nayumi_VT has 30 seconds left.\n|inactive|nolan_k01 has 20 seconds left.\n|\n|t:|1788298031\n|detailschange|p1a: Diam's|Clefable-Mega, L50, M\n|-mega|p1a: Diam's|Clefable|Clefablite\n|move|p2a: Golden Shower|Skill Swap|p2b: Fisteur Fou\n|-activate|p2a: Golden Shower|Skill Swap|||[of] p2b: Fisteur Fou\n|-hint|Skill Swap does not announce the abilities of the Pokémon when used between allies.\n|-ability|p2a: Golden Shower|Intimidate|boost\n|-unboost|p1a: Diam's|atk|1\n|-boost|p1b: Danae|atk|1\n|move|p2b: Fisteur Fou|Minimize|p2b: Fisteur Fou\n|-boost|p2b: Fisteur Fou|evasion|2\n|move|p1b: Danae|Leaf Storm|p2a: Golden Shower\n|-damage|p2a: Golden Shower|43/100\n|-boost|p1b: Danae|spa|2\n|move|p1a: Diam's|Dazzling Gleam|p2a: Golden Shower|[spread] p2a\n|-miss|p1a: Diam's|p2b: Fisteur Fou\n|-damage|p2a: Golden Shower|7/100\n|\n|upkeep\n|turn|2\n|c|☆Nayumi_VT|mdrr de base la plupart des gens son anglais c'est pour sa\n|inactive|nolan_k01 has 30 seconds left.\n|inactive|Nayumi_VT has 30 seconds left.\n|inactive|nolan_k01 has 20 seconds left.\n|inactive|Nayumi_VT has 20 seconds left.\n|inactive|Nayumi_VT has 15 seconds left.\n|\n|t:|1788298073\n|move|p2b: Fisteur Fou|Minimize|p2b: Fisteur Fou\n|-boost|p2b: Fisteur Fou|evasion|2\n|move|p1b: Danae|Dragon Pulse|p2b: Fisteur Fou|[miss]\n|-miss|p1b: Danae|p2b: Fisteur Fou\n|move|p2a: Golden Shower|Yawn|p1b: Danae\n|-start|p1b: Danae|move: Yawn|[of] p2a: Golden Shower\n|move|p1a: Diam's|Dazzling Gleam|p2a: Golden Shower|[spread] p2a\n|-miss|p1a: Diam's|p2b: Fisteur Fou\n|-damage|p2a: Golden Shower|0 fnt\n|faint|p2a: Golden Shower\n|\n|upkeep\n|\n|t:|1788298077\n|switch|p2a: Sableye|Sableye, L50, F, shiny|100/100\n|turn|3\n|\n|t:|1788298098\n|move|p2b: Fisteur Fou|Minimize|p2b: Fisteur Fou\n|-boost|p2b: Fisteur Fou|evasion|2\n|move|p2a: Sableye|Psych Up|p2b: Fisteur Fou\n|-copyboost|p2a: Sableye|p2b: Fisteur Fou|[from] move: Psych Up\n|move|p1b: Danae|Taunt|p2b: Fisteur Fou\n|-start|p2b: Fisteur Fou|move: Taunt\n|move|p1a: Diam's|Dazzling Gleam|p2a: Sableye|[spread] p2a,p2b\n|-supereffective|p2a: Sableye|1\n|-enditem|p2a: Sableye|Roseli Berry|[eat]\n|-enditem|p2a: Sableye|Roseli Berry|[weaken]\n|-crit|p2b: Fisteur Fou\n|-damage|p2a: Sableye|57/100\n|-damage|p2b: Fisteur Fou|45/100\n|\n|-heal|p2b: Fisteur Fou|51/100|[from] item: Leftovers\n|-end|p1b: Danae|move: Yawn|[silent]\n|-status|p1b: Danae|slp\n|upkeep\n|turn|4\n|c|☆Nayumi_VT|wsh double hit\n|inactive|Nayumi_VT has 30 seconds left.\n|inactive|Nayumi_VT has 20 seconds left.\n|\n|t:|1788298136\n|move|p2a: Sableye|Encore|p1a: Diam's\n|move|p1a: Diam's|Encore||[from] ability: Magic Bounce|[still]\n|-fail|p1a: Diam's\n|cant|p1b: Danae|slp\n|move|p2b: Fisteur Fou|Barb Barrage|p1a: Diam's\n|-supereffective|p1a: Diam's|1\n|-damage|p1a: Diam's|58/100\n|-status|p1a: Diam's|psn\n|move|p1a: Diam's|Dazzling Gleam|p2a: Sableye|[spread] p2b\n|-miss|p1a: Diam's|p2a: Sableye\n|-damage|p2b: Fisteur Fou|12/100\n|\n|-heal|p2b: Fisteur Fou|19/100|[from] item: Leftovers\n|-damage|p1a: Diam's|46/100 psn|[from] psn\n|upkeep\n|turn|5\n|c|☆nolan_k01|mm moi jai un pokemon jlai appele baltrou\n|inactive|nolan_k01 has 30 seconds left.\n|inactive|Nayumi_VT has 30 seconds left.\n|c|☆Nayumi_VT|mdrr\n|inactive|Nayumi_VT has 20 seconds left.\n|inactive|Nayumi_VT has 15 seconds left.\n|c|☆nolan_k01|x3 evasion je fais quoi la\n|inactive|Nayumi_VT has 10 seconds left.\n|c|☆Nayumi_VT|prier mdrr\n|c|☆nolan_k01|sur les deux en plus\n|inactive|Nayumi_VT has 5 seconds left.\n|\n|t:|1788298191\n|move|p2a: Sableye|Encore|p1b: Danae\n|-start|p1b: Danae|Encore\n|cant|p1b: Danae|slp\n|move|p2b: Fisteur Fou|Barb Barrage|p1a: Diam's\n|-supereffective|p1a: Diam's|1\n|-damage|p1a: Diam's|0 fnt\n|faint|p1a: Diam's\n|\n|-heal|p2b: Fisteur Fou|25/100|[from] item: Leftovers\n|upkeep\n|c|☆nolan_k01|machamp il pete ta team avk son talent\n|inactive|nolan_k01 has 30 seconds left.\n|c|☆Nayumi_VT|et encore de base je devais me booster def et def spé et copié\n|\n|t:|1788298224\n|switch|p1a: Abdallah|Annihilape, L50, F|100/100\n|turn|6\n|\n|t:|1788298241\n|move|p2a: Sableye|Will-O-Wisp|p1a: Abdallah\n|-status|p1a: Abdallah|brn\n|-curestatus|p1b: Danae|slp|[msg]\n|move|p1b: Danae|Taunt|p2b: Fisteur Fou|[miss]\n|-miss|p1b: Danae|p2b: Fisteur Fou\n|move|p1a: Abdallah|Rage Fist|p2a: Sableye|[miss]\n|-miss|p1a: Abdallah|p2a: Sableye\n|move|p2b: Fisteur Fou|Barb Barrage|p1b: Danae\n|-supereffective|p1b: Danae|1\n|-damage|p1b: Danae|43/100\n|\n|-heal|p2b: Fisteur Fou|31/100|[from] item: Leftovers\n|-damage|p1a: Abdallah|94/100 brn|[from] brn\n|-end|p2b: Fisteur Fou|move: Taunt\n|upkeep\n|turn|7\n|c|☆nolan_k01|BROOOO\n|inactive|nolan_k01 has 30 seconds left.\n|inactive|Nayumi_VT has 30 seconds left.\n|inactive|Nayumi_VT has 20 seconds left.\n|c|☆Nayumi_VT|de base mon tenefix il s'appelait satan II\n|inactive|Nayumi_VT has 15 seconds left.\n|inactive|Nayumi_VT has 10 seconds left.\n|\n|t:|1788298289\n|move|p2b: Fisteur Fou|Rest|p2b: Fisteur Fou\n|-status|p2b: Fisteur Fou|slp|[from] move: Rest\n|-heal|p2b: Fisteur Fou|100/100 slp|[silent]\n|move|p2a: Sableye|Disable|p1a: Abdallah\n|-start|p1a: Abdallah|Disable|Rage Fist\n|move|p1b: Danae|Taunt|p2a: Sableye|[miss]\n|-miss|p1b: Danae|p2a: Sableye\n|cant|p1a: Abdallah|Disable|Rage Fist\n|\n|-damage|p1a: Abdallah|88/100 brn|[from] brn\n|-end|p1b: Danae|Encore\n|upkeep\n|turn|8\n|c|☆nolan_k01|BRUHVSVV\n|c|☆nolan_k01|tue moi omd\n|inactive|nolan_k01 has 30 seconds left.\n|inactive|Nayumi_VT has 30 seconds left.\n|inactive|nolan_k01 has 20 seconds left.\n|inactive|Nayumi_VT has 20 seconds left.\n|inactive|nolan_k01 has 15 seconds left.\n|inactive|nolan_k01 has 10 seconds left.\n|\n|t:|1788298336\n|move|p2a: Sableye|Encore|p1b: Danae\n|-start|p1b: Danae|Encore\n|move|p1b: Danae|Taunt|p2b: Fisteur Fou\n|-start|p2b: Fisteur Fou|move: Taunt\n|move|p1a: Abdallah|Gunk Shot|p2a: Sableye|[miss]\n|-miss|p1a: Abdallah|p2a: Sableye\n|cant|p2b: Fisteur Fou|slp\n|\n|-damage|p1a: Abdallah|82/100 brn|[from] brn\n|upkeep\n|turn|9\n|\n|t:|1788298358\n|move|p2a: Sableye|Encore|p1a: Abdallah\n|-start|p1a: Abdallah|Encore\n|move|p1b: Danae|Taunt|p2a: Sableye|[miss]\n|-miss|p1b: Danae|p2a: Sableye\n|move|p1a: Abdallah|Gunk Shot|p2b: Fisteur Fou\n|-resisted|p2b: Fisteur Fou|1\n|-damage|p2b: Fisteur Fou|89/100 slp\n|cant|p2b: Fisteur Fou|slp\n|\n|-heal|p2b: Fisteur Fou|96/100 slp|[from] item: Leftovers\n|-damage|p1a: Abdallah|76/100 brn|[from] brn\n|upkeep\n|turn|10\n|\n|t:|1788298381\n|move|p2a: Sableye|Will-O-Wisp|p1b: Danae|[miss]\n|-miss|p2a: Sableye|p1b: Danae\n|move|p1b: Danae|Taunt|p2a: Sableye|[miss]\n|-miss|p1b: Danae|p2a: Sableye\n|move|p1a: Abdallah|Gunk Shot|p2a: Sableye\n|-resisted|p2a: Sableye|1\n|-damage|p2a: Sableye|45/100\n|-status|p2a: Sableye|psn\n|-curestatus|p2b: Fisteur Fou|slp|[msg]\n|move|p2b: Fisteur Fou|Barb Barrage|p1a: Abdallah\n|-resisted|p1a: Abdallah|1\n|-damage|p1a: Abdallah|63/100 brn\n|\n|-heal|p2b: Fisteur Fou|100/100|[from] item: Leftovers\n|-damage|p2a: Sableye|33/100 psn|[from] psn\n|-damage|p1a: Abdallah|57/100 brn|[from] brn\n|-end|p2b: Fisteur Fou|move: Taunt\n|-end|p1b: Danae|Encore\n|-end|p1a: Abdallah|Disable\n|upkeep\n|turn|11\n|inactive|nolan_k01 has 30 seconds left.\n|inactive|nolan_k01 has 20 seconds left.\n|inactive|nolan_k01 has 15 seconds left.\n|\n|t:|1788298425\n|move|p2a: Sableye|Will-O-Wisp|p1b: Danae\n|-status|p1b: Danae|brn\n|move|p1b: Danae|Dragon Pulse|p2a: Sableye|[miss]\n|-miss|p1b: Danae|p2a: Sableye\n|move|p1a: Abdallah|Gunk Shot|p2b: Fisteur Fou|[miss]\n|-miss|p1a: Abdallah|p2b: Fisteur Fou\n|move|p2b: Fisteur Fou|Barb Barrage|p1b: Danae\n|-supereffective|p1b: Danae|1\n|-damage|p1b: Danae|0 fnt\n|faint|p1b: Danae\n|\n|-damage|p2a: Sableye|21/100 psn|[from] psn\n|-damage|p1a: Abdallah|51/100 brn|[from] brn\n|-end|p1a: Abdallah|Encore\n|upkeep\n|c|☆Nayumi_VT|tkt pas bro je vais te arreter cette torture mentale\n|\n|t:|1788298438\n|switch|p1b: Bullet|Talonflame, L50, F, shiny|100/100\n|turn|12\n|inactive|Nayumi_VT has 30 seconds left.\n|\n|t:|1788298465\n|move|p1b: Bullet|Protect|p1b: Bullet\n|-singleturn|p1b: Bullet|Protect\n|move|p2b: Fisteur Fou|Stockpile|p2b: Fisteur Fou\n|-start|p2b: Fisteur Fou|stockpile1\n|-boost|p2b: Fisteur Fou|def|1\n|-boost|p2b: Fisteur Fou|spd|1\n|move|p2a: Sableye|Disable|p1a: Abdallah\n|-start|p1a: Abdallah|Disable|Gunk Shot\n|cant|p1a: Abdallah|Disable|Gunk Shot\n|\n|-damage|p2a: Sableye|8/100 psn|[from] psn\n|-damage|p1a: Abdallah|45/100 brn|[from] brn\n|upkeep\n|turn|13\n|inactive|Nayumi_VT has 30 seconds left.\n|\n|t:|1788298498\n|move|p1a: Abdallah|Protect|p1a: Abdallah\n|-singleturn|p1a: Abdallah|Protect\n|move|p2a: Sableye|Encore|p1b: Bullet\n|-start|p1b: Bullet|Encore\n|move|p1b: Bullet|Protect||[still]\n|-fail|p1b: Bullet\n|move|p2b: Fisteur Fou|Barb Barrage|p1b: Bullet\n|-damage|p1b: Bullet|65/100\n|-status|p1b: Bullet|psn\n|\n|-damage|p1b: Bullet|52/100 psn|[from] psn\n|-damage|p2a: Sableye|0 fnt|[from] psn\n|faint|p2a: Sableye\n|-damage|p1a: Abdallah|39/100 brn|[from] brn\n|upkeep\n|\n|t:|1788298511\n|switch|p2a: He isn't dangerous|Klefki, L50, M, shiny|100/100\n|turn|14\n|c|☆nolan_k01|gros\n|inactive|Nayumi_VT has 30 seconds left.\n|inactive|Nayumi_VT has 20 seconds left.\n|\n|t:|1788298533\n|move|p1b: Bullet|Protect|p1b: Bullet\n|-singleturn|p1b: Bullet|Protect\n|move|p2a: He isn't dangerous|Psych Up|p2b: Fisteur Fou\n|-copyboost|p2a: He isn't dangerous|p2b: Fisteur Fou|[from] move: Psych Up\n|move|p1a: Abdallah|Cross Chop|p2a: He isn't dangerous|[miss]\n|-miss|p1a: Abdallah|p2a: He isn't dangerous\n|move|p2b: Fisteur Fou|Barb Barrage|p1a: Abdallah\n|-resisted|p1a: Abdallah|1\n|-damage|p1a: Abdallah|27/100 brn\n|\n|-damage|p1b: Bullet|40/100 psn|[from] psn\n|-damage|p1a: Abdallah|21/100 brn|[from] brn\n|upkeep\n|turn|15\n|inactive|Nayumi_VT has 20 seconds left this turn.\n|inactive|Nayumi_VT has 15 seconds left.\n|c|☆nolan_k01|le fight est mm pas fun blud\n|inactive|Nayumi_VT has 10 seconds left.\n|inactive|Nayumi_VT has 5 seconds left.\n|-message|Nayumi_VT lost due to inactivity.\n|\n|win|nolan_k01\n|raw|nolan_k01's rating: 1161 &rarr; <strong>1188</strong><br />(+27 for winning)\n|raw|Nayumi_VT's rating: 1191 &rarr; <strong>1164</strong><br />(-27 for losing)\n|c|☆Nayumi_VT|desoler TvT\n|c|☆nolan_k01|bruh\n|c|☆nolan_k01|0 attack\n|c|☆nolan_k01|litteralement\n|c|☆nolan_k01|jallais devenir fou\n|l|☆nolan_k01\n|player|p1|\n|c|☆Nayumi_VT|mdrrrr vraiment desoler de cette torture mentale\n","uploadtime":1788298602,"views":"1","formatid":"gen9championsvgc2026regmb","rating":1164,"private":0,"password":null}