{"id":"gen9championsvgc2026regmbbo3-2674676093","format":"[Gen 9 Champions] VGC 2026 Reg M-B (Bo3)","players":["TheClownMage","dkelly1126"],"log":"|j|☆TheClownMage\n|j|☆dkelly1126\n|html|<table width=\"100%\"><tr><td align=\"left\">TheClownMage</td><td align=\"right\">dkelly1126</tr><tr><td align=\"left\"><i class=\"fa fa-circle\"></i> <i class=\"fa fa-circle-o\"></i> </td><td align=\"right\"><i class=\"fa fa-circle-o\"></i> <i class=\"fa fa-circle-o\"></i> </tr></table>\n|uhtml|bestof|<h2><strong>Game 2</strong> of <a href=\"/game-bestof3-gen9championsvgc2026regmbbo3-2674673944\">a best-of-3</a></h2>\n|t:|1788388888\n|gametype|doubles\n|player|p1|TheClownMage|waiter|1141\n|player|p2|dkelly1126|101|1221\n|gen|9\n|tier|[Gen 9 Champions] VGC 2026 Reg M-B (Bo3)\n|rated|\n|rule|Species Clause: Limit one of each Pokémon\n|rule|Item Clause: Limit 1 of each item\n|clearpoke\n|poke|p1|Basculegion, L50, M|\n|poke|p1|Archaludon, L50, M|\n|poke|p1|Pelipper, L50, F|\n|poke|p1|Raichu, L50, M|\n|poke|p1|Sinistcha, L50|\n|poke|p1|Kingambit, L50, F|\n|poke|p2|Blastoise, L50, M|\n|poke|p2|Delphox, L50, M|\n|poke|p2|Sinistcha-Masterpiece, L50|\n|poke|p2|Sneasler, L50, F|\n|poke|p2|Kingambit, L50, M|\n|poke|p2|Incineroar, L50, M|\n|teampreview|4\n|showteam|p1|Basculegion||LifeOrb|SwiftSwim|AquaJet,LastRespects,WaveCrash,Protect|Jolly||M|||50|]Archaludon||Leftovers|Stalwart|DragonPulse,ElectroShot,FlashCannon,Protect|Timid||M|||50|]Pelipper||FocusSash|Drizzle|IceBeam,WeatherBall,Hurricane,Tailwind|Timid||F|||50|]Raichu||RaichuniteY|LightningRod|ZapCannon,FocusBlast,FakeOut,AlluringVoice|Hasty||M|||50|]Sinistcha||SitrusBerry|Hospitality|MatchaGotcha,LifeDew,TrickRoom,RagePowder|Relaxed|||||50|]Kingambit||OccaBerry|Defiant|SuckerPunch,KowtowCleave,IronHead,LowKick|Adamant||F|||50|\n|showteam|p2|Blastoise||Blastoisinite|RainDish|WaterSpout,DarkPulse,ShellSmash,Protect|Modest||M|||50|]Delphox||Delphoxite|Blaze|HeatWave,Psychic,NastyPlot,Protect|Timid||M|||50|]Sinistcha-Masterpiece||ColburBerry|Hospitality|MatchaGotcha,RagePowder,TrickRoom,Protect|Bold|||||50|]Sneasler||FocusSash|PoisonTouch|FakeOut,PoisonJab,CloseCombat,QuickGuard|Jolly||F|||50|]Kingambit||LifeOrb|Defiant|KowtowCleave,SuckerPunch,SwordsDance,Protect|Adamant||M|||50|]Incineroar||SitrusBerry|Intimidate|FakeOut,FlareBlitz,ThroatChop,PartingShot|Careful||M|||50|\n|inactive|Battle timer is ON: inactive players will automatically lose when time's up. (requested by TheClownMage)\n|\n|t:|1788388933\n|teamsize|p1|4\n|teamsize|p2|4\n|start\n|switch|p1a: Raichu|Raichu, L50, M|100/100\n|switch|p1b: Archaludon|Archaludon, L50, M|100/100\n|switch|p2a: Sinistcha|Sinistcha-Masterpiece, L50|100/100\n|switch|p2b: Blastoise|Blastoise, L50, M|100/100\n|turn|1\n|inactive|TheClownMage has 30 seconds left.\n|inactive|TheClownMage has 20 seconds left.\n|inactive|TheClownMage has 15 seconds left.\n|\n|t:|1788388974\n|detailschange|p1a: Raichu|Raichu-Mega-Y, L50, M\n|-mega|p1a: Raichu|Raichu|Raichunite Y\n|detailschange|p2b: Blastoise|Blastoise-Mega, L50, M\n|-mega|p2b: Blastoise|Blastoise|Blastoisinite\n|move|p2b: Blastoise|Protect|p2b: Blastoise\n|-singleturn|p2b: Blastoise|Protect\n|move|p1a: Raichu|Zap Cannon|p2b: Blastoise\n|-activate|p2b: Blastoise|move: Protect\n|move|p1b: Archaludon|Dragon Pulse|p2a: Sinistcha\n|-damage|p2a: Sinistcha|57/100\n|move|p2a: Sinistcha|Trick Room|p2a: Sinistcha\n|-fieldstart|move: Trick Room|[of] p2a: Sinistcha\n|\n|upkeep\n|turn|2\n|inactive|TheClownMage has 30 seconds left.\n|inactive|TheClownMage has 20 seconds left.\n|inactive|TheClownMage has 15 seconds left.\n|inactive|TheClownMage has 10 seconds left.\n|\n|t:|1788389023\n|switch|p2a: Kingambit|Kingambit, L50, M|100/100\n|switch|p1a: Pelipper|Pelipper, L50, F|100/100\n|-weather|RainDance|[from] ability: Drizzle|[of] p1a: Pelipper\n|move|p2b: Blastoise|Water Spout|p1a: Pelipper|[spread] p1a,p1b\n|-resisted|p1a: Pelipper|1\n|-resisted|p1b: Archaludon|1\n|-damage|p1a: Pelipper|12/100\n|-damage|p1b: Archaludon|26/100\n|move|p1b: Archaludon|Electro Shot||[still]\n|-prepare|p1b: Archaludon|Electro Shot\n|-boost|p1b: Archaludon|spa|1\n|-anim|p1b: Archaludon|Electro Shot|p2b: Blastoise\n|-supereffective|p2b: Blastoise|1\n|-damage|p2b: Blastoise|0 fnt\n|faint|p2b: Blastoise\n|\n|-weather|RainDance|[upkeep]\n|-heal|p1b: Archaludon|32/100|[from] item: Leftovers\n|upkeep\n|\n|t:|1788389042\n|switch|p2b: Sinistcha|Sinistcha-Masterpiece, L50|57/100\n|turn|3\n|\n|t:|1788389054\n|move|p1b: Archaludon|Protect|p1b: Archaludon\n|-singleturn|p1b: Archaludon|Protect\n|move|p2a: Kingambit|Kowtow Cleave|p1b: Archaludon\n|-activate|p1b: Archaludon|move: Protect\n|move|p2b: Sinistcha|Matcha Gotcha|p1a: Pelipper|[spread] p1a\n|-activate|p1b: Archaludon|move: Protect\n|-damage|p1a: Pelipper|0 fnt\n|-heal|p2b: Sinistcha|62/100|[from] drain|[of] p1a: Pelipper\n|faint|p1a: Pelipper\n|\n|-weather|RainDance|[upkeep]\n|-heal|p1b: Archaludon|38/100|[from] item: Leftovers\n|upkeep\n|\n|t:|1788389071\n|switch|p1a: Raichu|Raichu-Mega-Y, L50, M|100/100\n|turn|4\n|\n|t:|1788389093\n|move|p1a: Raichu|Fake Out|p2a: Kingambit\n|-resisted|p2a: Kingambit|1\n|-damage|p2a: Kingambit|96/100\n|cant|p2a: Kingambit|flinch\n|move|p2b: Sinistcha|Matcha Gotcha|p1a: Raichu|[spread] p1a,p1b\n|-resisted|p1b: Archaludon|2\n|-damage|p1a: Raichu|60/100\n|-heal|p2b: Sinistcha|77/100|[from] drain|[of] p1a: Raichu\n|-damage|p1b: Archaludon|29/100\n|-heal|p2b: Sinistcha|82/100|[from] drain|[of] p1b: Archaludon\n|move|p1b: Archaludon|Electro Shot||[still]\n|-prepare|p1b: Archaludon|Electro Shot\n|-boost|p1b: Archaludon|spa|1\n|-anim|p1b: Archaludon|Electro Shot|p2a: Kingambit\n|-damage|p2a: Kingambit|4/100\n|\n|-weather|RainDance|[upkeep]\n|-heal|p1b: Archaludon|35/100|[from] item: Leftovers\n|upkeep\n|turn|5\n|inactive|TheClownMage has 30 seconds left.\n|inactive|dkelly1126 has 30 seconds left.\n|inactive|TheClownMage has 20 seconds left.\n|inactive|TheClownMage has 15 seconds left.\n|inactive|TheClownMage has 10 seconds left.\n|inactive|TheClownMage has 5 seconds left.\n|\n|t:|1788389144\n|switch|p2b: Sneasler|Sneasler, L50, F|100/100\n|move|p2a: Kingambit|Kowtow Cleave|p1a: Raichu\n|-damage|p1a: Raichu|0 fnt\n|faint|p1a: Raichu\n|-damage|p2a: Kingambit|0 fnt|[from] item: Life Orb\n|faint|p2a: Kingambit\n|move|p1b: Archaludon|Electro Shot||[still]\n|-prepare|p1b: Archaludon|Electro Shot\n|-boost|p1b: Archaludon|spa|1\n|-anim|p1b: Archaludon|Electro Shot|p2b: Sneasler\n|-enditem|p2b: Sneasler|Focus Sash\n|-damage|p2b: Sneasler|1/100\n|\n|-weather|RainDance|[upkeep]\n|-heal|p1b: Archaludon|41/100|[from] item: Leftovers\n|-fieldend|move: Trick Room\n|upkeep\n|\n|t:|1788389162\n|switch|p1a: Basculegion|Basculegion, L50, M|100/100\n|switch|p2a: Sinistcha|Sinistcha-Masterpiece, L50|82/100\n|-heal|p2b: Sneasler|25/100|[from] ability: Hospitality|[of] p2a: Sinistcha\n|turn|6\n|inactive|dkelly1126 has 30 seconds left.\n|inactive|TheClownMage has 30 seconds left.\n|\n|t:|1788389193\n|move|p1a: Basculegion|Aqua Jet|p2b: Sneasler\n|-damage|p2b: Sneasler|0 fnt\n|faint|p2b: Sneasler\n|-damage|p1a: Basculegion|90/100|[from] item: Life Orb\n|move|p1b: Archaludon|Dragon Pulse|p2a: Sinistcha\n|-damage|p2a: Sinistcha|0 fnt\n|faint|p2a: Sinistcha\n|\n|win|TheClownMage\n|raw|TheClownMage's rating: 1141 &rarr; <strong>1172</strong><br />(+31 for winning)\n|raw|dkelly1126's rating: 1221 &rarr; <strong>1190</strong><br />(-31 for losing)\n","uploadtime":1788389202,"views":"2","formatid":"gen9championsvgc2026regmbbo3","rating":1172,"private":0,"password":null}