{"id":"gen9championsvgc2026regmbbo3-2673431610","format":"[Gen 9 Champions] VGC 2026 Reg M-B (Bo3)","players":["SuperOinge22","Pawah"],"log":"|j|☆SuperOinge22\n|j|☆Pawah\n|html|<table width=\"100%\"><tr><td align=\"left\">SuperOinge22</td><td align=\"right\">Pawah</tr><tr><td align=\"left\"><i class=\"fa fa-circle-o\"></i> <i class=\"fa fa-circle-o\"></i> </td><td align=\"right\"><i class=\"fa fa-circle-o\"></i> <i class=\"fa fa-circle-o\"></i> </tr></table>\n|uhtml|bestof|<h2><strong>Game 1</strong> of <a href=\"/game-bestof3-gen9championsvgc2026regmbbo3-2673431609\">a best-of-3</a></h2>\n|t:|1788197008\n|gametype|doubles\n|player|p1|SuperOinge22|mars|1210\n|player|p2|Pawah|ethan|1307\n|gen|9\n|tier|[Gen 9 Champions] VGC 2026 Reg M-B (Bo3)\n|rated|\n|rule|Species Clause: Limit one of each Pokémon\n|rule|Item Clause: Limit 1 of each item\n|clearpoke\n|poke|p1|Morpeko, L50, M|\n|poke|p1|Clefable, L50, M|\n|poke|p1|Garchomp, L50, M|\n|poke|p1|Orthworm, L50, M|\n|poke|p1|Scolipede, L50, M|\n|poke|p1|Rotom-Wash, L50|\n|poke|p2|Incineroar, L50, M|\n|poke|p2|Sinistcha, L50|\n|poke|p2|Floette-Eternal, L50, F|\n|poke|p2|Samurott-Hisui, L50, F|\n|poke|p2|Sneasler, L50, F|\n|poke|p2|Delphox, L50, M|\n|teampreview|4\n|showteam|p1|Morpeko||FocusSash|HungerSwitch|FakeOut,AuraWheel,KnockOff,Protect|Adamant||M|||50|]Clefable||Clefablite|CuteCharm|Moonblast,AirSlash,FollowMe,Protect|Modest||M|||50|]Garchomp||SoftSand|RoughSkin|Earthquake,ScaleShot,SwordsDance,Protect|Jolly||M|||50|]Orthworm||SitrusBerry|EarthEater|ShedTail,HeavySlam,BodyPress,StealthRock|Impish||M|||50|]Scolipede||Scolipite|SpeedBoost|GunkShot,LeechLife,SwordsDance,Protect|Jolly||M|||50|]Rotom-Wash||Leftovers|Levitate|Thunderbolt,HydroPump,WillOWisp,LightScreen|Bold|||||50|\n|showteam|p2|Incineroar||SitrusBerry|Intimidate|FlareBlitz,DarkestLariat,FakeOut,PartingShot|Careful||M|||50|]Sinistcha||OccaBerry|Hospitality|MatchaGotcha,LifeDew,RagePowder,Protect|Bold|||||50|]Floette-Eternal||Floettite|FlowerVeil|Protect,DazzlingGleam,Moonblast,CalmMind|Modest||F|||50|]Samurott-Hisui||ChoiceScarf|Sharpness|NightSlash,AquaCutter,SacredSword,FlipTurn|Jolly||F|||50|]Sneasler||FocusSash|PoisonTouch|PoisonJab,RockSlide,CloseCombat,FakeOut|Jolly||F|||50|]Delphox||Delphoxite|Blaze|HeatWave,Protect,Psychic,NastyPlot|Timid||M|||50|\n|inactive|Battle timer is ON: inactive players will automatically lose when time's up. (requested by Pawah)\n|inactive|SuperOinge22 also wants the timer to be on.\n|inactive|SuperOinge22 has 60 seconds left.\n|inactive|Pawah has 60 seconds left.\n|\n|t:|1788197041\n|teamsize|p1|4\n|teamsize|p2|4\n|start\n|switch|p1a: Morpeko|Morpeko, L50, M|100/100\n|switch|p1b: Rotom|Rotom-Wash, L50|100/100\n|switch|p2a: Incineroar|Incineroar, L50, M|100/100\n|switch|p2b: Delphox|Delphox, L50, M|100/100\n|-ability|p2a: Incineroar|Intimidate|boost\n|-unboost|p1a: Morpeko|atk|1\n|-unboost|p1b: Rotom|atk|1\n|turn|1\n|\n|t:|1788197059\n|detailschange|p2b: Delphox|Delphox-Mega, L50, M\n|-mega|p2b: Delphox|Delphox|Delphoxite\n|move|p2b: Delphox|Protect|p2b: Delphox\n|-singleturn|p2b: Delphox|Protect\n|move|p1a: Morpeko|Aura Wheel|p2b: Delphox\n|-activate|p2b: Delphox|move: Protect\n|move|p1b: Rotom|Light Screen|p1b: Rotom\n|-sidestart|p1: SuperOinge22|move: Light Screen\n|move|p2a: Incineroar|Parting Shot|p1b: Rotom\n|-unboost|p1b: Rotom|atk|1\n|-unboost|p1b: Rotom|spa|1\n|\n|t:|1788197067\n|switch|p2a: Sinistcha|Sinistcha, L50|100/100|[from] Parting Shot\n|\n|-formechange|p1a: Morpeko|Morpeko-Hangry|\n|upkeep\n|turn|2\n|\n|t:|1788197077\n|switch|p1b: Garchomp|Garchomp, L50, M|100/100\n|move|p2a: Sinistcha|Rage Powder|p2a: Sinistcha\n|-singleturn|p2a: Sinistcha|move: Rage Powder\n|move|p2b: Delphox|Heat Wave|p1a: Morpeko|[spread] p1a,p1b\n|-resisted|p1b: Garchomp|1\n|-damage|p1a: Morpeko|49/100\n|-damage|p1b: Garchomp|85/100\n|move|p1a: Morpeko|Aura Wheel|p2a: Sinistcha\n|-supereffective|p2a: Sinistcha|1\n|-damage|p2a: Sinistcha|48/100\n|-boost|p1a: Morpeko|spe|1\n|\n|-formechange|p1a: Morpeko|Morpeko|\n|upkeep\n|turn|3\n|\n|t:|1788197097\n|switch|p1a: Rotom|Rotom-Wash, L50|100/100\n|switch|p2a: Incineroar|Incineroar, L50, M|100/100\n|-ability|p2a: Incineroar|Intimidate|boost\n|-unboost|p1a: Rotom|atk|1\n|-unboost|p1b: Garchomp|atk|1\n|move|p2b: Delphox|Protect|p2b: Delphox\n|-singleturn|p2b: Delphox|Protect\n|move|p1b: Garchomp|Swords Dance|p1b: Garchomp\n|-boost|p1b: Garchomp|atk|2\n|\n|upkeep\n|turn|4\n|\n|t:|1788197112\n|move|p2a: Incineroar|Fake Out|p1b: Garchomp\n|-damage|p1b: Garchomp|76/100\n|-damage|p2a: Incineroar|87/100|[from] ability: Rough Skin|[of] p1b: Garchomp\n|move|p2b: Delphox|Nasty Plot|p2b: Delphox\n|-boost|p2b: Delphox|spa|2\n|cant|p1b: Garchomp|flinch\n|move|p1a: Rotom|Hydro Pump|p2b: Delphox\n|-supereffective|p2b: Delphox|1\n|-damage|p2b: Delphox|30/100\n|\n|upkeep\n|turn|5\n|\n|t:|1788197136\n|move|p2b: Delphox|Protect|p2b: Delphox\n|-singleturn|p2b: Delphox|Protect\n|move|p1b: Garchomp|Scale Shot|p2a: Incineroar\n|-damage|p2a: Incineroar|71/100\n|-damage|p2a: Incineroar|56/100\n|-damage|p2a: Incineroar|39/100\n|-enditem|p2a: Incineroar|Sitrus Berry|[eat]\n|-heal|p2a: Incineroar|64/100|[from] item: Sitrus Berry\n|-hitcount|p2a: Incineroar|3\n|-unboost|p1b: Garchomp|def|1\n|-boost|p1b: Garchomp|spe|1\n|move|p1a: Rotom|Hydro Pump|p2b: Delphox\n|-activate|p2b: Delphox|move: Protect\n|move|p2a: Incineroar|Parting Shot|p1a: Rotom\n|-unboost|p1a: Rotom|atk|1\n|-unboost|p1a: Rotom|spa|1\n|\n|t:|1788197148\n|switch|p2a: Sinistcha|Sinistcha, L50|48/100|[from] Parting Shot\n|-heal|p2b: Delphox|55/100|[from] ability: Hospitality|[of] p2a: Sinistcha\n|\n|-sideend|p1: SuperOinge22|move: Light Screen\n|upkeep\n|turn|6\n|\n|t:|1788197166\n|move|p2a: Sinistcha|Rage Powder|p2a: Sinistcha\n|-singleturn|p2a: Sinistcha|move: Rage Powder\n|move|p1b: Garchomp|Scale Shot|p2a: Sinistcha\n|-damage|p2a: Sinistcha|31/100\n|-damage|p2a: Sinistcha|17/100\n|-damage|p2a: Sinistcha|3/100\n|-damage|p2a: Sinistcha|0 fnt\n|faint|p2a: Sinistcha\n|-hitcount|p2: Sinistcha|4\n|-unboost|p1b: Garchomp|def|1\n|-boost|p1b: Garchomp|spe|1\n|move|p2b: Delphox|Psychic|p1a: Rotom\n|-damage|p1a: Rotom|1/100\n|move|p1a: Rotom|Light Screen|p1a: Rotom\n|-sidestart|p1: SuperOinge22|move: Light Screen\n|\n|-heal|p1a: Rotom|6/100|[from] item: Leftovers\n|upkeep\n|\n|t:|1788197174\n|switch|p2a: Incineroar|Incineroar, L50, M|64/100\n|-ability|p2a: Incineroar|Intimidate|boost\n|-unboost|p1a: Rotom|atk|1\n|-unboost|p1b: Garchomp|atk|1\n|turn|7\n|\n|t:|1788197183\n|switch|p1a: Morpeko|Morpeko, L50, M|49/100\n|move|p1b: Garchomp|Protect|p1b: Garchomp\n|-singleturn|p1b: Garchomp|Protect\n|move|p2b: Delphox|Protect|p2b: Delphox\n|-singleturn|p2b: Delphox|Protect\n|move|p2a: Incineroar|Parting Shot|p1b: Garchomp\n|-activate|p1b: Garchomp|move: Protect\n|\n|-formechange|p1a: Morpeko|Morpeko-Hangry|\n|upkeep\n|turn|8\n|\n|t:|1788197205\n|switch|p2a: Sneasler|Sneasler, L50, F|100/100\n|move|p1b: Garchomp|Swords Dance|p1b: Garchomp\n|-boost|p1b: Garchomp|atk|2\n|move|p2b: Delphox|Heat Wave|p1a: Morpeko|[spread] p1b\n|-miss|p2b: Delphox|p1a: Morpeko\n|-resisted|p1b: Garchomp|1\n|-damage|p1b: Garchomp|52/100\n|move|p1a: Morpeko|Aura Wheel|p2b: Delphox\n|-supereffective|p2b: Delphox|1\n|-damage|p2b: Delphox|0 fnt\n|-boost|p1a: Morpeko|spe|1\n|faint|p2b: Delphox\n|\n|-formechange|p1a: Morpeko|Morpeko|\n|upkeep\n|\n|t:|1788197211\n|switch|p2b: Incineroar|Incineroar, L50, M|64/100\n|-ability|p2b: Incineroar|Intimidate|boost\n|-unboost|p1a: Morpeko|atk|1\n|-unboost|p1b: Garchomp|atk|1\n|turn|9\n|\n|t:|1788197224\n|switch|p1a: Rotom|Rotom-Wash, L50|6/100\n|move|p1b: Garchomp|Protect|p1b: Garchomp\n|-singleturn|p1b: Garchomp|Protect\n|move|p2b: Incineroar|Fake Out|p1b: Garchomp\n|-activate|p1b: Garchomp|move: Protect\n|move|p2a: Sneasler|Close Combat|p1a: Rotom\n|-damage|p1a: Rotom|0 fnt\n|-unboost|p2a: Sneasler|def|1\n|-unboost|p2a: Sneasler|spd|1\n|faint|p1a: Rotom\n|\n|upkeep\n|\n|t:|1788197231\n|switch|p1a: Clefable|Clefable, L50, M|100/100\n|turn|10\n|\n|t:|1788197243\n|detailschange|p1a: Clefable|Clefable-Mega, L50, M\n|-mega|p1a: Clefable|Clefable|Clefablite\n|move|p1a: Clefable|Follow Me|p1a: Clefable\n|-singleturn|p1a: Clefable|move: Follow Me\n|move|p1b: Garchomp|Earthquake|p2b: Incineroar|[spread] p2a,p2b\n|-immune|p1a: Clefable\n|-supereffective|p2a: Sneasler|1\n|-supereffective|p2b: Incineroar|1\n|-enditem|p2a: Sneasler|Focus Sash\n|-damage|p2a: Sneasler|1/100\n|-damage|p2b: Incineroar|0 fnt\n|faint|p2b: Incineroar\n|move|p2a: Sneasler|Rock Slide|p1b: Garchomp|[spread] p1a,p1b\n|-supereffective|p1a: Clefable|1\n|-resisted|p1b: Garchomp|1\n|-damage|p1a: Clefable|68/100\n|-damage|p1b: Garchomp|35/100\n|\n|-sideend|p1: SuperOinge22|move: Light Screen\n|upkeep\n|turn|11\n|\n|t:|1788197257\n|move|p1b: Garchomp|Earthquake|p2a: Sneasler|[spread] p2a\n|-immune|p1a: Clefable\n|-supereffective|p2a: Sneasler|1\n|-damage|p2a: Sneasler|0 fnt\n|faint|p2a: Sneasler\n|\n|win|SuperOinge22\n","uploadtime":1788197258,"views":"0","formatid":"gen9championsvgc2026regmbbo3","rating":null,"private":0,"password":null}