{"id":"gen9championsvgc2026regmbbo3-2674953323","format":"[Gen 9 Champions] VGC 2026 Reg M-B (Bo3)","players":["EBnilla","ZURUYO"],"log":"|j|☆EBnilla\n|j|☆ZURUYO\n|html|<table width=\"100%\"><tr><td align=\"left\">EBnilla</td><td align=\"right\">ZURUYO</tr><tr><td align=\"left\"><i class=\"fa fa-circle\"></i> <i class=\"fa fa-circle-o\"></i> </td><td align=\"right\"><i class=\"fa fa-circle-o\"></i> <i class=\"fa fa-circle\"></i> </tr></table>\n|uhtml|bestof|<h2><strong>Game 3</strong> of <a href=\"/game-bestof3-gen9championsvgc2026regmbbo3-2674949836\">a best-of-3</a></h2>\n|t:|1788441261\n|gametype|doubles\n|player|p1|EBnilla|backpacker|1279\n|player|p2|ZURUYO|roxie|1135\n|gen|9\n|tier|[Gen 9 Champions] VGC 2026 Reg M-B (Bo3)\n|rated|\n|rule|Species Clause: Limit one of each Pokémon\n|rule|Item Clause: Limit 1 of each item\n|clearpoke\n|poke|p1|Grimmsnarl, L50, M|\n|poke|p1|Archaludon, L50, F|\n|poke|p1|Pelipper, L50, F|\n|poke|p1|Sinistcha, L50|\n|poke|p1|Gholdengo, L50|\n|poke|p1|Scovillain, L50, M|\n|poke|p2|Charizard, L50, F|\n|poke|p2|Whimsicott, L50, M|\n|poke|p2|Garchomp, L50, F|\n|poke|p2|Floette-Eternal, L50, F|\n|poke|p2|Basculegion, L50, M|\n|poke|p2|Kingambit, L50, F|\n|teampreview|4\n|showteam|p1|Grimmsnarl||LightClay|Prankster|SpiritBreak,Reflect,LightScreen,PartingShot|Relaxed||M|||50|]Archaludon||Leftovers|Stamina|FlashCannon,ElectroShot,AuraSphere,Protect|Calm||F|||50|]Pelipper||FocusSash|Drizzle|Hurricane,WeatherBall,Tailwind,Protect|Bold||F|||50|]Sinistcha||SitrusBerry|Hospitality|MatchaGotcha,RagePowder,LifeDew,Protect|Sassy|||||50|]Gholdengo||ChoiceScarf|GoodasGold|MakeItRain,ShadowBall,Thunderbolt,Trick|Timid|||||50|]Scovillain||Scovillainite|Moody|Overheat,LeechSeed,RagePowder,Protect|Modest||M|||50|\n|showteam|p2|Charizard||CharizarditeY|Blaze|HeatWave,WeatherBall,AncientPower,Protect|Timid||F|||50|]Whimsicott||FocusSash|Prankster|Moonblast,Tailwind,Encore,Protect|Timid||M|||50|]Garchomp||SitrusBerry|RoughSkin|DragonClaw,Earthquake,RockSlide,Protect|Jolly||F|||50|]Floette-Eternal||Floettite|FlowerVeil|Moonblast,DazzlingGleam,LightofRuin,Protect|Modest||F|||50|]Basculegion||LifeOrb|Adaptability|WaveCrash,LastRespects,AquaJet,Protect|Adamant||M|||50|]Kingambit||OccaBerry|Defiant|KowtowCleave,SuckerPunch,IronHead,LowKick|Adamant||F|||50|\n|inactive|Battle timer is ON: inactive players will automatically lose when time's up. (requested by EBnilla)\n|\n|t:|1788441314\n|teamsize|p1|4\n|teamsize|p2|4\n|start\n|switch|p1a: Grimmsnarl|Grimmsnarl, L50, M|100/100\n|switch|p1b: Gholdengo|Gholdengo, L50|100/100\n|switch|p2a: Whimsicott|Whimsicott, L50, M|100/100\n|switch|p2b: Basculegion|Basculegion, L50, M|100/100\n|turn|1\n|inactive|EBnilla has 30 seconds left.\n|inactive|EBnilla has 20 seconds left.\n|inactive|EBnilla has 15 seconds left.\n|\n|t:|1788441359\n|move|p2b: Basculegion|Protect|p2b: Basculegion\n|-singleturn|p2b: Basculegion|Protect\n|move|p1a: Grimmsnarl|Reflect|p1a: Grimmsnarl\n|-sidestart|p1: EBnilla|Reflect\n|move|p1b: Gholdengo|Shadow Ball|p2b: Basculegion\n|-activate|p2b: Basculegion|move: Protect\n|move|p2a: Whimsicott|Moonblast|p1a: Grimmsnarl\n|-supereffective|p1a: Grimmsnarl|1\n|-damage|p1a: Grimmsnarl|29/100\n|-unboost|p1a: Grimmsnarl|spa|1\n|\n|upkeep\n|turn|2\n|inactive|ZURUYO has 30 seconds left.\n|inactive|ZURUYO has 20 seconds left.\n|inactive|ZURUYO has 15 seconds left.\n|\n|t:|1788441401\n|switch|p2b: Garchomp|Garchomp, L50, F|100/100\n|move|p2a: Whimsicott|Tailwind|p2a: Whimsicott\n|-sidestart|p2: ZURUYO|move: Tailwind\n|move|p1a: Grimmsnarl|Parting Shot|p2a: Whimsicott\n|-unboost|p2a: Whimsicott|atk|1\n|-unboost|p2a: Whimsicott|spa|1\n|\n|t:|1788441408\n|switch|p1a: Archaludon|Archaludon, L50, F|100/100|[from] Parting Shot\n|move|p1b: Gholdengo|Shadow Ball|p2b: Garchomp\n|-damage|p2b: Garchomp|55/100\n|\n|upkeep\n|turn|3\n|\n|t:|1788441432\n|switch|p1b: Pelipper|Pelipper, L50, F|100/100\n|-weather|RainDance|[from] ability: Drizzle|[of] p1b: Pelipper\n|move|p2a: Whimsicott|Protect|p2a: Whimsicott\n|-singleturn|p2a: Whimsicott|Protect\n|move|p2b: Garchomp|Earthquake|p1a: Archaludon|[spread] p1a\n|-activate|p2a: Whimsicott|move: Protect\n|-immune|p1b: Pelipper\n|-supereffective|p1a: Archaludon|1\n|-damage|p1a: Archaludon|58/100\n|-ability|p1a: Archaludon|Stamina|boost\n|-boost|p1a: Archaludon|def|1\n|move|p1a: Archaludon|Electro Shot||[still]\n|-prepare|p1a: Archaludon|Electro Shot\n|-boost|p1a: Archaludon|spa|1\n|-anim|p1a: Archaludon|Electro Shot|p2a: Whimsicott\n|-activate|p2a: Whimsicott|move: Protect\n|\n|-weather|RainDance|[upkeep]\n|-heal|p1a: Archaludon|64/100|[from] item: Leftovers\n|upkeep\n|turn|4\n|inactive|ZURUYO has 30 seconds left.\n|inactive|ZURUYO has 20 seconds left.\n|inactive|ZURUYO has 15 seconds left.\n|\n|t:|1788441477\n|move|p2a: Whimsicott|Encore|p1a: Archaludon\n|-start|p1a: Archaludon|Encore\n|move|p2b: Garchomp|Dragon Claw|p1b: Pelipper\n|-damage|p1b: Pelipper|78/100\n|move|p1a: Archaludon|Electro Shot||[still]\n|-prepare|p1a: Archaludon|Electro Shot\n|-boost|p1a: Archaludon|spa|1\n|-anim|p1a: Archaludon|Electro Shot|p2a: Whimsicott\n|-resisted|p2a: Whimsicott|1\n|-damage|p2a: Whimsicott|33/100\n|move|p1b: Pelipper|Weather Ball|p2b: Garchomp\n|-damage|p2b: Garchomp|0 fnt\n|faint|p2b: Garchomp\n|\n|-weather|RainDance|[upkeep]\n|-heal|p1a: Archaludon|70/100|[from] item: Leftovers\n|upkeep\n|\n|t:|1788441491\n|switch|p2b: Charizard|Charizard, L50, F|100/100\n|turn|5\n|inactive|EBnilla has 30 seconds left.\n|\n|t:|1788441523\n|switch|p1a: Grimmsnarl|Grimmsnarl, L50, M|29/100\n|detailschange|p2b: Charizard|Charizard-Mega-Y, L50, F\n|-mega|p2b: Charizard|Charizard|Charizardite Y\n|-weather|SunnyDay|[from] ability: Drought|[of] p2b: Charizard\n|move|p1b: Pelipper|Protect|p1b: Pelipper\n|-singleturn|p1b: Pelipper|Protect\n|move|p2a: Whimsicott|Moonblast|p1b: Pelipper\n|-activate|p1b: Pelipper|move: Protect\n|move|p2b: Charizard|Heat Wave|p1a: Grimmsnarl|[spread] p1a\n|-activate|p1b: Pelipper|move: Protect\n|-damage|p1a: Grimmsnarl|0 fnt\n|faint|p1a: Grimmsnarl\n|\n|-weather|SunnyDay|[upkeep]\n|-sideend|p2: ZURUYO|move: Tailwind\n|upkeep\n|\n|t:|1788441528\n|switch|p1a: Archaludon|Archaludon, L50, F|70/100\n|turn|6\n|\n|t:|1788441543\n|switch|p1b: Gholdengo|Gholdengo, L50|100/100\n|move|p1a: Archaludon|Protect|p1a: Archaludon\n|-singleturn|p1a: Archaludon|Protect\n|move|p2a: Whimsicott|Moonblast|p1b: Gholdengo\n|-resisted|p1b: Gholdengo|1\n|-damage|p1b: Gholdengo|87/100\n|move|p2b: Charizard|Heat Wave|p1a: Archaludon|[spread] p1b\n|-activate|p1a: Archaludon|move: Protect\n|-supereffective|p1b: Gholdengo|1\n|-damage|p1b: Gholdengo|0 fnt\n|faint|p1b: Gholdengo\n|\n|-weather|SunnyDay|[upkeep]\n|-heal|p1a: Archaludon|76/100|[from] item: Leftovers\n|upkeep\n|\n|t:|1788441545\n|switch|p1b: Pelipper|Pelipper, L50, F|78/100\n|-weather|RainDance|[from] ability: Drizzle|[of] p1b: Pelipper\n|turn|7\n|inactive|ZURUYO has 30 seconds left.\n|\n|t:|1788441571\n|move|p1a: Archaludon|Protect||[still]\n|-fail|p1a: Archaludon\n|move|p2a: Whimsicott|Encore|p1a: Archaludon\n|-start|p1a: Archaludon|Encore\n|move|p2b: Charizard|Ancient Power|p1b: Pelipper\n|-supereffective|p1b: Pelipper|1\n|-damage|p1b: Pelipper|4/100\n|move|p1b: Pelipper|Hurricane|p2a: Whimsicott\n|-supereffective|p2a: Whimsicott|1\n|-damage|p2a: Whimsicott|0 fnt\n|faint|p2a: Whimsicott\n|\n|-weather|RainDance|[upkeep]\n|-heal|p1a: Archaludon|82/100|[from] item: Leftovers\n|upkeep\n|-message|EBnilla forfeited.\n|\n|win|ZURUYO\n|raw|EBnilla's rating: 1279 &rarr; <strong>1244</strong><br />(-35 for losing)\n|raw|ZURUYO's rating: 1135 &rarr; <strong>1170</strong><br />(+35 for winning)\n|l|☆EBnilla\n|player|p1|\n","uploadtime":1788441593,"views":"0","formatid":"gen9championsvgc2026regmbbo3","rating":1170,"private":0,"password":null}