{"id":"gen9championsvgc2026regmbbo3-2673470355","format":"[Gen 9 Champions] VGC 2026 Reg M-B (Bo3)","players":["Amaterios_03","Cfoowl"],"log":"|j|☆Amaterios_03\n|j|☆Cfoowl\n|html|<table width=\"100%\"><tr><td align=\"left\">Amaterios_03</td><td align=\"right\">Cfoowl</tr><tr><td align=\"left\"><i class=\"fa fa-circle-o\"></i> <i class=\"fa fa-circle-o\"></i> </td><td align=\"right\"><i class=\"fa fa-circle-o\"></i> <i class=\"fa fa-circle-o\"></i> </tr></table>\n|uhtml|bestof|<h2><strong>Game 1</strong> of <a href=\"/game-bestof3-gen9championsvgc2026regmbbo3-2673470354\">a best-of-3</a></h2>\n|t:|1788201653\n|gametype|doubles\n|player|p1|Amaterios_03|hugh|1210\n|player|p2|Cfoowl|265|1240\n|gen|9\n|tier|[Gen 9 Champions] VGC 2026 Reg M-B (Bo3)\n|rated|\n|rule|Species Clause: Limit one of each Pokémon\n|rule|Item Clause: Limit 1 of each item\n|clearpoke\n|poke|p1|Metagross, L50, shiny|\n|poke|p1|Farigiraf, L50, F|\n|poke|p1|Sneasler, L50, F|\n|poke|p1|Torkoal, L50, F|\n|poke|p1|Toxapex, L50, F|\n|poke|p1|Scovillain, L50, F|\n|poke|p2|Scovillain, L50, M, shiny|\n|poke|p2|Basculegion, L50, M|\n|poke|p2|Kingambit, L50, M|\n|poke|p2|Sneasler, L50, F|\n|poke|p2|Lycanroc-Dusk, L50, M|\n|poke|p2|Froslass, L50, F, shiny|\n|teampreview|4\n|showteam|p1|Metagross||Metagrossite|ClearBody|IronHead,PsychicFangs,Protect,RockSlide|Brave|||||50|]Farigiraf||SitrusBerry|ArmorTail|Psychic,Thunderbolt,Protect,TrickRoom|Serious||F|||50|]Sneasler||FocusSash|PoisonTouch|CloseCombat,FakeOut,Protect,DireClaw|Adamant||F|||50|]Torkoal||Charcoal|Drought|Eruption,HeatWave,Protect,EarthPower|Quiet||F|||50|]Toxapex||Leftovers|Regenerator|Lunge,Infestation,BanefulBunker,WideGuard|Sassy||F|||50|]Scovillain||Scovillainite|Moody|LeafStorm,LeechSeed,Protect,RagePowder|Calm||F|||50|\n|showteam|p2|Scovillain||Scovillainite|Moody|GigaDrain,Overheat,RagePowder,Protect|Bold||M|||50|]Basculegion||LifeOrb|Adaptability|WaveCrash,LastRespects,AquaJet,Protect|Adamant||M|||50|]Kingambit||BlackGlasses|Defiant|KowtowCleave,SuckerPunch,SwordsDance,Protect|Adamant||M|||50|]Sneasler||WhiteHerb|Unburden|CloseCombat,DireClaw,Protect,FakeOut|Adamant||F|||50|]Lycanroc-Dusk||FocusSash|ToughClaws|CloseCombat,Accelerock,RockSlide,Protect|Adamant||M|||50|]Froslass||Froslassite|CursedBody|Blizzard,ShadowBall,AuroraVeil,Protect|Timid||F|||50|\n|\n|t:|1788201687\n|teamsize|p1|4\n|teamsize|p2|4\n|start\n|switch|p1a: Scovillain|Scovillain, L50, F|100/100\n|switch|p1b: Sneasler|Sneasler, L50, F|100/100\n|switch|p2a: John Dogs|Scovillain, L50, M, shiny|100/100\n|switch|p2b: SlycedBread|Basculegion, L50, M|100/100\n|turn|1\n|inactive|Battle timer is ON: inactive players will automatically lose when time's up. (requested by Cfoowl)\n|\n|t:|1788201703\n|detailschange|p2a: John Dogs|Scovillain-Mega, L50, M, shiny\n|-mega|p2a: John Dogs|Scovillain|Scovillainite\n|move|p2b: SlycedBread|Protect|p2b: SlycedBread\n|-singleturn|p2b: SlycedBread|Protect\n|move|p1a: Scovillain|Protect|p1a: Scovillain\n|-singleturn|p1a: Scovillain|Protect\n|move|p1b: Sneasler|Dire Claw|p2b: SlycedBread\n|-activate|p2b: SlycedBread|move: Protect\n|move|p2a: John Dogs|Overheat|p1a: Scovillain\n|-activate|p1a: Scovillain|move: Protect\n|\n|-ability|p1a: Scovillain|Moody|boost\n|-boost|p1a: Scovillain|spe|2\n|-unboost|p1a: Scovillain|atk|1\n|upkeep\n|turn|2\n|inactive|Amaterios_03 has 30 seconds left.\n|\n|t:|1788201732\n|switch|p2b: Kids|Kingambit, L50, M|100/100\n|detailschange|p1a: Scovillain|Scovillain-Mega, L50, F\n|-mega|p1a: Scovillain|Scovillain|Scovillainite\n|move|p1b: Sneasler|Protect|p1b: Sneasler\n|-singleturn|p1b: Sneasler|Protect\n|move|p1a: Scovillain|Leaf Storm|p2b: Kids\n|-resisted|p2b: Kids|1\n|-damage|p2b: Kids|71/100\n|-unboost|p1a: Scovillain|spa|2\n|move|p2a: John Dogs|Overheat|p1a: Scovillain\n|-damage|p1a: Scovillain|48/100\n|-unboost|p2a: John Dogs|spa|2\n|\n|upkeep\n|turn|3\n|\n|t:|1788201753\n|switch|p2a: Cisco|Sneasler, L50, F|100/100\n|switch|p2b: SlycedBread|Basculegion, L50, M|100/100\n|move|p1a: Scovillain|Rage Powder|p1a: Scovillain\n|-singleturn|p1a: Scovillain|move: Rage Powder\n|move|p1b: Sneasler|Close Combat|p2b: SlycedBread\n|-immune|p2b: SlycedBread\n|\n|upkeep\n|turn|4\n|\n|t:|1788201770\n|move|p1b: Sneasler|Protect|p1b: Sneasler\n|-singleturn|p1b: Sneasler|Protect\n|move|p1a: Scovillain|Leaf Storm|p2b: SlycedBread\n|-supereffective|p2b: SlycedBread|1\n|-damage|p2b: SlycedBread|26/100\n|-unboost|p1a: Scovillain|spa|2\n|move|p2a: Cisco|Dire Claw|p1a: Scovillain\n|-supereffective|p1a: Scovillain|1\n|-damage|p1a: Scovillain|0 fnt\n|-status|p2a: Cisco|brn|[from] ability: Spicy Spray|[of] p1a: Scovillain\n|faint|p1a: Scovillain\n|move|p2b: SlycedBread|Wave Crash|p1b: Sneasler\n|-activate|p1b: Sneasler|move: Protect\n|\n|-damage|p2a: Cisco|94/100 brn|[from] brn\n|upkeep\n|\n|t:|1788201788\n|switch|p1a: Farigiraf|Farigiraf, L50, F|100/100\n|turn|5\n|inactive|Cfoowl has 30 seconds left.\n|inactive|Cfoowl has 20 seconds left.\n|inactive|Amaterios_03 has 30 seconds left.\n|\n|t:|1788201829\n|move|p1b: Sneasler|Dire Claw|p2a: Cisco\n|-resisted|p2a: Cisco|1\n|-damage|p2a: Cisco|60/100 brn\n|move|p2a: Cisco|Close Combat|p1a: Farigiraf\n|-damage|p1a: Farigiraf|70/100\n|-unboost|p2a: Cisco|def|1\n|-unboost|p2a: Cisco|spd|1\n|-enditem|p2a: Cisco|White Herb\n|-clearnegativeboost|p2a: Cisco|[silent]\n|move|p2b: SlycedBread|Wave Crash|p1b: Sneasler\n|-enditem|p1b: Sneasler|Focus Sash\n|-damage|p1b: Sneasler|1/100\n|-damage|p2b: SlycedBread|1/100|[from] Recoil\n|-damage|p2b: SlycedBread|0 fnt|[from] item: Life Orb\n|faint|p2b: SlycedBread\n|move|p1a: Farigiraf|Trick Room|p1a: Farigiraf\n|-fieldstart|move: Trick Room|[of] p1a: Farigiraf\n|\n|-damage|p2a: Cisco|54/100 brn|[from] brn\n|upkeep\n|\n|t:|1788201840\n|switch|p2b: John Dogs|Scovillain-Mega, L50, M, shiny|100/100\n|turn|6\n|\n|t:|1788201855\n|move|p2b: John Dogs|Protect|p2b: John Dogs\n|-singleturn|p2b: John Dogs|Protect\n|move|p2a: Cisco|Protect|p2a: Cisco\n|-singleturn|p2a: Cisco|Protect\n|move|p1a: Farigiraf|Psychic|p2a: Cisco\n|-activate|p2a: Cisco|move: Protect\n|move|p1b: Sneasler|Dire Claw|p2b: John Dogs\n|-activate|p2b: John Dogs|move: Protect\n|\n|-damage|p2a: Cisco|49/100 brn|[from] brn\n|upkeep\n|turn|7\n|\n|t:|1788201871\n|switch|p2b: Kids|Kingambit, L50, M|71/100\n|move|p2a: Cisco|Protect||[still]\n|-fail|p2a: Cisco\n|move|p1a: Farigiraf|Psychic|p2a: Cisco\n|-supereffective|p2a: Cisco|2\n|-damage|p2a: Cisco|0 fnt\n|faint|p2a: Cisco\n|move|p1b: Sneasler|Dire Claw|p2b: Kids\n|-immune|p2b: Kids\n|\n|upkeep\n|\n|t:|1788201881\n|switch|p2a: John Dogs|Scovillain-Mega, L50, M, shiny|100/100\n|turn|8\n|inactive|Cfoowl has 30 seconds left.\n|\n|t:|1788201909\n|switch|p1a: Torkoal|Torkoal, L50, F|100/100\n|-weather|SunnyDay|[from] ability: Drought|[of] p1a: Torkoal\n|move|p1b: Sneasler|Protect|p1b: Sneasler\n|-singleturn|p1b: Sneasler|Protect\n|move|p2b: Kids|Kowtow Cleave|p1b: Sneasler\n|-activate|p1b: Sneasler|move: Protect\n|move|p2a: John Dogs|Giga Drain|p1a: Torkoal\n|-resisted|p1a: Torkoal|1\n|-damage|p1a: Torkoal|77/100\n|\n|-weather|SunnyDay|[upkeep]\n|upkeep\n|turn|9\n|l|☆Amaterios_03\n|inactive|Amaterios_03 disconnected and has a minute to reconnect!\n|player|p1|\n|j|☆Amaterios_03\n|inactive|Amaterios_03 reconnected and has 40 seconds left.\n|player|p1|Amaterios_03|hugh|\n|inactive|Amaterios_03 has 30 seconds left.\n|\n|t:|1788201942\n|switch|p1b: Farigiraf|Farigiraf, L50, F|70/100\n|move|p2b: Kids|Protect|p2b: Kids\n|-singleturn|p2b: Kids|Protect\n|move|p2a: John Dogs|Protect|p2a: John Dogs\n|-singleturn|p2a: John Dogs|Protect\n|move|p1a: Torkoal|Eruption|p2b: Kids|[spread] \n|-activate|p2a: John Dogs|move: Protect\n|-activate|p2b: Kids|move: Protect\n|\n|-weather|SunnyDay|[upkeep]\n|-fieldend|move: Trick Room\n|upkeep\n|turn|10\n|\n|t:|1788201962\n|move|p1a: Torkoal|Protect|p1a: Torkoal\n|-singleturn|p1a: Torkoal|Protect\n|move|p2a: John Dogs|Overheat|p1a: Torkoal\n|-activate|p1a: Torkoal|move: Protect\n|move|p2b: Kids|Kowtow Cleave|p1b: Farigiraf\n|-supereffective|p1b: Farigiraf|1\n|-damage|p1b: Farigiraf|0 fnt\n|faint|p1b: Farigiraf\n|\n|-weather|SunnyDay|[upkeep]\n|upkeep\n|\n|t:|1788201971\n|switch|p1b: Sneasler|Sneasler, L50, F|1/100\n|turn|11\n|\n|t:|1788201976\n|move|p2a: John Dogs|Protect|p2a: John Dogs\n|-singleturn|p2a: John Dogs|Protect\n|move|p2b: Kids|Protect|p2b: Kids\n|-singleturn|p2b: Kids|Protect\n|move|p1b: Sneasler|Fake Out|p2b: Kids\n|-activate|p2b: Kids|move: Protect\n|move|p1a: Torkoal|Heat Wave|p2a: John Dogs|[spread] \n|-activate|p2a: John Dogs|move: Protect\n|-activate|p2b: Kids|move: Protect\n|\n|-weather|SunnyDay|[upkeep]\n|upkeep\n|turn|12\n|\n|t:|1788201988\n|move|p2b: Kids|Sucker Punch|p1a: Torkoal\n|-damage|p1a: Torkoal|37/100\n|move|p1b: Sneasler|Dire Claw|p2a: John Dogs\n|-supereffective|p2a: John Dogs|1\n|-damage|p2a: John Dogs|18/100\n|-status|p2a: John Dogs|slp\n|-status|p1b: Sneasler|brn|[from] ability: Spicy Spray|[of] p2a: John Dogs\n|cant|p2a: John Dogs|slp\n|move|p1a: Torkoal|Heat Wave|p2a: John Dogs|[spread] p2a,p2b\n|-supereffective|p2b: Kids|1\n|-damage|p2a: John Dogs|0 fnt\n|-damage|p2b: Kids|0 fnt\n|faint|p2a: John Dogs\n|faint|p2b: Kids\n|\n|win|Amaterios_03\n||Cfoowl is ready for game 2.\n","uploadtime":1788201996,"views":"0","formatid":"gen9championsvgc2026regmbbo3","rating":null,"private":0,"password":null}