{"id":"gen9championsvgc2026regmb-2674538476","format":"[Gen 9 Champions] VGC 2026 Reg M-B","players":["equipo syi","Edo_Cava"],"log":"|j|☆equipo syi\n|j|☆Edo_Cava\n|t:|1788371547\n|gametype|doubles\n|player|p1|equipo syi|benga|1480\n|player|p2|Edo_Cava|red|1483\n|gen|9\n|tier|[Gen 9 Champions] VGC 2026 Reg M-B\n|rated|\n|rule|Species Clause: Limit one of each Pokémon\n|rule|Item Clause: Limit 1 of each item\n|clearpoke\n|poke|p1|Staraptor, L50, F|\n|poke|p1|Grimmsnarl, L50, M|\n|poke|p1|Milotic, L50, M|\n|poke|p1|Sinistcha, L50|\n|poke|p1|Kingambit, L50, M|\n|poke|p1|Raichu, L50, M|\n|poke|p2|Excadrill, L50, F|\n|poke|p2|Tyranitar, L50, M|\n|poke|p2|Sinistcha, L50|\n|poke|p2|Staraptor, L50, M|\n|poke|p2|Milotic, L50, M|\n|poke|p2|Gholdengo, L50|\n|teampreview|4\n|inactive|Battle timer is ON: inactive players will automatically lose when time's up. (requested by equipo syi)\n|inactive|equipo syi has 60 seconds left.\n|\n|t:|1788371587\n|teamsize|p1|4\n|teamsize|p2|4\n|start\n|switch|p1a: Grimmsnarl|Grimmsnarl, L50, M|100/100\n|switch|p1b: Kingambit|Kingambit, L50, M|100/100\n|switch|p2a: Milotic|Milotic, L50, M|100/100\n|switch|p2b: Gholdengo|Gholdengo, L50|100/100\n|turn|1\n|\n|t:|1788371604\n|move|p2b: Gholdengo|Protect|p2b: Gholdengo\n|-singleturn|p2b: Gholdengo|Protect\n|move|p1a: Grimmsnarl|Fake Out|p2a: Milotic\n|-damage|p2a: Milotic|91/100\n|cant|p2a: Milotic|flinch\n|move|p1b: Kingambit|Kowtow Cleave|p2b: Gholdengo\n|-activate|p2b: Gholdengo|move: Protect\n|\n|upkeep\n|turn|2\n|\n|t:|1788371619\n|switch|p2b: Staraptor|Staraptor, L50, M|100/100\n|-ability|p2b: Staraptor|Intimidate|boost\n|-unboost|p1a: Grimmsnarl|atk|1\n|-unboost|p1b: Kingambit|atk|1\n|-ability|p1b: Kingambit|Defiant|boost\n|-boost|p1b: Kingambit|atk|2\n|move|p1a: Grimmsnarl|Light Screen|p1a: Grimmsnarl\n|-sidestart|p1: equipo syi|move: Light Screen\n|move|p2a: Milotic|Scald|p1b: Kingambit\n|-damage|p1b: Kingambit|79/100\n|move|p1b: Kingambit|Iron Head|p2b: Staraptor\n|-damage|p2b: Staraptor|0 fnt\n|faint|p2b: Staraptor\n|-damage|p1b: Kingambit|69/100|[from] item: Life Orb\n|\n|upkeep\n|\n|t:|1788371633\n|switch|p2b: Gholdengo|Gholdengo, L50|100/100\n|turn|3\n|\n|t:|1788371639\n|move|p2b: Gholdengo|Protect|p2b: Gholdengo\n|-singleturn|p2b: Gholdengo|Protect\n|move|p1b: Kingambit|Protect|p1b: Kingambit\n|-singleturn|p1b: Kingambit|Protect\n|move|p1a: Grimmsnarl|Parting Shot|p2b: Gholdengo\n|-activate|p2b: Gholdengo|move: Protect\n|move|p2a: Milotic|Scald|p1b: Kingambit\n|-activate|p1b: Kingambit|move: Protect\n|\n|upkeep\n|turn|4\n|c|☆Edo_Cava|wtf\n|\n|t:|1788371657\n|switch|p1a: Milotic|Milotic, L50, M|100/100\n|move|p2a: Milotic|Scald|p1b: Kingambit\n|-damage|p1b: Kingambit|52/100\n|-status|p1b: Kingambit|brn\n|move|p2b: Gholdengo|Make It Rain|p1b: Kingambit|[spread] p1a,p1b\n|-resisted|p1a: Milotic|1\n|-resisted|p1b: Kingambit|1\n|-damage|p1a: Milotic|88/100\n|-damage|p1b: Kingambit|34/100 brn\n|-unboost|p2b: Gholdengo|spa|2\n|-damage|p2b: Gholdengo|90/100|[from] item: Life Orb\n|move|p1b: Kingambit|Kowtow Cleave|p2a: Milotic\n|-damage|p2a: Milotic|48/100\n|-enditem|p2a: Milotic|Sitrus Berry|[eat]\n|-heal|p2a: Milotic|73/100|[from] item: Sitrus Berry\n|-damage|p1b: Kingambit|25/100 brn|[from] item: Life Orb\n|\n|-damage|p1b: Kingambit|19/100 brn|[from] brn\n|upkeep\n|turn|5\n|inactive|Edo_Cava has 30 seconds left.\n|\n|t:|1788371688\n|switch|p2b: Sinistcha|Sinistcha, L50|100/100\n|-heal|p2a: Milotic|98/100|[from] ability: Hospitality|[of] p2b: Sinistcha\n|move|p1b: Kingambit|Sucker Punch||[still]\n|-fail|p1b: Kingambit\n|move|p2a: Milotic|Scald|p1b: Kingambit\n|-damage|p1b: Kingambit|1/100 brn\n|move|p1a: Milotic|Scald|p2a: Milotic\n|-resisted|p2a: Milotic|1\n|-damage|p2a: Milotic|87/100\n|\n|-damage|p1b: Kingambit|0 fnt|[from] brn\n|faint|p1b: Kingambit\n|upkeep\n|\n|t:|1788371692\n|switch|p1b: Staraptor|Staraptor, L50, F|100/100\n|-ability|p1b: Staraptor|Intimidate|boost\n|-unboost|p2a: Milotic|atk|1\n|-ability|p2a: Milotic|Competitive|boost\n|-boost|p2a: Milotic|spa|2\n|-unboost|p2b: Sinistcha|atk|1\n|turn|6\n|\n|t:|1788371716\n|detailschange|p1b: Staraptor|Staraptor-Mega, L50, F\n|-mega|p1b: Staraptor|Staraptor|Staraptite\n|move|p1b: Staraptor|Protect|p1b: Staraptor\n|-singleturn|p1b: Staraptor|Protect\n|move|p2a: Milotic|Scald|p1b: Staraptor\n|-activate|p1b: Staraptor|move: Protect\n|move|p1a: Milotic|Scald|p2a: Milotic\n|-resisted|p2a: Milotic|1\n|-damage|p2a: Milotic|76/100\n|-status|p2a: Milotic|brn\n|move|p2b: Sinistcha|Trick Room|p2b: Sinistcha\n|-fieldstart|move: Trick Room|[of] p2b: Sinistcha\n|\n|-damage|p2a: Milotic|70/100 brn|[from] brn\n|upkeep\n|turn|7\n|inactive|equipo syi has 30 seconds left.\n|inactive|equipo syi has 20 seconds left.\n|\n|t:|1788371751\n|move|p2b: Sinistcha|Matcha Gotcha|p1a: Milotic|[spread] p1a,p1b\n|-supereffective|p1a: Milotic|1\n|-resisted|p1b: Staraptor|1\n|-damage|p1a: Milotic|70/100\n|-damage|p1b: Staraptor|90/100\n|-status|p1a: Milotic|brn\n|move|p1a: Milotic|Recover|p1a: Milotic\n|-heal|p1a: Milotic|100/100 brn\n|move|p2a: Milotic|Scald|p1b: Staraptor\n|-damage|p1b: Staraptor|47/100\n|-status|p1b: Staraptor|brn\n|move|p1b: Staraptor|Close Combat|p2a: Milotic\n|-damage|p2a: Milotic|42/100 brn\n|-boost|p1b: Staraptor|def|1\n|-boost|p1b: Staraptor|spd|1\n|\n|-damage|p1a: Milotic|94/100 brn|[from] brn\n|-damage|p2a: Milotic|36/100 brn|[from] brn\n|-damage|p1b: Staraptor|41/100 brn|[from] brn\n|upkeep\n|turn|8\n|\n|t:|1788371768\n|switch|p2b: Gholdengo|Gholdengo, L50|90/100\n|move|p2a: Milotic|Protect|p2a: Milotic\n|-singleturn|p2a: Milotic|Protect\n|move|p1a: Milotic|Scald|p2a: Milotic\n|-activate|p2a: Milotic|move: Protect\n|move|p1b: Staraptor|Roost|p1b: Staraptor\n|-heal|p1b: Staraptor|91/100 brn\n|-singleturn|p1b: Staraptor|move: Roost\n|\n|-damage|p1a: Milotic|88/100 brn|[from] brn\n|-damage|p2a: Milotic|30/100 brn|[from] brn\n|-damage|p1b: Staraptor|85/100 brn|[from] brn\n|upkeep\n|turn|9\n|\n|t:|1788371780\n|switch|p2b: Sinistcha|Sinistcha, L50|100/100\n|-heal|p2a: Milotic|55/100 brn|[from] ability: Hospitality|[of] p2b: Sinistcha\n|move|p1a: Milotic|Scald|p2b: Sinistcha\n|-resisted|p2b: Sinistcha|1\n|-damage|p2b: Sinistcha|84/100\n|move|p2a: Milotic|Scald|p1b: Staraptor\n|-damage|p1b: Staraptor|54/100 brn\n|move|p1b: Staraptor|Close Combat|p2a: Milotic\n|-damage|p2a: Milotic|29/100 brn\n|-boost|p1b: Staraptor|def|1\n|-boost|p1b: Staraptor|spd|1\n|\n|-damage|p1a: Milotic|82/100 brn|[from] brn\n|-damage|p2a: Milotic|23/100 brn|[from] brn\n|-damage|p1b: Staraptor|48/100 brn|[from] brn\n|-sideend|p1: equipo syi|move: Light Screen\n|upkeep\n|turn|10\n|\n|t:|1788371799\n|move|p2b: Sinistcha|Rage Powder|p2b: Sinistcha\n|-singleturn|p2b: Sinistcha|move: Rage Powder\n|move|p1a: Milotic|Scald|p2b: Sinistcha\n|-resisted|p2b: Sinistcha|1\n|-damage|p2b: Sinistcha|68/100\n|move|p2a: Milotic|Ice Beam|p1b: Staraptor\n|-supereffective|p1b: Staraptor|1\n|-damage|p1b: Staraptor|1/100 brn\n|move|p1b: Staraptor|Roost|p1b: Staraptor\n|-heal|p1b: Staraptor|50/100g brn\n|-singleturn|p1b: Staraptor|move: Roost\n|\n|-damage|p1a: Milotic|76/100 brn|[from] brn\n|-damage|p2a: Milotic|17/100 brn|[from] brn\n|-damage|p1b: Staraptor|44/100 brn|[from] brn\n|-fieldend|move: Trick Room\n|upkeep\n|turn|11\n|\n|t:|1788371808\n|move|p2a: Milotic|Protect|p2a: Milotic\n|-singleturn|p2a: Milotic|Protect\n|move|p1b: Staraptor|Brave Bird|p2b: Sinistcha\n|-supereffective|p2b: Sinistcha|1\n|-damage|p2b: Sinistcha|20/100r\n|-damage|p1b: Staraptor|26/100 brn|[from] Recoil\n|move|p1a: Milotic|Scald|p2a: Milotic\n|-activate|p2a: Milotic|move: Protect\n|move|p2b: Sinistcha|Trick Room|p2b: Sinistcha\n|-fieldstart|move: Trick Room|[of] p2b: Sinistcha\n|\n|-damage|p1a: Milotic|70/100 brn|[from] brn\n|-damage|p2a: Milotic|11/100 brn|[from] brn\n|-damage|p1b: Staraptor|20/100y brn|[from] brn\n|upkeep\n|turn|12\n|\n|t:|1788371830\n|switch|p1a: Grimmsnarl|Grimmsnarl, L50, M|100/100\n|move|p1b: Staraptor|Protect|p1b: Staraptor\n|-singleturn|p1b: Staraptor|Protect\n|move|p2b: Sinistcha|Matcha Gotcha|p1b: Staraptor|[spread] p1a\n|-activate|p1b: Staraptor|move: Protect\n|-damage|p1a: Grimmsnarl|78/100\n|-heal|p2b: Sinistcha|32/100|[from] drain|[of] p1a: Grimmsnarl\n|move|p2a: Milotic|Scald|p1b: Staraptor\n|-activate|p1b: Staraptor|move: Protect\n|\n|-damage|p2a: Milotic|5/100 brn|[from] brn\n|-damage|p1b: Staraptor|14/100 brn|[from] brn\n|upkeep\n|turn|13\n|\n|t:|1788371846\n|move|p1a: Grimmsnarl|Fake Out|p2a: Milotic\n|-damage|p2a: Milotic|0 fnt\n|faint|p2a: Milotic\n|move|p2b: Sinistcha|Matcha Gotcha|p1a: Grimmsnarl|[spread] p1a,p1b\n|-resisted|p1b: Staraptor|1\n|-damage|p1a: Grimmsnarl|56/100\n|-heal|p2b: Sinistcha|45/100|[from] drain|[of] p1a: Grimmsnarl\n|-damage|p1b: Staraptor|7/100 brn\n|-heal|p2b: Sinistcha|48/100|[from] drain|[of] p1b: Staraptor\n|move|p1b: Staraptor|Roost|p1b: Staraptor\n|-heal|p1b: Staraptor|57/100 brn\n|-singleturn|p1b: Staraptor|move: Roost\n|\n|-damage|p1b: Staraptor|51/100 brn|[from] brn\n|upkeep\n|\n|t:|1788371853\n|switch|p2a: Gholdengo|Gholdengo, L50|90/100\n|turn|14\n|\n|t:|1788371865\n|move|p1a: Grimmsnarl|Light Screen|p1a: Grimmsnarl\n|-sidestart|p1: equipo syi|move: Light Screen\n|move|p2b: Sinistcha|Matcha Gotcha|p1a: Grimmsnarl|[spread] p1a,p1b\n|-resisted|p1b: Staraptor|1\n|-damage|p1a: Grimmsnarl|41/100\n|-heal|p2b: Sinistcha|56/100|[from] drain|[of] p1a: Grimmsnarl\n|-damage|p1b: Staraptor|46/100 brn\n|-heal|p2b: Sinistcha|58/100|[from] drain|[of] p1b: Staraptor\n|move|p2a: Gholdengo|Nasty Plot|p2a: Gholdengo\n|-boost|p2a: Gholdengo|spa|2\n|move|p1b: Staraptor|Brave Bird|p2b: Sinistcha\n|-supereffective|p2b: Sinistcha|1\n|-damage|p2b: Sinistcha|9/100\n|-damage|p1b: Staraptor|28/100 brn|[from] Recoil\n|\n|-damage|p1b: Staraptor|21/100 brn|[from] brn\n|upkeep\n|turn|15\n|inactive|equipo syi has 30 seconds left.\n|\n|t:|1788371891\n|move|p2b: Sinistcha|Protect|p2b: Sinistcha\n|-singleturn|p2b: Sinistcha|Protect\n|move|p1b: Staraptor|Protect|p1b: Staraptor\n|-singleturn|p1b: Staraptor|Protect\n|move|p1a: Grimmsnarl|Parting Shot|p2a: Gholdengo\n|-immune|p2a: Gholdengo|[from] ability: Good as Gold\n|move|p2a: Gholdengo|Nasty Plot|p2a: Gholdengo\n|-boost|p2a: Gholdengo|spa|2\n|\n|-damage|p1b: Staraptor|15/100 brn|[from] brn\n|-fieldend|move: Trick Room\n|upkeep\n|turn|16\n|\n|t:|1788371911\n|move|p1a: Grimmsnarl|Reflect|p1a: Grimmsnarl\n|-sidestart|p1: equipo syi|Reflect\n|move|p1b: Staraptor|Brave Bird|p2b: Sinistcha\n|-supereffective|p2b: Sinistcha|1\n|-damage|p2b: Sinistcha|0 fnt\n|faint|p2b: Sinistcha\n|-damage|p1b: Staraptor|12/100 brn|[from] Recoil\n|move|p2a: Gholdengo|Make It Rain|p1b: Staraptor|[spread] p1a\n|-miss|p2a: Gholdengo|p1b: Staraptor\n|-supereffective|p1a: Grimmsnarl|1\n|-damage|p1a: Grimmsnarl|0 fnt\n|-unboost|p2a: Gholdengo|spa|2\n|faint|p1a: Grimmsnarl\n|-damage|p2a: Gholdengo|80/100|[from] item: Life Orb\n|\n|-damage|p1b: Staraptor|6/100 brn|[from] brn\n|upkeep\n|\n|t:|1788371916\n|switch|p1a: Milotic|Milotic, L50, M|70/100 brn\n|turn|17\n|\n|t:|1788371924\n|move|p1b: Staraptor|Brave Bird|p2a: Gholdengo\n|-resisted|p2a: Gholdengo|1\n|-damage|p2a: Gholdengo|67/100\n|-damage|p1b: Staraptor|1/100 brn|[from] Recoil\n|move|p2a: Gholdengo|Make It Rain|p1a: Milotic|[spread] p1a,p1b\n|-resisted|p1a: Milotic|1\n|-damage|p1a: Milotic|46/100 brn\n|-damage|p1b: Staraptor|0 fnt\n|-unboost|p2a: Gholdengo|spa|2\n|-enditem|p1a: Milotic|Sitrus Berry|[eat]\n|-heal|p1a: Milotic|71/100 brn|[from] item: Sitrus Berry\n|faint|p1b: Staraptor\n|-damage|p2a: Gholdengo|58/100|[from] item: Life Orb\n|move|p1a: Milotic|Scald|p2a: Gholdengo\n|-crit|p2a: Gholdengo\n|-damage|p2a: Gholdengo|13/100\n|\n|-damage|p1a: Milotic|65/100 brn|[from] brn\n|upkeep\n|turn|18\n|\n|t:|1788371937\n|move|p2a: Gholdengo|Shadow Ball|p1a: Milotic\n|-damage|p1a: Milotic|45/100 brn\n|-damage|p2a: Gholdengo|3/100|[from] item: Life Orb\n|move|p1a: Milotic|Scald|p2a: Gholdengo\n|-damage|p2a: Gholdengo|0 fnt\n|faint|p2a: Gholdengo\n|\n|win|equipo syi\n|raw|equipo syi's rating: 1480 &rarr; <strong>1500</strong><br />(+20 for winning)\n|raw|Edo_Cava's rating: 1483 &rarr; <strong>1463</strong><br />(-20 for losing)\n|l|☆Edo_Cava\n|player|p2|\n","uploadtime":1788371950,"views":"5","formatid":"gen9championsvgc2026regmb","rating":1463,"private":0,"password":null}