{"id":"gen9championsvgc2026regmbbo3-2674130680","format":"[Gen 9 Champions] VGC 2026 Reg M-B (Bo3)","players":["platanoso","MagicalarperLarper"],"log":"|j|☆platanoso\n|j|☆MagicalarperLarper\n|html|<table width=\"100%\"><tr><td align=\"left\">platanoso</td><td align=\"right\">MagicalarperLarper</tr><tr><td align=\"left\"><i class=\"fa fa-circle-o\"></i> <i class=\"fa fa-circle-o\"></i> </td><td align=\"right\"><i class=\"fa fa-circle-o\"></i> <i class=\"fa fa-circle-o\"></i> </tr></table>\n|uhtml|bestof|<h2><strong>Game 1</strong> of <a href=\"/game-bestof3-gen9championsvgc2026regmbbo3-2674130678\">a best-of-3</a></h2>\n|t:|1788303619\n|gametype|doubles\n|player|p1|platanoso|madame-gen4|1266\n|player|p2|MagicalarperLarper|palmer|1404\n|gen|9\n|tier|[Gen 9 Champions] VGC 2026 Reg M-B (Bo3)\n|rated|\n|rule|Species Clause: Limit one of each Pokémon\n|rule|Item Clause: Limit 1 of each item\n|clearpoke\n|poke|p1|Floette-Eternal, L50, F|\n|poke|p1|Sneasler, L50, F|\n|poke|p1|Incineroar, L50, F|\n|poke|p1|Sinistcha, L50|\n|poke|p1|Delphox, L50, M|\n|poke|p1|Garchomp, L50, M|\n|poke|p2|Charizard, L50, F|\n|poke|p2|Sinistcha, L50|\n|poke|p2|Incineroar, L50, F|\n|poke|p2|Toxapex, L50, M|\n|poke|p2|Dragonite, L50, F|\n|poke|p2|Delphox, L50, M|\n|teampreview|4\n|showteam|p1|Floette-Eternal||Floettite|FlowerVeil|DazzlingGleam,DrainingKiss,CalmMind,Protect|Timid||F|||50|]Sneasler||FocusSash|PoisonTouch|CloseCombat,PoisonJab,FakeOut,Coaching|Jolly||F|||50|]Incineroar||SitrusBerry|Intimidate|FlareBlitz,DarkestLariat,PartingShot,FakeOut|Impish||F|||50|]Sinistcha||OccaBerry|Hospitality|MatchaGotcha,RagePowder,TrickRoom,Protect|Bold|||||50|]Delphox||Delphoxite|Blaze|Psychic,HeatWave,NastyPlot,Protect|Timid||M|||50|]Garchomp||ChoiceScarf|RoughSkin|DragonClaw,StompingTantrum,Earthquake,RockSlide|Adamant||M|||50|\n|showteam|p2|Charizard||CharizarditeY|Blaze|WeatherBall,HeatWave,SolarBeam,Protect|Modest||F|||50|]Sinistcha||OccaBerry|Hospitality|MatchaGotcha,RagePowder,LifeDew,Protect|Relaxed|||||50|]Incineroar||SitrusBerry|Intimidate|FakeOut,FlareBlitz,PartingShot,Protect|Careful||F|||50|]Toxapex||Leftovers|Regenerator|Infestation,Toxic,WideGuard,BanefulBunker|Relaxed||M|||50|]Dragonite||LifeOrb|InnerFocus|DragonClaw,Superpower,ExtremeSpeed,Protect|Adamant||F|||50|]Delphox||Delphoxite|Blaze|HeatWave,Psychic,Substitute,Protect|Modest||M|||50|\n|\n|t:|1788303666\n|teamsize|p1|4\n|teamsize|p2|4\n|start\n|switch|p1a: Floette|Floette-Eternal, L50, F|100/100\n|switch|p1b: Incineroar|Incineroar, L50, F|100/100\n|switch|p2a: Incineroar|Incineroar, L50, F|100/100\n|switch|p2b: Delphox|Delphox, L50, M|100/100\n|-ability|p2a: Incineroar|Intimidate|boost\n|-unboost|p1a: Floette|atk|1\n|-unboost|p1b: Incineroar|atk|1\n|-ability|p1b: Incineroar|Intimidate|boost\n|-unboost|p2a: Incineroar|atk|1\n|-unboost|p2b: Delphox|atk|1\n|turn|1\n|\n|t:|1788303697\n|detailschange|p2b: Delphox|Delphox-Mega, L50, M\n|-mega|p2b: Delphox|Delphox|Delphoxite\n|detailschange|p1a: Floette|Floette-Mega, L50, F\n|-mega|p1a: Floette|Floette|Floettite\n|-ability|p1a: Floette|Fairy Aura\n|move|p2a: Incineroar|Fake Out|p1b: Incineroar\n|-damage|p1b: Incineroar|94/100\n|move|p2b: Delphox|Heat Wave|p1a: Floette|[spread] p1a,p1b\n|-resisted|p1b: Incineroar|1\n|-damage|p1a: Floette|71/100\n|-damage|p1b: Incineroar|76/100\n|move|p1a: Floette|Calm Mind|p1a: Floette\n|-boost|p1a: Floette|spa|1\n|-boost|p1a: Floette|spd|1\n|cant|p1b: Incineroar|flinch\n|\n|upkeep\n|turn|2\n|\n|t:|1788303724\n|move|p2b: Delphox|Protect|p2b: Delphox\n|-singleturn|p2b: Delphox|Protect\n|move|p1a: Floette|Protect|p1a: Floette\n|-singleturn|p1a: Floette|Protect\n|move|p2a: Incineroar|Flare Blitz|p1a: Floette\n|-activate|p1a: Floette|move: Protect\n|move|p1b: Incineroar|Parting Shot|p2b: Delphox\n|-activate|p2b: Delphox|move: Protect\n|\n|upkeep\n|turn|3\n|\n|t:|1788303753\n|move|p2b: Delphox|Psychic|p1a: Floette\n|-crit|p1a: Floette\n|-damage|p1a: Floette|13/100\n|move|p1a: Floette|Draining Kiss|p2a: Incineroar\n|-damage|p2a: Incineroar|64/100\n|-heal|p1a: Floette|45/100|[from] drain|[of] p2a: Incineroar\n|move|p2a: Incineroar|Flare Blitz|p1a: Floette\n|-damage|p1a: Floette|14/100\n|-damage|p2a: Incineroar|55/100|[from] Recoil\n|move|p1b: Incineroar|Parting Shot|p2b: Delphox\n|-unboost|p2b: Delphox|atk|1\n|-unboost|p2b: Delphox|spa|1\n|\n|t:|1788303768\n|switch|p1b: Sinistcha|Sinistcha, L50|100/100|[from] Parting Shot\n|-heal|p1a: Floette|39/100|[from] ability: Hospitality|[of] p1b: Sinistcha\n|\n|upkeep\n|turn|4\n|\n|t:|1788303784\n|switch|p1b: Incineroar|Incineroar, L50, F|76/100\n|-ability|p1b: Incineroar|Intimidate|boost\n|-unboost|p2a: Incineroar|atk|1\n|-unboost|p2b: Delphox|atk|1\n|move|p2a: Incineroar|Protect|p2a: Incineroar\n|-singleturn|p2a: Incineroar|Protect\n|move|p2b: Delphox|Heat Wave|p1a: Floette|[spread] p1a,p1b\n|-resisted|p1b: Incineroar|1\n|-damage|p1a: Floette|25/100\n|-damage|p1b: Incineroar|64/100\n|move|p1a: Floette|Draining Kiss|p2a: Incineroar\n|-activate|p2a: Incineroar|move: Protect\n|\n|upkeep\n|turn|5\n|\n|t:|1788303807\n|switch|p2b: Sinistcha|Sinistcha, L50|100/100\n|-heal|p2a: Incineroar|80/100|[from] ability: Hospitality|[of] p2b: Sinistcha\n|switch|p1b: Sinistcha|Sinistcha, L50|100/100\n|-heal|p1a: Floette|49/100|[from] ability: Hospitality|[of] p1b: Sinistcha\n|move|p1a: Floette|Draining Kiss|p2a: Incineroar\n|-damage|p2a: Incineroar|41/100\n|-heal|p1a: Floette|84/100|[from] drain|[of] p2a: Incineroar\n|-enditem|p2a: Incineroar|Sitrus Berry|[eat]\n|-heal|p2a: Incineroar|66/100|[from] item: Sitrus Berry\n|move|p2a: Incineroar|Parting Shot|p1a: Floette\n|-unboost|p1a: Floette|atk|1\n|-unboost|p1a: Floette|spa|1\n|\n|t:|1788303815\n|switch|p2a: Delphox|Delphox-Mega, L50, M|100/100|[from] Parting Shot\n|\n|upkeep\n|turn|6\n|\n|t:|1788303839\n|switch|p2b: Incineroar|Incineroar, L50, F|66/100\n|-ability|p2b: Incineroar|Intimidate|boost\n|-unboost|p1a: Floette|atk|1\n|-unboost|p1b: Sinistcha|atk|1\n|move|p2a: Delphox|Heat Wave|p1b: Sinistcha|[spread] p1a,p1b\n|-supereffective|p1b: Sinistcha|1\n|-enditem|p1b: Sinistcha|Occa Berry|[eat]\n|-enditem|p1b: Sinistcha|Occa Berry|[weaken]\n|-damage|p1a: Floette|64/100\n|-damage|p1b: Sinistcha|54/100\n|move|p1a: Floette|Dazzling Gleam|p2b: Incineroar|[spread] p2a,p2b\n|-resisted|p2a: Delphox|1\n|-damage|p2a: Delphox|84/100\n|-damage|p2b: Incineroar|37/100\n|move|p1b: Sinistcha|Trick Room|p1b: Sinistcha\n|-fieldstart|move: Trick Room|[of] p1b: Sinistcha\n|\n|upkeep\n|turn|7\n|\n|t:|1788303869\n|switch|p1b: Incineroar|Incineroar, L50, F|64/100\n|-ability|p1b: Incineroar|Intimidate|boost\n|-unboost|p2a: Delphox|atk|1\n|-unboost|p2b: Incineroar|atk|1\n|switch|p2a: Sinistcha|Sinistcha, L50|100/100\n|-heal|p2b: Incineroar|62/100|[from] ability: Hospitality|[of] p2a: Sinistcha\n|move|p1a: Floette|Protect|p1a: Floette\n|-singleturn|p1a: Floette|Protect\n|move|p2b: Incineroar|Parting Shot|p1b: Incineroar\n|-unboost|p1b: Incineroar|atk|1\n|-unboost|p1b: Incineroar|spa|1\n|\n|t:|1788303872\n|switch|p2b: Dragonite|Dragonite, L50, F|100/100|[from] Parting Shot\n|\n|upkeep\n|turn|8\n|\n|t:|1788303900\n|move|p2b: Dragonite|Extreme Speed|p1a: Floette\n|-damage|p1a: Floette|22/100\n|-damage|p2b: Dragonite|90/100|[from] item: Life Orb\n|move|p1b: Incineroar|Flare Blitz|p2a: Sinistcha\n|-supereffective|p2a: Sinistcha|1\n|-enditem|p2a: Sinistcha|Occa Berry|[eat]\n|-enditem|p2a: Sinistcha|Occa Berry|[weaken]\n|-damage|p2a: Sinistcha|72/100\n|-damage|p1b: Incineroar|56/100|[from] Recoil\n|move|p2a: Sinistcha|Matcha Gotcha|p1b: Incineroar|[spread] p1a,p1b\n|-resisted|p1b: Incineroar|1\n|-crit|p1b: Incineroar\n|-damage|p1a: Floette|10/100\n|-heal|p2a: Sinistcha|78/100|[from] drain|[of] p1a: Floette\n|-damage|p1b: Incineroar|39/100\n|-heal|p2a: Sinistcha|88/100|[from] drain|[of] p1b: Incineroar\n|-enditem|p1b: Incineroar|Sitrus Berry|[eat]\n|-heal|p1b: Incineroar|64/100|[from] item: Sitrus Berry\n|move|p1a: Floette|Dazzling Gleam|p2b: Dragonite|[spread] p2a,p2b\n|-supereffective|p2b: Dragonite|1\n|-damage|p2a: Sinistcha|48/100\n|-damage|p2b: Dragonite|17/100\n|\n|upkeep\n|turn|9\n|\n|t:|1788303939\n|switch|p2b: Incineroar|Incineroar, L50, F|62/100\n|-ability|p2b: Incineroar|Intimidate|boost\n|-unboost|p1a: Floette|atk|1\n|-unboost|p1b: Incineroar|atk|1\n|move|p1a: Floette|Protect|p1a: Floette\n|-singleturn|p1a: Floette|Protect\n|move|p1b: Incineroar|Darkest Lariat|p2b: Incineroar\n|-resisted|p2b: Incineroar|1\n|-damage|p2b: Incineroar|54/100\n|move|p2a: Sinistcha|Life Dew|p2a: Sinistcha|[spread] p2a,p2b\n|-heal|p2a: Sinistcha|74/100\n|-heal|p2b: Incineroar|79/100\n|\n|upkeep\n|turn|10\n|\n|t:|1788303960\n|switch|p1a: Garchomp|Garchomp, L50, M|100/100\n|move|p1b: Incineroar|Parting Shot|p2b: Incineroar\n|-unboost|p2b: Incineroar|atk|1\n|-unboost|p2b: Incineroar|spa|1\n|\n|t:|1788303973\n|switch|p1b: Sinistcha|Sinistcha, L50|54/100|[from] Parting Shot\n|move|p2a: Sinistcha|Matcha Gotcha|p1b: Sinistcha|[spread] p1a,p1b\n|-resisted|p1b: Sinistcha|1\n|-damage|p1a: Garchomp|70/100\n|-heal|p2a: Sinistcha|89/100|[from] drain|[of] p1a: Garchomp\n|-damage|p1b: Sinistcha|42/100\n|-heal|p2a: Sinistcha|96/100|[from] drain|[of] p1b: Sinistcha\n|move|p2b: Incineroar|Flare Blitz|p1a: Garchomp\n|-resisted|p1a: Garchomp|1\n|-damage|p1a: Garchomp|56/100\n|-status|p1a: Garchomp|brn\n|-damage|p2b: Incineroar|67/100|[from] ability: Rough Skin|[of] p1a: Garchomp\n|-damage|p2b: Incineroar|62/100|[from] Recoil\n|\n|-damage|p1a: Garchomp|50/100g brn|[from] brn\n|-fieldend|move: Trick Room\n|upkeep\n|turn|11\n|\n|t:|1788304000\n|switch|p1b: Floette|Floette-Mega, L50, F|10/100\n|-ability|p1b: Floette|Fairy Aura\n|move|p1a: Garchomp|Rock Slide|p2a: Sinistcha|[spread] p2b\n|-miss|p1a: Garchomp|p2a: Sinistcha\n|-supereffective|p2b: Incineroar|1\n|-damage|p2b: Incineroar|45/100\n|move|p2b: Incineroar|Parting Shot|p1a: Garchomp\n|-unboost|p1a: Garchomp|atk|1\n|-unboost|p1a: Garchomp|spa|1\n|\n|t:|1788304010\n|switch|p2b: Delphox|Delphox-Mega, L50, M|84/100|[from] Parting Shot\n|move|p2a: Sinistcha|Life Dew|p2a: Sinistcha|[spread] p2a,p2b\n|-heal|p2a: Sinistcha|100/100\n|-heal|p2b: Delphox|100/100\n|\n|-damage|p1a: Garchomp|44/100 brn|[from] brn\n|upkeep\n|turn|12\n|\n|t:|1788304033\n|move|p1b: Floette|Protect|p1b: Floette\n|-singleturn|p1b: Floette|Protect\n|move|p1a: Garchomp|Rock Slide|p2b: Delphox|[spread] p2a,p2b\n|-supereffective|p2b: Delphox|1\n|-damage|p2a: Sinistcha|94/100\n|-damage|p2b: Delphox|82/100\n|move|p2b: Delphox|Heat Wave|p1a: Garchomp|[spread] p1a\n|-activate|p1b: Floette|move: Protect\n|-resisted|p1a: Garchomp|1\n|-damage|p1a: Garchomp|21/100 brn\n|move|p2a: Sinistcha|Matcha Gotcha|p1a: Garchomp|[spread] p1a\n|-activate|p1b: Floette|move: Protect\n|-damage|p1a: Garchomp|0 fnt\n|-heal|p2a: Sinistcha|100/100|[from] drain|[of] p1a: Garchomp\n|faint|p1a: Garchomp\n|\n|upkeep\n|\n|t:|1788304040\n|switch|p1a: Sinistcha|Sinistcha, L50|42/100\n|-heal|p1b: Floette|35/100|[from] ability: Hospitality|[of] p1a: Sinistcha\n|turn|13\n|\n|t:|1788304063\n|move|p2b: Delphox|Heat Wave|p1b: Floette|[spread] p1a,p1b\n|-supereffective|p1a: Sinistcha|1\n|-damage|p1a: Sinistcha|0 fnt\n|-damage|p1b: Floette|3/100\n|faint|p1a: Sinistcha\n|move|p1b: Floette|Draining Kiss|p2a: Sinistcha\n|-damage|p2a: Sinistcha|64/100\n|-heal|p1b: Floette|30/100|[from] drain|[of] p2a: Sinistcha\n|move|p2a: Sinistcha|Matcha Gotcha|p1b: Floette\n|-damage|p1b: Floette|5/100\n|-heal|p2a: Sinistcha|76/100|[from] drain|[of] p1b: Floette\n|\n|upkeep\n|\n|t:|1788304067\n|switch|p1a: Incineroar|Incineroar, L50, F|64/100\n|-ability|p1a: Incineroar|Intimidate|boost\n|-unboost|p2a: Sinistcha|atk|1\n|-unboost|p2b: Delphox|atk|1\n|turn|14\n|-message|platanoso forfeited.\n|\n|win|MagicalarperLarper\n","uploadtime":1788303621,"views":"5","formatid":"gen9championsvgc2026regmbbo3","rating":null,"private":0,"password":null}