{"id":"gen9championsvgc2026regmbbo3-2674871629","format":"[Gen 9 Champions] VGC 2026 Reg M-B (Bo3)","players":["kazo67","Pawah"],"log":"|j|☆kazo67\n|j|☆Pawah\n|html|<table width=\"100%\"><tr><td align=\"left\">kazo67</td><td align=\"right\">Pawah</tr><tr><td align=\"left\"><i class=\"fa fa-circle-o\"></i> <i class=\"fa fa-circle-o\"></i> </td><td align=\"right\"><i class=\"fa fa-circle-o\"></i> <i class=\"fa fa-circle\"></i> </tr></table>\n|uhtml|bestof|<h2><strong>Game 2</strong> of <a href=\"/game-bestof3-gen9championsvgc2026regmbbo3-2674870584\">a best-of-3</a></h2>\n|t:|1788425962\n|gametype|doubles\n|player|p1|kazo67|266|1214\n|player|p2|Pawah|ethan|1301\n|gen|9\n|tier|[Gen 9 Champions] VGC 2026 Reg M-B (Bo3)\n|rated|\n|rule|Species Clause: Limit one of each Pokémon\n|rule|Item Clause: Limit 1 of each item\n|clearpoke\n|poke|p1|Garchomp, L50, M|\n|poke|p1|Sneasler, L50, F|\n|poke|p1|Basculegion, L50, M|\n|poke|p1|Froslass, L50, F|\n|poke|p1|Kingambit, L50, F|\n|poke|p1|Dragonite, L50, F|\n|poke|p2|Staraptor, L50, M|\n|poke|p2|Milotic, L50, F|\n|poke|p2|Tyranitar, L50, M|\n|poke|p2|Gholdengo, L50|\n|poke|p2|Excadrill, L50, M|\n|poke|p2|Sinistcha, L50|\n|teampreview|4\n|showteam|p1|Garchomp||RoseliBerry|RoughSkin|Earthquake,PoisonJab,RockSlide,DragonClaw|Jolly||M|||50|]Sneasler||FocusSash|Unburden|DireClaw,CloseCombat,Feint,FakeOut|Jolly||F|||50|]Basculegion||LifeOrb|Adaptability|LastRespects,AquaJet,WaveCrash,Protect|Adamant||M|||50|]Froslass||Froslassite|CursedBody|Blizzard,ShadowBall,AuroraVeil,Protect|Modest||F|||50|]Kingambit||ChopleBerry|Defiant|KowtowCleave,SuckerPunch,LowKick,IronHead|Adamant||F|||50|]Dragonite||Dragoninite|Multiscale|HeatWave,DragonPulse,ExtremeSpeed,Protect|Modest||F|||50|\n|showteam|p2|Staraptor||Staraptite|Intimidate|BraveBird,CloseCombat,Tailwind,Protect|Jolly||M|||50|]Milotic||SitrusBerry|Competitive|Scald,IceBeam,IcyWind,Recover|Modest||F|||50|]Tyranitar||Tyranitarite|SandStream|RockSlide,KnockOff,LowKick,Protect|Adamant||M|||50|]Gholdengo||LifeOrb|GoodasGold|ShadowBall,MakeItRain,NastyPlot,Protect|Modest|||||50|]Excadrill||FocusSash|SandRush|HighHorsepower,IronHead,RockSlide,Protect|Adamant||M|||50|]Sinistcha||ColburBerry|Hospitality|MatchaGotcha,RagePowder,TrickRoom,Protect|Bold|||||50|\n|inactive|Battle timer is ON: inactive players will automatically lose when time's up. (requested by Pawah)\n|inactive|kazo67 has 60 seconds left.\n|\n|t:|1788426010\n|teamsize|p1|4\n|teamsize|p2|4\n|start\n|switch|p1a: Dragonite|Dragonite, L50, F|100/100\n|switch|p1b: Garchomp|Garchomp, L50, M|100/100\n|switch|p2a: Staraptor|Staraptor, L50, M|100/100\n|switch|p2b: Excadrill|Excadrill, L50, M|100/100\n|-ability|p2a: Staraptor|Intimidate|boost\n|-unboost|p1a: Dragonite|atk|1\n|-unboost|p1b: Garchomp|atk|1\n|turn|1\n|inactive|kazo67 has 30 seconds left.\n|\n|t:|1788426040\n|detailschange|p2a: Staraptor|Staraptor-Mega, L50, M\n|-mega|p2a: Staraptor|Staraptor|Staraptite\n|detailschange|p1a: Dragonite|Dragonite-Mega, L50, F\n|-mega|p1a: Dragonite|Dragonite|Dragoninite\n|move|p2a: Staraptor|Close Combat|p1b: Garchomp\n|-damage|p1b: Garchomp|44/100\n|-boost|p2a: Staraptor|def|1\n|-boost|p2a: Staraptor|spd|1\n|-damage|p2a: Staraptor|87/100|[from] ability: Rough Skin|[of] p1b: Garchomp\n|move|p1b: Garchomp|Rock Slide|p2a: Staraptor|[spread] p2a,p2b\n|-resisted|p2b: Excadrill|2\n|-damage|p2a: Staraptor|79/100\n|-damage|p2b: Excadrill|95/100\n|move|p1a: Dragonite|Heat Wave|p2a: Staraptor|[spread] p2a,p2b\n|-supereffective|p2b: Excadrill|1\n|-crit|p2b: Excadrill\n|-damage|p2a: Staraptor|57/100\n|-damage|p2b: Excadrill|0 fnt\n|faint|p2b: Excadrill\n|\n|upkeep\n|\n|t:|1788426057\n|switch|p2b: Sinistcha|Sinistcha, L50|100/100\n|-heal|p2a: Staraptor|82/100|[from] ability: Hospitality|[of] p2b: Sinistcha\n|turn|2\n|\n|t:|1788426068\n|switch|p1b: Basculegion|Basculegion, L50, M|100/100\n|switch|p2b: Tyranitar|Tyranitar, L50, M|100/100\n|-weather|Sandstorm|[from] ability: Sand Stream|[of] p2b: Tyranitar\n|move|p2a: Staraptor|Close Combat|p1b: Basculegion\n|-immune|p1b: Basculegion\n|move|p1a: Dragonite|Heat Wave|p2b: Tyranitar|[spread] p2a,p2b\n|-resisted|p2b: Tyranitar|1\n|-damage|p2a: Staraptor|61/100\n|-damage|p2b: Tyranitar|90/100\n|\n|-weather|Sandstorm|[upkeep]\n|-damage|p2a: Staraptor|55/100|[from] Sandstorm\n|-damage|p1a: Dragonite|94/100|[from] Sandstorm\n|-damage|p1b: Basculegion|94/100|[from] Sandstorm\n|upkeep\n|turn|3\n|inactive|kazo67 has 30 seconds left.\n|inactive|kazo67 has 20 seconds left.\n|\n|t:|1788426105\n|move|p1b: Basculegion|Aqua Jet|p2b: Tyranitar\n|-supereffective|p2b: Tyranitar|1\n|-damage|p2b: Tyranitar|33/100\n|-damage|p1b: Basculegion|84/100|[from] item: Life Orb\n|move|p2a: Staraptor|Tailwind|p2a: Staraptor\n|-sidestart|p2: Pawah|move: Tailwind\n|move|p2b: Tyranitar|Knock Off|p1b: Basculegion\n|-supereffective|p1b: Basculegion|1\n|-damage|p1b: Basculegion|0 fnt\n|-enditem|p1b: Basculegion|Life Orb|[from] move: Knock Off|[of] p2b: Tyranitar\n|faint|p1b: Basculegion\n|move|p1a: Dragonite|Dragon Pulse|p2a: Staraptor\n|-damage|p2a: Staraptor|19/100\n|\n|-weather|Sandstorm|[upkeep]\n|-damage|p2a: Staraptor|13/100|[from] Sandstorm\n|-damage|p1a: Dragonite|88/100|[from] Sandstorm\n|upkeep\n|\n|t:|1788426129\n|switch|p1b: Froslass|Froslass, L50, F|100/100\n|turn|4\n|inactive|kazo67 has 30 seconds left.\n|\n|t:|1788426162\n|move|p2a: Staraptor|Protect|p2a: Staraptor\n|-singleturn|p2a: Staraptor|Protect\n|move|p2b: Tyranitar|Rock Slide|p1a: Dragonite|[spread] p1a,p1b\n|-supereffective|p1a: Dragonite|1\n|-supereffective|p1b: Froslass|1\n|-damage|p1a: Dragonite|33/100\n|-damage|p1b: Froslass|7/100\n|cant|p1b: Froslass|flinch\n|move|p1a: Dragonite|Dragon Pulse|p2b: Tyranitar\n|-damage|p2b: Tyranitar|0 fnt\n|faint|p2b: Tyranitar\n|\n|-weather|Sandstorm|[upkeep]\n|-damage|p2a: Staraptor|7/100|[from] Sandstorm\n|-damage|p1b: Froslass|1/100|[from] Sandstorm\n|-damage|p1a: Dragonite|27/100|[from] Sandstorm\n|upkeep\n|\n|t:|1788426170\n|switch|p2b: Sinistcha|Sinistcha, L50|100/100\n|-heal|p2a: Staraptor|31/100|[from] ability: Hospitality|[of] p2b: Sinistcha\n|turn|5\n|\n|t:|1788426186\n|move|p1a: Dragonite|Protect|p1a: Dragonite\n|-singleturn|p1a: Dragonite|Protect\n|move|p2a: Staraptor|Close Combat|p1a: Dragonite\n|-activate|p1a: Dragonite|move: Protect\n|move|p2b: Sinistcha|Matcha Gotcha|p1a: Dragonite|[spread] p1b\n|-activate|p1a: Dragonite|move: Protect\n|-damage|p1b: Froslass|0 fnt\n|faint|p1b: Froslass\n|\n|-weather|Sandstorm|[upkeep]\n|-damage|p2a: Staraptor|25/100|[from] Sandstorm\n|-damage|p2b: Sinistcha|93/100|[from] Sandstorm\n|-damage|p1a: Dragonite|21/100|[from] Sandstorm\n|upkeep\n|\n|t:|1788426204\n|switch|p1b: Garchomp|Garchomp, L50, M|44/100\n|turn|6\n|\n|t:|1788426222\n|move|p2a: Staraptor|Protect|p2a: Staraptor\n|-singleturn|p2a: Staraptor|Protect\n|move|p2b: Sinistcha|Matcha Gotcha|p1a: Dragonite|[spread] p1a,p1b\n|-resisted|p1a: Dragonite|2\n|-damage|p1a: Dragonite|16/100\n|-heal|p2b: Sinistcha|96/100|[from] drain|[of] p1a: Dragonite\n|-damage|p1b: Garchomp|18/100\n|-heal|p2b: Sinistcha|100/100|[from] drain|[of] p1b: Garchomp\n|move|p1b: Garchomp|Rock Slide|p2b: Sinistcha|[spread] p2b\n|-activate|p2a: Staraptor|move: Protect\n|-damage|p2b: Sinistcha|83/100\n|move|p1a: Dragonite|Heat Wave|p2b: Sinistcha|[spread] p2b\n|-activate|p2a: Staraptor|move: Protect\n|-supereffective|p2b: Sinistcha|1\n|-damage|p2b: Sinistcha|32/100\n|\n|-weather|none\n|-sideend|p2: Pawah|move: Tailwind\n|upkeep\n|turn|7\n|inactive|kazo67 has 30 seconds left.\n|inactive|kazo67 has 20 seconds left.\n|inactive|kazo67 has 15 seconds left.\n|inactive|kazo67 has 10 seconds left.\n|inactive|kazo67 has 5 seconds left.\n|\n|t:|1788426276\n|move|p1a: Dragonite|Protect|p1a: Dragonite\n|-singleturn|p1a: Dragonite|Protect\n|move|p2b: Sinistcha|Rage Powder|p2b: Sinistcha\n|-singleturn|p2b: Sinistcha|move: Rage Powder\n|move|p2a: Staraptor|Close Combat|p1a: Dragonite\n|-activate|p1a: Dragonite|move: Protect\n|move|p1b: Garchomp|Dragon Claw|p2b: Sinistcha\n|-damage|p2b: Sinistcha|0 fnt\n|faint|p2b: Sinistcha\n|\n|upkeep\n|turn|8\n|\n|t:|1788426294\n|move|p2a: Staraptor|Close Combat|p1a: Dragonite\n|-resisted|p1a: Dragonite|1\n|-damage|p1a: Dragonite|0 fnt\n|-boost|p2a: Staraptor|def|1\n|-boost|p2a: Staraptor|spd|1\n|faint|p1a: Dragonite\n|move|p1b: Garchomp|Dragon Claw|p2a: Staraptor\n|-damage|p2a: Staraptor|4/100\n|\n|upkeep\n|turn|9\n|\n|t:|1788426303\n|move|p2a: Staraptor|Close Combat|p1b: Garchomp\n|-damage|p1b: Garchomp|0 fnt\n|-boost|p2a: Staraptor|def|1\n|-boost|p2a: Staraptor|spd|1\n|-damage|p2a: Staraptor|0 fnt|[from] ability: Rough Skin|[of] p1b: Garchomp\n|faint|p1b: Garchomp\n|faint|p2a: Staraptor\n|\n|win|Pawah\n|raw|kazo67's rating: 1214 &rarr; <strong>1195</strong><br />(-19 for losing)\n|raw|Pawah's rating: 1301 &rarr; <strong>1316</strong><br />(+15 for winning)\n","uploadtime":1788426303,"views":"4","formatid":"gen9championsvgc2026regmbbo3","rating":1195,"private":0,"password":null}