{"id":"gen9championsvgc2026regmb-2674807978","format":"[Gen 9 Champions] VGC 2026 Reg M-B","players":["BongCloudAttack","Jackie the sparrow"],"log":"|j|☆BongCloudAttack\n|j|☆Jackie the sparrow\n|t:|1788410846\n|gametype|doubles\n|player|p1|BongCloudAttack|266|1511\n|player|p2|Jackie the sparrow|266|1449\n|gen|9\n|tier|[Gen 9 Champions] VGC 2026 Reg M-B\n|rated|\n|rule|Species Clause: Limit one of each Pokémon\n|rule|Item Clause: Limit 1 of each item\n|clearpoke\n|poke|p1|Lycanroc-Dusk, L50, F, shiny|\n|poke|p1|Grimmsnarl, L50, M|\n|poke|p1|Scovillain, L50, F|\n|poke|p1|Staraptor, L50, M|\n|poke|p1|Basculegion-F, L50, F|\n|poke|p1|Gholdengo, L50|\n|poke|p2|Floette-Eternal, L50, F|\n|poke|p2|Basculegion, L50, M|\n|poke|p2|Kingambit, L50, M, shiny|\n|poke|p2|Charizard, L50, M|\n|poke|p2|Garchomp, L50, M|\n|poke|p2|Sneasler, L50, F|\n|teampreview|4\n|inactive|Battle timer is ON: inactive players will automatically lose when time's up. (requested by Jackie the sparrow)\n|inactive|BongCloudAttack has 60 seconds left.\n|\n|t:|1788410903\n|teamsize|p1|4\n|teamsize|p2|4\n|start\n|switch|p1a: Staraptor|Staraptor, L50, M|100/100\n|switch|p1b: Grimmsnarl|Grimmsnarl, L50, M|100/100\n|switch|p2a: Natasha|Sneasler, L50, F|100/100\n|switch|p2b: Sharky|Garchomp, L50, M|100/100\n|-ability|p1a: Staraptor|Intimidate|boost\n|-unboost|p2a: Natasha|atk|1\n|-unboost|p2b: Sharky|atk|1\n|turn|1\n|inactive|BongCloudAttack has 30 seconds left.\n|inactive|BongCloudAttack has 20 seconds left.\n|\n|t:|1788410940\n|detailschange|p1a: Staraptor|Staraptor-Mega, L50, M\n|-mega|p1a: Staraptor|Staraptor|Staraptite\n|move|p2a: Natasha|Fake Out|p1b: Grimmsnarl\n|-damage|p1b: Grimmsnarl|87/100\n|cant|p1b: Grimmsnarl|flinch\n|move|p2b: Sharky|Rock Slide|p1a: Staraptor|[spread] p1a,p1b\n|-damage|p1a: Staraptor|86/100\n|-damage|p1b: Grimmsnarl|71/100\n|move|p1a: Staraptor|Close Combat|p2a: Natasha\n|-resisted|p2a: Natasha|1\n|-damage|p2a: Natasha|46/100\n|-boost|p1a: Staraptor|def|1\n|-boost|p1a: Staraptor|spd|1\n|\n|upkeep\n|turn|2\n|inactive|BongCloudAttack has 30 seconds left.\n|\n|t:|1788410968\n|move|p1b: Grimmsnarl|Parting Shot|p2b: Sharky\n|-unboost|p2b: Sharky|atk|1\n|-unboost|p2b: Sharky|spa|1\n|\n|t:|1788410972\n|switch|p1b: Gholdengo|Gholdengo, L50|100/100|[from] Parting Shot\n|move|p2b: Sharky|Rock Slide|p1a: Staraptor|[spread] p1a,p1b\n|-resisted|p1b: Gholdengo|1\n|-damage|p1a: Staraptor|79/100\n|-damage|p1b: Gholdengo|95/100\n|move|p2a: Natasha|Dire Claw|p1b: Gholdengo\n|-immune|p1b: Gholdengo\n|move|p1a: Staraptor|Tailwind|p1a: Staraptor\n|-sidestart|p1: BongCloudAttack|move: Tailwind\n|\n|-heal|p1b: Gholdengo|100/100|[from] item: Leftovers\n|upkeep\n|turn|3\n|\n|t:|1788410989\n|move|p1a: Staraptor|Close Combat|p2a: Natasha\n|-resisted|p2a: Natasha|1\n|-damage|p2a: Natasha|0 fnt\n|-boost|p1a: Staraptor|def|1\n|-boost|p1a: Staraptor|spd|1\n|faint|p2a: Natasha\n|move|p2b: Sharky|Rock Slide|p1b: Gholdengo|[spread] p1a,p1b\n|-resisted|p1b: Gholdengo|1\n|-damage|p1a: Staraptor|74/100\n|-damage|p1b: Gholdengo|94/100\n|move|p1b: Gholdengo|Nasty Plot|p1b: Gholdengo\n|-boost|p1b: Gholdengo|spa|2\n|\n|-heal|p1b: Gholdengo|100/100|[from] item: Leftovers\n|upkeep\n|\n|t:|1788410994\n|switch|p2a: Boris|Kingambit, L50, M, shiny|100/100\n|turn|4\n|\n|t:|1788411008\n|switch|p2b: Charizard|Charizard, L50, M|100/100\n|move|p1a: Staraptor|Close Combat|p2a: Boris\n|-supereffective|p2a: Boris|2\n|-enditem|p2a: Boris|Chople Berry|[eat]\n|-enditem|p2a: Boris|Chople Berry|[weaken]\n|-damage|p2a: Boris|4/100\n|-boost|p1a: Staraptor|def|1\n|-boost|p1a: Staraptor|spd|1\n|move|p1b: Gholdengo|Nasty Plot|p1b: Gholdengo\n|-boost|p1b: Gholdengo|spa|2\n|move|p2a: Boris|Kowtow Cleave|p1b: Gholdengo\n|-supereffective|p1b: Gholdengo|1\n|-damage|p1b: Gholdengo|0 fnt\n|faint|p1b: Gholdengo\n|\n|upkeep\n|\n|t:|1788411016\n|switch|p1b: Lycanroc|Lycanroc-Dusk, L50, F, shiny|100/100\n|turn|5\n|inactive|Jackie the sparrow has 30 seconds left.\n|\n|t:|1788411043\n|move|p2b: Charizard|Protect|p2b: Charizard\n|-singleturn|p2b: Charizard|Protect\n|move|p1b: Lycanroc|Accelerock|p2b: Charizard\n|-activate|p2b: Charizard|move: Protect\n|move|p1a: Staraptor|Close Combat|p2a: Boris\n|-supereffective|p2a: Boris|2\n|-damage|p2a: Boris|0 fnt\n|-boost|p1a: Staraptor|def|1\n|-boost|p1a: Staraptor|spd|1\n|faint|p2a: Boris\n|\n|-sideend|p1: BongCloudAttack|move: Tailwind\n|upkeep\n|\n|t:|1788411049\n|switch|p2a: Sharky|Garchomp, L50, M|100/100\n|turn|6\n|inactive|Jackie the sparrow has 30 seconds left.\n|\n|t:|1788411080\n|detailschange|p2b: Charizard|Charizard-Mega-Y, L50, M\n|-mega|p2b: Charizard|Charizard|Charizardite Y\n|-weather|SunnyDay|[from] ability: Drought|[of] p2b: Charizard\n|move|p2b: Charizard|Protect||[still]\n|-fail|p2b: Charizard\n|move|p1b: Lycanroc|Accelerock|p2b: Charizard\n|-supereffective|p2b: Charizard|2\n|-damage|p2b: Charizard|0 fnt\n|faint|p2b: Charizard\n|move|p2a: Sharky|Earthquake|p1b: Lycanroc|[spread] p1b\n|-immune|p1a: Staraptor\n|-supereffective|p1b: Lycanroc|1\n|-enditem|p1b: Lycanroc|Focus Sash\n|-damage|p1b: Lycanroc|1/100\n|move|p1a: Staraptor|Close Combat|p2a: Sharky\n|-damage|p2a: Sharky|44/100\n|-boost|p1a: Staraptor|def|1\n|-boost|p1a: Staraptor|spd|1\n|-damage|p1a: Staraptor|62/100|[from] ability: Rough Skin|[of] p2a: Sharky\n|\n|-weather|SunnyDay|[upkeep]\n|upkeep\n|turn|7\n|-message|Jackie the sparrow forfeited.\n|\n|win|BongCloudAttack\n|raw|BongCloudAttack's rating: 1511 &rarr; <strong>1527</strong><br />(+16 for winning)\n|raw|Jackie the sparrow's rating: 1449 &rarr; <strong>1433</strong><br />(-16 for losing)\n|l|☆Jackie the sparrow\n|player|p2|\n","uploadtime":1788411102,"views":"29","formatid":"gen9championsvgc2026regmb","rating":1433,"private":0,"password":null}