{"id":"gen9championsvgc2026regmbbo3-2673631556","format":"[Gen 9 Champions] VGC 2026 Reg M-B (Bo3)","players":["Luma Tactas","Miztah Monstur"],"log":"|j|☆Luma Tactas\n|j|☆Miztah Monstur\n|html|<table width=\"100%\"><tr><td align=\"left\">Luma Tactas</td><td align=\"right\">Miztah Monstur</tr><tr><td align=\"left\"><i class=\"fa fa-circle-o\"></i> <i class=\"fa fa-circle-o\"></i> </td><td align=\"right\"><i class=\"fa fa-circle-o\"></i> <i class=\"fa fa-circle-o\"></i> </tr></table>\n|uhtml|bestof|<h2><strong>Game 1</strong> of <a href=\"/game-bestof3-gen9championsvgc2026regmbbo3-2673631555\">a best-of-3</a></h2>\n|t:|1788224181\n|gametype|doubles\n|player|p1|Luma Tactas|acetrainerf|1053\n|player|p2|Miztah Monstur|morty|1132\n|gen|9\n|tier|[Gen 9 Champions] VGC 2026 Reg M-B (Bo3)\n|rated|\n|rule|Species Clause: Limit one of each Pokémon\n|rule|Item Clause: Limit 1 of each item\n|clearpoke\n|poke|p1|Gardevoir, L50, F, shiny|\n|poke|p1|Sneasler, L50, M|\n|poke|p1|Sinistcha, L50|\n|poke|p1|Rotom-Wash, L50|\n|poke|p1|Talonflame, L50, M|\n|poke|p1|Garchomp, L50, F|\n|poke|p2|Banette, L50, F|\n|poke|p2|Annihilape, L50, M|\n|poke|p2|Skeledirge, L50, M|\n|poke|p2|Basculegion, L50, M, shiny|\n|poke|p2|Zoroark-Hisui, L50, M, shiny|\n|poke|p2|Sinistcha-Masterpiece, L50|\n|teampreview|4\n|showteam|p1|Gardevoir||Gardevoirite|Synchronize|HyperVoice,Psychic,TrickRoom,Protect|Modest||F|||50|]Sneasler||WhiteHerb|Unburden|FakeOut,CloseCombat,DireClaw,Protect|Jolly||M|||50|]Sinistcha||SitrusBerry|Hospitality|MatchaGotcha,RagePowder,StrengthSap,LifeDew|Bold|||||50|]Rotom-Wash||Leftovers|Levitate|Thunderbolt,WillOWisp,HydroPump,Protect|Modest|||||50|]Talonflame||FocusSash|GaleWings|Tailwind,DualWingbeat,FlareBlitz,Protect|Jolly||M|||50|]Garchomp||LifeOrb|RoughSkin|StompingTantrum,RockSlide,Earthquake,Protect|Jolly||F|||50|\n|showteam|p2|Banette||Banettite|CursedBody|ShadowSneak,SkitterSmack,DestinyBond,Screech|Adamant||F|||50|]Annihilape||SitrusBerry|Defiant|RageFist,DrainPunch,RockSlide,Protect|Jolly||M|||50|]Skeledirge||ShucaBerry|Unaware|TorchSong,EarthPower,AlluringVoice,Protect|Bold||M|||50|]Basculegion||MysticWater|Adaptability|AquaJet,WaveCrash,LastRespects,Protect|Adamant||M|||50|]Zoroark-Hisui||FocusSash|Illusion|BitterMalice,FocusBlast,SludgeBomb,WillOWisp|Timid||M|||50|]Sinistcha-Masterpiece||WideLens|Hospitality|MatchaGotcha,StrengthSap,Curse,RagePowder|Bold|||||50|\n|inactive|Battle timer is ON: inactive players will automatically lose when time's up. (requested by Miztah Monstur)\n|inactive|Luma Tactas has 60 seconds left.\n|inactive|Luma Tactas has 30 seconds left.\n|inactive|Luma Tactas has 20 seconds left.\n|inactive|Luma Tactas has 15 seconds left.\n|inactive|Luma Tactas has 10 seconds left.\n|inactive|Luma Tactas has 5 seconds left.\n|\n|t:|1788224267\n|teamsize|p1|4\n|teamsize|p2|4\n|start\n|switch|p1a: Morganucodon|Talonflame, L50, M|100/100\n|switch|p1b: Motorwash|Rotom-Wash, L50|100/100\n|switch|p2a: Banette|Banette, L50, F|100/100\n|switch|p2b: Annihilape|Annihilape, L50, M|100/100\n|turn|1\n|inactive|Luma Tactas has 30 seconds left.\n|inactive|Luma Tactas has 20 seconds left.\n|\n|t:|1788224307\n|detailschange|p2a: Banette|Banette-Mega, L50, F\n|-mega|p2a: Banette|Banette|Banettite\n|move|p1a: Morganucodon|Protect|p1a: Morganucodon\n|-singleturn|p1a: Morganucodon|Protect\n|move|p2a: Banette|Screech|p1b: Motorwash\n|-unboost|p1b: Motorwash|def|2\n|move|p2b: Annihilape|Rock Slide|p1b: Motorwash|[spread] p1b\n|-activate|p1a: Morganucodon|move: Protect\n|-damage|p1b: Motorwash|48/100\n|move|p1b: Motorwash|Will-O-Wisp|p2b: Annihilape\n|-status|p2b: Annihilape|brn\n|\n|-heal|p1b: Motorwash|53/100|[from] item: Leftovers\n|-damage|p2b: Annihilape|94/100 brn|[from] brn\n|upkeep\n|turn|2\n|inactive|Luma Tactas has 30 seconds left.\n|inactive|Miztah Monstur has 30 seconds left.\n|\n|t:|1788224341\n|move|p1a: Morganucodon|Dual Wingbeat|p2b: Annihilape\n|-supereffective|p2b: Annihilape|1\n|-damage|p2b: Annihilape|57/100 brn\n|-supereffective|p2b: Annihilape|1\n|-crit|p2b: Annihilape\n|-damage|p2b: Annihilape|3/100 brn\n|-enditem|p2b: Annihilape|Sitrus Berry|[eat]\n|-heal|p2b: Annihilape|27/100 brn|[from] item: Sitrus Berry\n|-hitcount|p2b: Annihilape|2\n|move|p2a: Banette|Screech|p1a: Morganucodon|[miss]\n|-miss|p2a: Banette|p1a: Morganucodon\n|move|p2b: Annihilape|Rock Slide|p1a: Morganucodon|[spread] p1a,p1b\n|-supereffective|p1a: Morganucodon|2\n|-damage|p1a: Morganucodon|48/100\n|-damage|p1b: Motorwash|30/100\n|cant|p1b: Motorwash|flinch\n|\n|-heal|p1b: Motorwash|36/100|[from] item: Leftovers\n|-damage|p2b: Annihilape|21/100 brn|[from] brn\n|upkeep\n|turn|3\n|\n|t:|1788224362\n|move|p2b: Annihilape|Protect|p2b: Annihilape\n|-singleturn|p2b: Annihilape|Protect\n|move|p2a: Banette|Shadow Sneak|p1a: Morganucodon\n|-damage|p1a: Morganucodon|3/100\n|move|p1a: Morganucodon|Tailwind|p1a: Morganucodon\n|-sidestart|p1: Luma Tactas|move: Tailwind\n|move|p1b: Motorwash|Thunderbolt|p2b: Annihilape\n|-activate|p2b: Annihilape|move: Protect\n|\n|-heal|p1b: Motorwash|41/100|[from] item: Leftovers\n|-damage|p2b: Annihilape|16/100 brn|[from] brn\n|upkeep\n|turn|4\n|\n|t:|1788224386\n|move|p1a: Morganucodon|Protect|p1a: Morganucodon\n|-singleturn|p1a: Morganucodon|Protect\n|move|p2a: Banette|Shadow Sneak|p1a: Morganucodon\n|-activate|p1a: Morganucodon|move: Protect\n|move|p1b: Motorwash|Thunderbolt|p2b: Annihilape\n|-damage|p2b: Annihilape|0 fnt\n|faint|p2b: Annihilape\n|\n|-heal|p1b: Motorwash|47/100|[from] item: Leftovers\n|upkeep\n|\n|t:|1788224395\n|switch|p2b: Basculegion|Basculegion, L50, M, shiny|100/100\n|turn|5\n|\n|t:|1788224417\n|switch|p1a: Starflare|Garchomp, L50, F|100/100\n|move|p1b: Motorwash|Protect|p1b: Motorwash\n|-singleturn|p1b: Motorwash|Protect\n|move|p2a: Banette|Shadow Sneak|p1a: Starflare\n|-damage|p1a: Starflare|72/100\n|-damage|p2a: Banette|87/100|[from] ability: Rough Skin|[of] p1a: Starflare\n|move|p2b: Basculegion|Bitter Malice|p1b: Motorwash\n|-activate|p1b: Motorwash|move: Protect\n|\n|-heal|p1b: Motorwash|52/100|[from] item: Leftovers\n|upkeep\n|turn|6\n|\n|t:|1788224437\n|switch|p1b: Morganucodon|Talonflame, L50, M|3/100\n|move|p2a: Banette|Screech|p1a: Starflare\n|-unboost|p1a: Starflare|def|2\n|move|p1a: Starflare|Earthquake|p2a: Banette|[spread] p2a,p2b\n|-immune|p1b: Morganucodon\n|-damage|p2a: Banette|23/100\n|-enditem|p2b: Basculegion|Focus Sash\n|-damage|p2b: Basculegion|1/100\n|replace|p2b: Zoroark|Zoroark-Hisui, L50, M, shiny\n|-end|p2b: Zoroark|Illusion\n|-damage|p1a: Starflare|62/100|[from] item: Life Orb\n|move|p2b: Zoroark|Will-O-Wisp|p1a: Starflare|[miss]\n|-miss|p2b: Zoroark|p1a: Starflare\n|\n|-sideend|p1: Luma Tactas|move: Tailwind\n|upkeep\n|turn|7\n|inactive|Luma Tactas has 30 seconds left.\n|inactive|Miztah Monstur has 30 seconds left.\n|\n|t:|1788224471\n|move|p1b: Morganucodon|Protect|p1b: Morganucodon\n|-singleturn|p1b: Morganucodon|Protect\n|move|p2a: Banette|Shadow Sneak|p1a: Starflare\n|-damage|p1a: Starflare|10/100\n|-damage|p2a: Banette|11/100|[from] ability: Rough Skin|[of] p1a: Starflare\n|move|p2b: Zoroark|Bitter Malice|p1b: Morganucodon\n|-activate|p1b: Morganucodon|move: Protect\n|move|p1a: Starflare|Earthquake|p2b: Zoroark|[spread] p2a,p2b\n|-activate|p1b: Morganucodon|move: Protect\n|-damage|p2a: Banette|0 fnt\n|-damage|p2b: Zoroark|0 fnt\n|faint|p2a: Banette\n|faint|p2b: Zoroark\n|-damage|p1a: Starflare|1/100|[from] item: Life Orb\n|\n|upkeep\n|-message|Miztah Monstur forfeited.\n|\n|win|Luma Tactas\n|l|☆Miztah Monstur\n|player|p2|\n||Miztah Monstur is ready for game 2.\n||Luma Tactas is ready for game 2.\n|uhtml|next|Next: <a href=\"/battle-gen9championsvgc2026regmbbo3-2673633493\"><strong>Game 2 of 3</strong></a>\n","uploadtime":1788224912,"views":"10","formatid":"gen9championsvgc2026regmbbo3","rating":null,"private":0,"password":null}