{"id":"gen9championsvgc2026regmb-2673852803","format":"[Gen 9 Champions] VGC 2026 Reg M-B","players":["howtobreatheair","Feligamer829"],"log":"|j|☆howtobreatheair\n|j|☆Feligamer829\n|t:|1788268680\n|gametype|doubles\n|player|p1|howtobreatheair|101|1515\n|player|p2|Feligamer829|1|1493\n|gen|9\n|tier|[Gen 9 Champions] VGC 2026 Reg M-B\n|rated|\n|rule|Species Clause: Limit one of each Pokémon\n|rule|Item Clause: Limit 1 of each item\n|clearpoke\n|poke|p1|Sneasler, L50, M|\n|poke|p1|Blastoise, L50, M|\n|poke|p1|Kingambit, L50, M|\n|poke|p1|Incineroar, L50, M|\n|poke|p1|Delphox, L50, F|\n|poke|p1|Sinistcha, L50|\n|poke|p2|Floette-Eternal, L50, F|\n|poke|p2|Sneasler, L50, F, shiny|\n|poke|p2|Garchomp, L50, F|\n|poke|p2|Kingambit, L50, M, shiny|\n|poke|p2|Basculegion, L50, M, shiny|\n|poke|p2|Dragonite, L50, F, shiny|\n|teampreview|4\n|inactive|Battle timer is ON: inactive players will automatically lose when time's up. (requested by Feligamer829)\n|inactive|howtobreatheair has 60 seconds left.\n|inactive|Feligamer829 has 60 seconds left.\n|\n|t:|1788268732\n|teamsize|p1|4\n|teamsize|p2|4\n|start\n|switch|p1a: CHILDISH GAMBINO|Kingambit, L50, M|100/100\n|switch|p1b: TALL FOR NO REASON|Sneasler, L50, M|100/100\n|switch|p2a: Floette|Floette-Eternal, L50, F|100/100\n|switch|p2b: Sneasler|Sneasler, L50, F, shiny|100/100\n|turn|1\n|inactive|howtobreatheair has 30 seconds left.\n|inactive|Feligamer829 has 30 seconds left.\n|inactive|howtobreatheair has 20 seconds left.\n|inactive|howtobreatheair has 15 seconds left.\n|\n|t:|1788268773\n|switch|p1b: FURRY 2|Delphox, L50, F|100/100\n|switch|p2a: Kingambit|Kingambit, L50, M, shiny|100/100\n|move|p1a: CHILDISH GAMBINO|Protect|p1a: CHILDISH GAMBINO\n|-singleturn|p1a: CHILDISH GAMBINO|Protect\n|move|p2b: Sneasler|Close Combat|p1a: CHILDISH GAMBINO\n|-activate|p1a: CHILDISH GAMBINO|move: Protect\n|\n|upkeep\n|turn|2\n|inactive|howtobreatheair has 30 seconds left.\n|\n|t:|1788268801\n|switch|p1b: TALL FOR NO REASON|Sneasler, L50, M|100/100\n|switch|p1a: KOOL AID|Sinistcha, L50|100/100\n|move|p2a: Kingambit|Sucker Punch||[still]\n|-fail|p2a: Kingambit\n|move|p2b: Sneasler|Close Combat|p1a: KOOL AID\n|-immune|p1a: KOOL AID\n|\n|upkeep\n|turn|3\n|inactive|howtobreatheair has 30 seconds left.\n|inactive|howtobreatheair has 20 seconds left.\n|inactive|howtobreatheair has 15 seconds left.\n|inactive|howtobreatheair has 10 seconds left.\n|inactive|howtobreatheair has 5 seconds left.\n|\n|t:|1788268855\n|switch|p1a: CHILDISH GAMBINO|Kingambit, L50, M|100/100\n|move|p1b: TALL FOR NO REASON|Close Combat|p2a: Kingambit\n|-supereffective|p2a: Kingambit|2\n|-enditem|p2a: Kingambit|Chople Berry|[eat]\n|-enditem|p2a: Kingambit|Chople Berry|[weaken]\n|-damage|p2a: Kingambit|6/100\n|-unboost|p1b: TALL FOR NO REASON|def|1\n|-unboost|p1b: TALL FOR NO REASON|spd|1\n|move|p2b: Sneasler|Dire Claw|p1a: CHILDISH GAMBINO\n|-immune|p1a: CHILDISH GAMBINO\n|move|p2a: Kingambit|Kowtow Cleave|p1a: CHILDISH GAMBINO\n|-resisted|p1a: CHILDISH GAMBINO|1\n|-crit|p1a: CHILDISH GAMBINO\n|-damage|p1a: CHILDISH GAMBINO|76/100\n|\n|upkeep\n|turn|4\n|inactive|howtobreatheair has 30 seconds left.\n|inactive|Feligamer829 has 30 seconds left.\n|inactive|howtobreatheair has 20 seconds left.\n|inactive|howtobreatheair has 15 seconds left.\n|inactive|howtobreatheair has 10 seconds left.\n|inactive|howtobreatheair has 5 seconds left.\n|\n|t:|1788268907\n|switch|p1b: FURRY 2|Delphox, L50, F|100/100\n|switch|p1a: KOOL AID|Sinistcha, L50|100/100\n|move|p2a: Kingambit|Sucker Punch||[still]\n|-fail|p2a: Kingambit\n|move|p2b: Sneasler|Close Combat|p1b: FURRY 2\n|-resisted|p1b: FURRY 2|1\n|-damage|p1b: FURRY 2|61/100\n|-unboost|p2b: Sneasler|def|1\n|-unboost|p2b: Sneasler|spd|1\n|\n|upkeep\n|turn|5\n|inactive|Feligamer829 has 30 seconds left.\n|\n|t:|1788268933\n|detailschange|p1b: FURRY 2|Delphox-Mega, L50, F\n|-mega|p1b: FURRY 2|Delphox|Delphoxite\n|move|p1a: KOOL AID|Rage Powder|p1a: KOOL AID\n|-singleturn|p1a: KOOL AID|move: Rage Powder\n|move|p2b: Sneasler|Dire Claw|p1a: KOOL AID\n|-damage|p1a: KOOL AID|62/100\n|-status|p1a: KOOL AID|psn\n|move|p1b: FURRY 2|Heat Wave|p2a: Kingambit|[spread] p2a,p2b\n|-supereffective|p2a: Kingambit|1\n|-damage|p2a: Kingambit|0 fnt\n|-damage|p2b: Sneasler|17/100\n|faint|p2a: Kingambit\n|\n|-damage|p1a: KOOL AID|50/100y psn|[from] psn\n|upkeep\n|\n|t:|1788268942\n|switch|p2a: Basculegion|Basculegion, L50, M, shiny|100/100\n|turn|6\n|inactive|howtobreatheair has 30 seconds left.\n|inactive|howtobreatheair has 20 seconds left.\n|\n|t:|1788268981\n|move|p2a: Basculegion|Protect|p2a: Basculegion\n|-singleturn|p2a: Basculegion|Protect\n|move|p1a: KOOL AID|Rage Powder|p1a: KOOL AID\n|-singleturn|p1a: KOOL AID|move: Rage Powder\n|move|p2b: Sneasler|Dire Claw|p1a: KOOL AID\n|-damage|p1a: KOOL AID|12/100 psn\n|move|p1b: FURRY 2|Heat Wave|p2b: Sneasler|[spread] p2b\n|-activate|p2a: Basculegion|move: Protect\n|-damage|p2b: Sneasler|0 fnt\n|faint|p2b: Sneasler\n|\n|-damage|p1a: KOOL AID|0 fnt|[from] psn\n|faint|p1a: KOOL AID\n|upkeep\n|\n|t:|1788269000\n|switch|p2b: Floette|Floette-Eternal, L50, F|100/100\n|switch|p1a: CHILDISH GAMBINO|Kingambit, L50, M|76/100\n|turn|7\n|\n|t:|1788269010\n|detailschange|p2b: Floette|Floette-Mega, L50, F\n|-mega|p2b: Floette|Floette|Floettite\n|-ability|p2b: Floette|Fairy Aura\n|move|p1b: FURRY 2|Protect|p1b: FURRY 2\n|-singleturn|p1b: FURRY 2|Protect\n|move|p2a: Basculegion|Aqua Jet|p1b: FURRY 2\n|-activate|p1b: FURRY 2|move: Protect\n|move|p2b: Floette|Moonblast|p1a: CHILDISH GAMBINO\n|-damage|p1a: CHILDISH GAMBINO|18/100\n|move|p1a: CHILDISH GAMBINO|Kowtow Cleave|p2a: Basculegion\n|-supereffective|p2a: Basculegion|1\n|-damage|p2a: Basculegion|0 fnt\n|faint|p2a: Basculegion\n|\n|upkeep\n|turn|8\n|\n|t:|1788269025\n|move|p1a: CHILDISH GAMBINO|Sucker Punch|p2b: Floette\n|-resisted|p2b: Floette|1\n|-damage|p2b: Floette|75/100\n|move|p1b: FURRY 2|Psyshock|p2b: Floette\n|-damage|p2b: Floette|19/100\n|move|p2b: Floette|Dazzling Gleam|p1b: FURRY 2|[spread] p1a,p1b\n|-resisted|p1b: FURRY 2|1\n|-damage|p1a: CHILDISH GAMBINO|0 fnt\n|-damage|p1b: FURRY 2|42/100\n|faint|p1a: CHILDISH GAMBINO\n|\n|upkeep\n|\n|t:|1788269033\n|switch|p1a: TALL FOR NO REASON|Sneasler, L50, M|100/100\n|turn|9\n|-message|Feligamer829 forfeited.\n|\n|win|howtobreatheair\n|raw|howtobreatheair's rating: 1515 &rarr; <strong>1534</strong><br />(+19 for winning)\n|raw|Feligamer829's rating: 1493 &rarr; <strong>1474</strong><br />(-19 for losing)\n|l|☆Feligamer829\n|player|p2|\n","uploadtime":1788269037,"views":"1","formatid":"gen9championsvgc2026regmb","rating":1474,"private":0,"password":null}