{"id":"gen9championsvgc2026regmbbo3-2674763607","format":"[Gen 9 Champions] VGC 2026 Reg M-B (Bo3)","players":["absurdjoseph","fr3aky b1lly"],"log":"|j|☆absurdjoseph\n|j|☆fr3aky b1lly\n|html|<table width=\"100%\"><tr><td align=\"left\">absurdjoseph</td><td align=\"right\">fr3aky b1lly</tr><tr><td align=\"left\"><i class=\"fa fa-circle-o\"></i> <i class=\"fa fa-circle-o\"></i> </td><td align=\"right\"><i class=\"fa fa-circle-o\"></i> <i class=\"fa fa-circle-o\"></i> </tr></table>\n|uhtml|bestof|<h2><strong>Game 1</strong> of <a href=\"/game-bestof3-gen9championsvgc2026regmbbo3-2674763606\">a best-of-3</a></h2>\n|t:|1788402430\n|gametype|doubles\n|player|p1|absurdjoseph|cheren-masters|\n|player|p2|fr3aky b1lly|jacinthe|\n|gen|9\n|tier|[Gen 9 Champions] VGC 2026 Reg M-B (Bo3)\n|rule|Species Clause: Limit one of each Pokémon\n|rule|Item Clause: Limit 1 of each item\n|clearpoke\n|poke|p1|Camerupt, L50, F, shiny|\n|poke|p1|Sylveon, L50, M, shiny|\n|poke|p1|Kingambit, L50, F, shiny|\n|poke|p1|Farigiraf, L50, M, shiny|\n|poke|p1|Sneasler, L50, F, shiny|\n|poke|p1|Dragonite, L50, M, shiny|\n|poke|p2|Charizard, L50, F, shiny|\n|poke|p2|Garchomp, L50, F|\n|poke|p2|Incineroar, L50, M|\n|poke|p2|Toxapex, L50, F|\n|poke|p2|Kingambit, L50, M|\n|poke|p2|Venusaur, L50, M|\n|teampreview|4\n|showteam|p1|Camerupt||Cameruptite|MagmaArmor|HeatWave,EarthPower,AncientPower,Protect|Quiet||F|||50|]Sylveon||FairyFeather|Pixilate|HyperVoice,HyperBeam,QuickAttack,Protect|Quiet||M|||50|]Kingambit||LifeOrb|Defiant|KowtowCleave,SuckerPunch,IronHead,LowKick|Brave||F|||50|]Farigiraf||SitrusBerry|ArmorTail|Psychic,Thunderbolt,TrickRoom,HelpingHand|Modest||M|||50|]Sneasler||FocusSash|PoisonTouch|CloseCombat,DireClaw,FakeOut,Protect|Jolly||F|||50|]Dragonite||Dragoninite|InnerFocus|DragonPulse,Thunderbolt,ExtremeSpeed,Protect|Timid||M|||50|\n|showteam|p2|Charizard||CharizarditeY|Blaze|HeatWave,WeatherBall,HelpingHand,Protect|Modest||F|||50|]Garchomp||SitrusBerry|RoughSkin|Earthquake,DragonClaw,RockTomb,Protect|Adamant||F|||50|]Incineroar||PasshoBerry|Intimidate|FlareBlitz,DarkestLariat,FakeOut,PartingShot|Adamant||M|||50|]Toxapex||Leftovers|Regenerator|Infestation,Toxic,BanefulBunker,WideGuard|Relaxed||F|||50|]Kingambit||FocusSash|Defiant|KowtowCleave,SuckerPunch,LowKick,IronHead|Adamant||M|||50|]Venusaur||LifeOrb|Chlorophyll|SludgeBomb,EnergyBall,EarthPower,Protect|Modest||M|||50|\n|inactive|Battle timer is ON: inactive players will automatically lose when time's up. (requested by absurdjoseph)\n|c|☆absurdjoseph|glhf\n|c|☆fr3aky b1lly|glhf\n|inactive|fr3aky b1lly has 60 seconds left.\n|\n|t:|1788402473\n|teamsize|p1|4\n|teamsize|p2|4\n|start\n|switch|p1a: Chili Powder|Sneasler, L50, F, shiny|100/100\n|switch|p1b: Lon'glu|Farigiraf, L50, M, shiny|100/100\n|switch|p2a: Incineroar|Incineroar, L50, M|100/100\n|switch|p2b: Charizard|Charizard, L50, F, shiny|100/100\n|-ability|p2a: Incineroar|Intimidate|boost\n|-unboost|p1a: Chili Powder|atk|1\n|-unboost|p1b: Lon'glu|atk|1\n|turn|1\n|inactive|absurdjoseph has 30 seconds left.\n|inactive|absurdjoseph has 20 seconds left.\n|inactive|absurdjoseph has 15 seconds left.\n|inactive|absurdjoseph has 10 seconds left.\n|\n|t:|1788402520\n|detailschange|p2b: Charizard|Charizard-Mega-Y, L50, F, shiny\n|-mega|p2b: Charizard|Charizard|Charizardite Y\n|-weather|SunnyDay|[from] ability: Drought|[of] p2b: Charizard\n|move|p1a: Chili Powder|Close Combat|p2a: Incineroar\n|-supereffective|p2a: Incineroar|1\n|-damage|p2a: Incineroar|20/100y\n|-unboost|p1a: Chili Powder|def|1\n|-unboost|p1a: Chili Powder|spd|1\n|move|p2b: Charizard|Heat Wave|p1b: Lon'glu|[spread] p1a\n|-miss|p2b: Charizard|p1b: Lon'glu\n|-enditem|p1a: Chili Powder|Focus Sash\n|-damage|p1a: Chili Powder|1/100\n|-status|p1a: Chili Powder|brn\n|move|p2a: Incineroar|Darkest Lariat|p1b: Lon'glu\n|-supereffective|p1b: Lon'glu|1\n|-damage|p1b: Lon'glu|21/100\n|-enditem|p1b: Lon'glu|Sitrus Berry|[eat]\n|-heal|p1b: Lon'glu|46/100|[from] item: Sitrus Berry\n|move|p1b: Lon'glu|Trick Room|p1b: Lon'glu\n|-fieldstart|move: Trick Room|[of] p1b: Lon'glu\n|\n|-weather|SunnyDay|[upkeep]\n|-damage|p1a: Chili Powder|0 fnt|[from] brn\n|faint|p1a: Chili Powder\n|upkeep\n|\n|t:|1788402530\n|switch|p1a: Gorgonzola|Camerupt, L50, F, shiny|100/100\n|turn|2\n|c|☆fr3aky b1lly|unfortunate turn\n|inactive|fr3aky b1lly has 30 seconds left.\n|c|☆fr3aky b1lly|like it's ggs from here :sob:\n|c|☆absurdjoseph|all according to plan\n|inactive|fr3aky b1lly has 20 seconds left.\n|inactive|fr3aky b1lly has 15 seconds left.\n|\n|t:|1788402572\n|detailschange|p1a: Gorgonzola|Camerupt-Mega, L50, F, shiny\n|-mega|p1a: Gorgonzola|Camerupt|Cameruptite\n|move|p2b: Charizard|Protect|p2b: Charizard\n|-singleturn|p2b: Charizard|Protect\n|move|p1a: Gorgonzola|Ancient Power|p2b: Charizard\n|-activate|p2b: Charizard|move: Protect\n|move|p1b: Lon'glu|Thunderbolt|p2a: Incineroar\n|-damage|p2a: Incineroar|0 fnt\n|faint|p2a: Incineroar\n|\n|-weather|SunnyDay|[upkeep]\n|upkeep\n|c|☆absurdjoseph|I think you're right tho\n|\n|t:|1788402581\n|switch|p2a: ig|Garchomp, L50, F|100/100\n|turn|3\n|inactive|absurdjoseph has 30 seconds left.\n|inactive|absurdjoseph has 20 seconds left.\n|inactive|absurdjoseph has 15 seconds left.\n|\n|t:|1788402622\n|move|p2b: Charizard|Protect|p2b: Charizard\n|-singleturn|p2b: Charizard|Protect\n|move|p1a: Gorgonzola|Earth Power|p2a: ig\n|-damage|p2a: ig|30/100\n|-enditem|p2a: ig|Sitrus Berry|[eat]\n|-heal|p2a: ig|55/100|[from] item: Sitrus Berry\n|move|p1b: Lon'glu|Psychic|p2a: ig\n|-damage|p2a: ig|20/100y\n|move|p2a: ig|Earthquake|p1a: Gorgonzola|[spread] p1a,p1b\n|-activate|p2b: Charizard|move: Protect\n|-supereffective|p1a: Gorgonzola|1\n|-damage|p1a: Gorgonzola|29/100\n|-damage|p1b: Lon'glu|11/100\n|\n|-weather|SunnyDay|[upkeep]\n|upkeep\n|turn|4\n|\n|t:|1788402643\n|switch|p2b: Toxapex|Toxapex, L50, F|100/100\n|move|p2a: ig|Protect|p2a: ig\n|-singleturn|p2a: ig|Protect\n|move|p1a: Gorgonzola|Ancient Power|p2b: Toxapex\n|-damage|p2b: Toxapex|77/100\n|move|p1b: Lon'glu|Psychic|p2a: ig\n|-activate|p2a: ig|move: Protect\n|\n|-weather|SunnyDay|[upkeep]\n|-heal|p2b: Toxapex|83/100|[from] item: Leftovers\n|upkeep\n|turn|5\n|inactive|fr3aky b1lly has 30 seconds left.\n|\n|t:|1788402673\n|switch|p2a: Charizard|Charizard-Mega-Y, L50, F, shiny|100/100\n|move|p1a: Gorgonzola|Ancient Power|p2a: Charizard\n|-supereffective|p2a: Charizard|2\n|-damage|p2a: Charizard|0 fnt\n|faint|p2a: Charizard\n|move|p2b: Toxapex|Toxic|p1a: Gorgonzola\n|-status|p1a: Gorgonzola|tox\n|move|p1b: Lon'glu|Thunderbolt|p2b: Toxapex\n|-supereffective|p2b: Toxapex|1\n|-damage|p2b: Toxapex|42/100\n|\n|-weather|none\n|-heal|p2b: Toxapex|48/100|[from] item: Leftovers\n|-damage|p1a: Gorgonzola|24/100 tox|[from] psn\n|-fieldend|move: Trick Room\n|upkeep\n|\n|t:|1788402687\n|switch|p2a: ig|Garchomp, L50, F|20/100y\n|turn|6\n|\n|t:|1788402706\n|move|p1a: Gorgonzola|Protect|p1a: Gorgonzola\n|-singleturn|p1a: Gorgonzola|Protect\n|move|p2b: Toxapex|Wide Guard|p2b: Toxapex\n|-singleturn|p2b: Toxapex|Wide Guard\n|move|p2a: ig|Earthquake|p1a: Gorgonzola|[spread] p1b\n|-activate|p2b: Toxapex|move: Wide Guard\n|-activate|p1a: Gorgonzola|move: Protect\n|-damage|p1b: Lon'glu|0 fnt\n|faint|p1b: Lon'glu\n|\n|-heal|p2b: Toxapex|54/100|[from] item: Leftovers\n|-damage|p1a: Gorgonzola|12/100 tox|[from] psn\n|upkeep\n|\n|t:|1788402712\n|switch|p1b: HHGregg|Sylveon, L50, M, shiny|100/100\n|turn|7\n|\n|t:|1788402727\n|move|p2b: Toxapex|Baneful Bunker|p2b: Toxapex\n|-singleturn|p2b: Toxapex|move: Protect\n|move|p1b: HHGregg|Quick Attack|p2a: ig\n|-supereffective|p2a: ig|1\n|-damage|p2a: ig|0 fnt\n|-damage|p1b: HHGregg|87/100|[from] ability: Rough Skin|[of] p2a: ig\n|faint|p2a: ig\n|move|p1a: Gorgonzola|Earth Power|p2b: Toxapex\n|-activate|p2b: Toxapex|move: Protect\n|\n|-heal|p2b: Toxapex|59/100|[from] item: Leftovers\n|-damage|p1a: Gorgonzola|0 fnt|[from] psn\n|faint|p1a: Gorgonzola\n|upkeep\n|turn|8\n|\n|t:|1788402742\n|move|p1b: HHGregg|Hyper Voice|p2b: Toxapex\n|-resisted|p2b: Toxapex|1\n|-damage|p2b: Toxapex|33/100\n|move|p2b: Toxapex|Toxic|p1b: HHGregg\n|-status|p1b: HHGregg|tox\n|\n|-heal|p2b: Toxapex|39/100|[from] item: Leftovers\n|-damage|p1b: HHGregg|82/100 tox|[from] psn\n|upkeep\n|turn|9\n|\n|t:|1788402751\n|move|p2b: Toxapex|Baneful Bunker|p2b: Toxapex\n|-singleturn|p2b: Toxapex|move: Protect\n|move|p1b: HHGregg|Hyper Voice|p2b: Toxapex\n|-activate|p2b: Toxapex|move: Protect\n|\n|-heal|p2b: Toxapex|45/100|[from] item: Leftovers\n|-damage|p1b: HHGregg|70/100 tox|[from] psn\n|upkeep\n|turn|10\n|\n|t:|1788402759\n|move|p1b: HHGregg|Hyper Beam|p2b: Toxapex\n|-resisted|p2b: Toxapex|1\n|-damage|p2b: Toxapex|4/100\n|-mustrecharge|p1b: HHGregg\n|move|p2b: Toxapex|Infestation|p1b: HHGregg\n|-resisted|p1b: HHGregg|1\n|-damage|p1b: HHGregg|69/100 tox\n|-activate|p1b: HHGregg|move: Infestation|[of] p2b: Toxapex\n|\n|-heal|p2b: Toxapex|10/100|[from] item: Leftovers\n|-damage|p1b: HHGregg|51/100 tox|[from] psn\n|-damage|p1b: HHGregg|39/100 tox|[from] move: Infestation|[partiallytrapped]\n|upkeep\n|turn|11\n|\n|t:|1788402772\n|cant|p1b: HHGregg|recharge\n|move|p2b: Toxapex|Infestation|p1b: HHGregg\n|-resisted|p1b: HHGregg|1\n|-damage|p1b: HHGregg|38/100 tox\n|\n|-heal|p2b: Toxapex|15/100|[from] item: Leftovers\n|-damage|p1b: HHGregg|15/100 tox|[from] psn\n|-damage|p1b: HHGregg|3/100 tox|[from] move: Infestation|[partiallytrapped]\n|upkeep\n|turn|12\n|\n|t:|1788402781\n|move|p2b: Toxapex|Baneful Bunker|p2b: Toxapex\n|-singleturn|p2b: Toxapex|move: Protect\n|move|p1b: HHGregg|Quick Attack|p2b: Toxapex\n|-activate|p2b: Toxapex|move: Protect\n|\n|-heal|p2b: Toxapex|21/100|[from] item: Leftovers\n|-damage|p1b: HHGregg|0 fnt|[from] psn\n|faint|p1b: HHGregg\n|\n|win|fr3aky b1lly\n|c|☆absurdjoseph|ggwp\n","uploadtime":1788402788,"views":"17","formatid":"gen9championsvgc2026regmbbo3","rating":null,"private":0,"password":null}