{"id":"gen9championsvgc2026regmb-2674753582","format":"[Gen 9 Champions] VGC 2026 Reg M-B","players":["ArepadeChorizard","SuperTemmie64"],"log":"|j|☆ArepadeChorizard\n|j|☆SuperTemmie64\n|t:|1788400848\n|gametype|doubles\n|player|p1|ArepadeChorizard|allister-masters|1059\n|player|p2|SuperTemmie64|emma-lza|1000\n|gen|9\n|tier|[Gen 9 Champions] VGC 2026 Reg M-B\n|rated|\n|rule|Species Clause: Limit one of each Pokémon\n|rule|Item Clause: Limit 1 of each item\n|clearpoke\n|poke|p1|Gengar, L50, M|\n|poke|p1|Sinistcha, L50|\n|poke|p1|Tyranitar, L50, M|\n|poke|p1|Falinks, L50|\n|poke|p1|Whimsicott, L50, M|\n|poke|p1|Sableye, L50, M|\n|poke|p2|Pelipper, L50, M|\n|poke|p2|Basculegion, L50, M, shiny|\n|poke|p2|Lopunny, L50, F|\n|poke|p2|Swampert, L50, M|\n|poke|p2|Archaludon, L50, M, shiny|\n|poke|p2|Maushold, L50|\n|teampreview|4\n|inactive|Battle timer is ON: inactive players will automatically lose when time's up. (requested by ArepadeChorizard)\nArepadeChorizard rejected open team sheets.\n|inactive|SuperTemmie64 has 60 seconds left.\n|\n|t:|1788400882\n|teamsize|p1|4\n|teamsize|p2|4\n|start\n|switch|p1a: Gengar|Gengar, L50, M|100/100\n|switch|p1b: Sableye|Sableye, L50, M|100/100\n|switch|p2a: Maushold|Maushold, L50|100/100\n|switch|p2b: Pelipper|Pelipper, L50, M|100/100\n|-weather|RainDance|[from] ability: Drizzle|[of] p2b: Pelipper\n|turn|1\n|\n|t:|1788400900\n|switch|p1b: Tyranitar|Tyranitar, L50, M|100/100\n|-weather|Sandstorm|[from] ability: Sand Stream|[of] p1b: Tyranitar\n|detailschange|p1a: Gengar|Gengar-Mega, L50, M\n|-mega|p1a: Gengar|Gengar|Gengarite\n|move|p2a: Maushold|Follow Me|p2a: Maushold\n|-singleturn|p2a: Maushold|move: Follow Me\n|move|p1a: Gengar|Sludge Bomb|p2a: Maushold\n|-damage|p2a: Maushold|25/100\n|move|p2b: Pelipper|Tailwind|p2b: Pelipper\n|-sidestart|p2: SuperTemmie64|move: Tailwind\n|\n|-weather|Sandstorm|[upkeep]\n|-damage|p2a: Maushold|19/100|[from] Sandstorm\n|-damage|p2b: Pelipper|94/100|[from] Sandstorm\n|-damage|p1a: Gengar|94/100|[from] Sandstorm\n|upkeep\n|turn|2\n|inactive|SuperTemmie64 has 30 seconds left.\n|inactive|SuperTemmie64 has 20 seconds left.\n|\n|t:|1788400938\n|move|p1a: Gengar|Protect|p1a: Gengar\n|-singleturn|p1a: Gengar|Protect\n|move|p2a: Maushold|Super Fang|p1b: Tyranitar|[miss]\n|-miss|p2a: Maushold|p1b: Tyranitar\n|move|p2b: Pelipper|Hurricane|p1a: Gengar\n|-activate|p1a: Gengar|move: Protect\n|move|p1b: Tyranitar|Rock Slide|p2b: Pelipper|[spread] p2a,p2b\n|-supereffective|p2b: Pelipper|1\n|-damage|p2a: Maushold|0 fnt\n|-damage|p2b: Pelipper|47/100\n|faint|p2a: Maushold\n|\n|-weather|Sandstorm|[upkeep]\n|-damage|p2b: Pelipper|41/100|[from] Sandstorm\n|-damage|p1a: Gengar|88/100|[from] Sandstorm\n|upkeep\n|\n|t:|1788400945\n|switch|p2a: Lopunny|Lopunny, L50, F|100/100\n|turn|3\n|inactive|SuperTemmie64 has 30 seconds left.\n|inactive|SuperTemmie64 has 20 seconds left.\n|inactive|SuperTemmie64 has 15 seconds left.\n|inactive|SuperTemmie64 has 10 seconds left.\n|inactive|SuperTemmie64 has 5 seconds left.\n|\n|t:|1788400996\n|detailschange|p2a: Lopunny|Lopunny-Mega, L50, F\n|-mega|p2a: Lopunny|Lopunny|Lopunnite\n|move|p2a: Lopunny|Rain Dance|p2a: Lopunny\n|-weather|RainDance\n|move|p2b: Pelipper|Weather Ball|p1a: Gengar\n|-damage|p1a: Gengar|0 fnt\n|faint|p1a: Gengar\n|move|p1b: Tyranitar|Rock Slide|p2a: Lopunny|[spread] p2a,p2b\n|-resisted|p2a: Lopunny|1\n|-supereffective|p2b: Pelipper|1\n|-damage|p2a: Lopunny|83/100\n|-damage|p2b: Pelipper|0 fnt\n|faint|p2b: Pelipper\n|\n|-weather|RainDance|[upkeep]\n|upkeep\n|\n|t:|1788401009\n|switch|p1a: Sableye|Sableye, L50, M|100/100\n|switch|p2b: Archaludon|Archaludon, L50, M, shiny|100/100\n|turn|4\n|\n|t:|1788401025\n|switch|p1b: Sinistcha|Sinistcha, L50|100/100\n|move|p2b: Archaludon|Protect|p2b: Archaludon\n|-singleturn|p2b: Archaludon|Protect\n|move|p1a: Sableye|Light Screen|p1a: Sableye\n|-sidestart|p1: ArepadeChorizard|move: Light Screen\n|move|p2a: Lopunny|Close Combat|p1a: Sableye\n|-supereffective|p1a: Sableye|1\n|-damage|p1a: Sableye|0 fnt\n|-unboost|p2a: Lopunny|def|1\n|-unboost|p2a: Lopunny|spd|1\n|faint|p1a: Sableye\n|\n|-weather|RainDance|[upkeep]\n|-sideend|p2: SuperTemmie64|move: Tailwind\n|upkeep\n|\n|t:|1788401033\n|switch|p1a: Tyranitar|Tyranitar, L50, M|100/100\n|-weather|Sandstorm|[from] ability: Sand Stream|[of] p1a: Tyranitar\n|turn|5\n|\n|t:|1788401057\n|move|p1b: Sinistcha|Rage Powder|p1b: Sinistcha\n|-singleturn|p1b: Sinistcha|move: Rage Powder\n|move|p2a: Lopunny|Close Combat|p1b: Sinistcha\n|-damage|p1b: Sinistcha|55/100\n|-unboost|p2a: Lopunny|def|1\n|-unboost|p2a: Lopunny|spd|1\n|move|p2b: Archaludon|Flash Cannon|p1b: Sinistcha\n|-damage|p1b: Sinistcha|24/100\n|-enditem|p1b: Sinistcha|Sitrus Berry|[eat]\n|-heal|p1b: Sinistcha|49/100|[from] item: Sitrus Berry\n|move|p1a: Tyranitar|Body Press|p2a: Lopunny\n|-supereffective|p2a: Lopunny|1\n|-damage|p2a: Lopunny|0 fnt\n|faint|p2a: Lopunny\n|\n|-weather|Sandstorm|[upkeep]\n|-damage|p1b: Sinistcha|43/100|[from] Sandstorm\n|upkeep\n|turn|6\n|inactive|ArepadeChorizard has 30 seconds left.\n|\n|t:|1788401086\n|move|p2b: Archaludon|Flash Cannon|p1a: Tyranitar\n|-supereffective|p1a: Tyranitar|1\n|-damage|p1a: Tyranitar|76/100\n|move|p1b: Sinistcha|Life Dew|p1b: Sinistcha|[spread] p1a,p1b\n|-heal|p1a: Tyranitar|100/100\n|-heal|p1b: Sinistcha|68/100\n|move|p1a: Tyranitar|Body Press|p2b: Archaludon\n|-supereffective|p2b: Archaludon|1\n|-damage|p2b: Archaludon|64/100\n|-ability|p2b: Archaludon|Stamina|boost\n|-boost|p2b: Archaludon|def|1\n|\n|-weather|Sandstorm|[upkeep]\n|-damage|p1b: Sinistcha|62/100|[from] Sandstorm\n|-heal|p2b: Archaludon|70/100|[from] item: Leftovers\n|upkeep\n|turn|7\n|\n|t:|1788401104\n|move|p2b: Archaludon|Flash Cannon|p1a: Tyranitar\n|-supereffective|p1a: Tyranitar|1\n|-damage|p1a: Tyranitar|74/100\n|-unboost|p1a: Tyranitar|spd|1\n|move|p1b: Sinistcha|Life Dew|p1b: Sinistcha|[spread] p1a,p1b\n|-heal|p1a: Tyranitar|99/100\n|-heal|p1b: Sinistcha|87/100\n|move|p1a: Tyranitar|Body Press|p2b: Archaludon\n|-supereffective|p2b: Archaludon|1\n|-damage|p2b: Archaludon|45/100\n|-ability|p2b: Archaludon|Stamina|boost\n|-boost|p2b: Archaludon|def|1\n|\n|-weather|Sandstorm|[upkeep]\n|-damage|p1b: Sinistcha|81/100|[from] Sandstorm\n|-heal|p2b: Archaludon|51/100|[from] item: Leftovers\n|upkeep\n|turn|8\n|\n|t:|1788401119\n|move|p2b: Archaludon|Flash Cannon|p1a: Tyranitar\n|-supereffective|p1a: Tyranitar|1\n|-damage|p1a: Tyranitar|62/100\n|move|p1b: Sinistcha|Life Dew|p1b: Sinistcha|[spread] p1a,p1b\n|-heal|p1a: Tyranitar|87/100\n|-heal|p1b: Sinistcha|100/100\n|move|p1a: Tyranitar|Body Press|p2b: Archaludon\n|-supereffective|p2b: Archaludon|1\n|-damage|p2b: Archaludon|31/100\n|-ability|p2b: Archaludon|Stamina|boost\n|-boost|p2b: Archaludon|def|1\n|\n|-weather|Sandstorm|[upkeep]\n|-damage|p1b: Sinistcha|93/100|[from] Sandstorm\n|-heal|p2b: Archaludon|38/100|[from] item: Leftovers\n|-sideend|p1: ArepadeChorizard|move: Light Screen\n|upkeep\n|turn|9\n|\n|t:|1788401135\n|move|p1b: Sinistcha|Rage Powder|p1b: Sinistcha\n|-singleturn|p1b: Sinistcha|move: Rage Powder\n|move|p2b: Archaludon|Flash Cannon|p1b: Sinistcha\n|-damage|p1b: Sinistcha|51/100\n|move|p1a: Tyranitar|Body Press|p2b: Archaludon\n|-supereffective|p2b: Archaludon|1\n|-damage|p2b: Archaludon|20/100y\n|-ability|p2b: Archaludon|Stamina|boost\n|-boost|p2b: Archaludon|def|1\n|\n|-weather|none\n|-heal|p2b: Archaludon|26/100|[from] item: Leftovers\n|upkeep\n|turn|10\n|\n|t:|1788401147\n|move|p2b: Archaludon|Protect|p2b: Archaludon\n|-singleturn|p2b: Archaludon|Protect\n|move|p1b: Sinistcha|Rage Powder|p1b: Sinistcha\n|-singleturn|p1b: Sinistcha|move: Rage Powder\n|move|p1a: Tyranitar|Body Press|p2b: Archaludon\n|-activate|p2b: Archaludon|move: Protect\n|\n|-heal|p2b: Archaludon|32/100|[from] item: Leftovers\n|upkeep\n|turn|11\n|\n|t:|1788401156\n|move|p1b: Sinistcha|Rage Powder|p1b: Sinistcha\n|-singleturn|p1b: Sinistcha|move: Rage Powder\n|move|p2b: Archaludon|Draco Meteor|p1b: Sinistcha\n|-damage|p1b: Sinistcha|0 fnt\n|-unboost|p2b: Archaludon|spa|2\n|faint|p1b: Sinistcha\n|move|p1a: Tyranitar|Body Press|p2b: Archaludon\n|-supereffective|p2b: Archaludon|1\n|-damage|p2b: Archaludon|19/100\n|-ability|p2b: Archaludon|Stamina|boost\n|-boost|p2b: Archaludon|def|1\n|\n|-heal|p2b: Archaludon|25/100|[from] item: Leftovers\n|upkeep\n|turn|12\n|\n|t:|1788401166\n|move|p2b: Archaludon|Flash Cannon|p1a: Tyranitar\n|-supereffective|p1a: Tyranitar|1\n|-damage|p1a: Tyranitar|41/100\n|move|p1a: Tyranitar|Body Press|p2b: Archaludon\n|-supereffective|p2b: Archaludon|1\n|-damage|p2b: Archaludon|15/100\n|-ability|p2b: Archaludon|Stamina|boost\n|-boost|p2b: Archaludon|def|1\n|\n|-heal|p2b: Archaludon|21/100|[from] item: Leftovers\n|upkeep\n|turn|13\n|\n|t:|1788401172\n|move|p2b: Archaludon|Protect|p2b: Archaludon\n|-singleturn|p2b: Archaludon|Protect\n|move|p1a: Tyranitar|Body Press|p2b: Archaludon\n|-activate|p2b: Archaludon|move: Protect\n|\n|-heal|p2b: Archaludon|27/100|[from] item: Leftovers\n|upkeep\n|turn|14\n|\n|t:|1788401178\n|move|p2b: Archaludon|Flash Cannon|p1a: Tyranitar\n|-supereffective|p1a: Tyranitar|1\n|-damage|p1a: Tyranitar|0 fnt\n|faint|p1a: Tyranitar\n|\n|win|SuperTemmie64\n|raw|ArepadeChorizard's rating: 1059 &rarr; <strong>1037</strong><br />(-22 for losing)\n|raw|SuperTemmie64's rating: 1000 &rarr; <strong>1047</strong><br />(+47 for winning)\n|l|☆ArepadeChorizard\n|player|p1|\n|c|☆SuperTemmie64|gg\n","uploadtime":1788401188,"views":"4","formatid":"gen9championsvgc2026regmb","rating":1037,"private":0,"password":null}