{"id":"gen9championsvgc2026regmbbo3-2674058873","format":"[Gen 9 Champions] VGC 2026 Reg M-B (Bo3)","players":["paquita navaja","rockslap"],"log":"|j|☆paquita navaja\n|j|☆rockslap\n|html|<table width=\"100%\"><tr><td align=\"left\">paquita navaja</td><td align=\"right\">rockslap</tr><tr><td align=\"left\"><i class=\"fa fa-circle-o\"></i> <i class=\"fa fa-circle-o\"></i> </td><td align=\"right\"><i class=\"fa fa-circle-o\"></i> <i class=\"fa fa-circle\"></i> </tr></table>\n|uhtml|bestof|<h2><strong>Game 2</strong> of <a href=\"/game-bestof3-gen9championsvgc2026regmbbo3-2674057080\">a best-of-3</a></h2>\n|t:|1788293678\n|gametype|doubles\n|player|p1|paquita navaja|170|\n|player|p2|rockslap|hiker-gen4|\n|gen|9\n|tier|[Gen 9 Champions] VGC 2026 Reg M-B (Bo3)\n|rule|Species Clause: Limit one of each Pokémon\n|rule|Item Clause: Limit 1 of each item\n|clearpoke\n|poke|p1|Metagross, L50|\n|poke|p1|Blaziken, L50, M|\n|poke|p1|Milotic, L50, F|\n|poke|p1|Pelipper, L50, M|\n|poke|p1|Gardevoir, L50, F|\n|poke|p1|Sableye, L50, M|\n|poke|p2|Maushold, L50|\n|poke|p2|Annihilape, L50, F|\n|poke|p2|Archaludon, L50, F|\n|poke|p2|Palafin, L50, M|\n|poke|p2|Sinistcha, L50|\n|poke|p2|Farigiraf, L50, M|\n|teampreview|4\n|showteam|p1|Metagross||LifeOrb|ClearBody|PsychicFangs,MeteorMash,RockSlide,Protect|Adamant|||||50|]Blaziken||FocusSash|SpeedBoost|HeatWave,Coaching,AuraSphere,Detect|Modest||M|||50|]Milotic||Leftovers|Competitive|MuddyWater,IceBeam,Hypnosis,Protect|Modest||F|||50|]Pelipper||SitrusBerry|Drizzle|MuddyWater,Hurricane,Tailwind,WideGuard|Modest||M|||50|]Gardevoir||FairyFeather|Trace|Moonblast,DazzlingGleam,Hypnosis,Protect|Timid||F|||50|]Sableye||LightClay|Prankster|FoulPlay,Reflect,LightScreen,Gravity|Careful||M|||50|\n|showteam|p2|Maushold||FocusSash|FriendGuard|FollowMe,RainDance,Protect,BeatUp|Jolly|||||50|]Annihilape||SitrusBerry|Defiant|DrainPunch,RageFist,BulkUp,Protect|Adamant||F|||50|]Archaludon||Leftovers|Stamina|DragonPulse,ElectroShot,FlashCannon,Protect|Modest||F|||50|]Palafin||MysticWater|ZerotoHero|WaveCrash,JetPunch,IceBeam,Protect|Jolly||M|||50|]Sinistcha||ColburBerry|Hospitality|MatchaGotcha,TrickRoom,RagePowder,LifeDew|Calm|||||50|]Farigiraf||LifeOrb|ArmorTail|HyperBeam,NastyPlot,Psychic,Protect|Bold||M|||50|\n|\n|t:|1788293748\n|teamsize|p1|4\n|teamsize|p2|4\n|start\n|switch|p1a: Gardevoir|Gardevoir, L50, F|100/100\n|switch|p1b: Sableye|Sableye, L50, M|100/100\n|switch|p2a: Annihilape|Annihilape, L50, F|100/100\n|switch|p2b: Maushold|Maushold, L50|100/100\n|-ability|p1a: Gardevoir|Friend Guard|Trace|[from] ability: Trace|[of] p2b: Maushold\n|turn|1\n|\n|t:|1788293777\n|move|p1b: Sableye|Gravity|p1b: Sableye\n|-fieldstart|move: Gravity\n|move|p2b: Maushold|Beat Up|p2a: Annihilape\n|-damage|p2a: Annihilape|98/100\n|-damage|p2a: Annihilape|96/100\n|-damage|p2a: Annihilape|94/100\n|-damage|p2a: Annihilape|92/100\n|-hitcount|p2a: Annihilape|4\n|move|p1a: Gardevoir|Hypnosis|p2a: Annihilape\n|-status|p2a: Annihilape|slp|[from] move: Hypnosis\n|cant|p2a: Annihilape|slp\n|\n|upkeep\n|turn|2\n|\n|t:|1788293794\n|move|p2b: Maushold|Follow Me|p2b: Maushold\n|-singleturn|p2b: Maushold|move: Follow Me\n|move|p1a: Gardevoir|Dazzling Gleam|p2b: Maushold|[spread] p2a,p2b\n|-supereffective|p2a: Annihilape|1\n|-damage|p2a: Annihilape|43/100 slp\n|-damage|p2b: Maushold|53/100\n|-enditem|p2a: Annihilape|Sitrus Berry|[eat]\n|-heal|p2a: Annihilape|68/100 slp|[from] item: Sitrus Berry\n|cant|p2a: Annihilape|slp\n|move|p1b: Sableye|Foul Play|p2b: Maushold\n|-damage|p2b: Maushold|19/100\n|\n|upkeep\n|turn|3\n|\n|t:|1788293843\n|switch|p2b: Sinistcha|Sinistcha, L50|100/100\n|-heal|p2a: Annihilape|93/100 slp|[from] ability: Hospitality|[of] p2b: Sinistcha\n|-curestatus|p2a: Annihilape|slp|[msg]\n|move|p2a: Annihilape|Protect|p2a: Annihilape\n|-singleturn|p2a: Annihilape|Protect\n|move|p1a: Gardevoir|Dazzling Gleam|p2a: Annihilape|[spread] p2b\n|-activate|p2a: Annihilape|move: Protect\n|-damage|p2b: Sinistcha|61/100\n|move|p1b: Sableye|Foul Play|p2a: Annihilape\n|-activate|p2a: Annihilape|move: Protect\n|\n|upkeep\n|turn|4\n|\n|t:|1788293863\n|switch|p1b: Blaziken|Blaziken, L50, M|100/100\n|move|p1a: Gardevoir|Protect|p1a: Gardevoir\n|-singleturn|p1a: Gardevoir|Protect\n|move|p2b: Sinistcha|Rage Powder|p2b: Sinistcha\n|-singleturn|p2b: Sinistcha|move: Rage Powder\n|move|p2a: Annihilape|Rage Fist|p1a: Gardevoir\n|-activate|p1a: Gardevoir|move: Protect\n|\n|upkeep\n|turn|5\n|\n|t:|1788293911\n|switch|p2b: Maushold|Maushold, L50|19/100\n|move|p2a: Annihilape|Protect|p2a: Annihilape\n|-singleturn|p2a: Annihilape|Protect\n|move|p1a: Gardevoir|Hypnosis|p2a: Annihilape\n|-activate|p2a: Annihilape|move: Protect\n|move|p1b: Blaziken|Heat Wave|p2a: Annihilape|[spread] p2b\n|-activate|p2a: Annihilape|move: Protect\n|-damage|p2b: Maushold|0 fnt\n|faint|p2b: Maushold\n|\n|-fieldend|move: Gravity\n|-ability|p1b: Blaziken|Speed Boost|boost\n|-boost|p1b: Blaziken|spe|1\n|upkeep\n|\n|t:|1788293926\n|switch|p2b: Sinistcha|Sinistcha, L50|61/100\n|-heal|p2a: Annihilape|100/100|[from] ability: Hospitality|[of] p2b: Sinistcha\n|turn|6\n|\n|t:|1788293938\n|move|p1a: Gardevoir|Protect|p1a: Gardevoir\n|-singleturn|p1a: Gardevoir|Protect\n|move|p2b: Sinistcha|Rage Powder|p2b: Sinistcha\n|-singleturn|p2b: Sinistcha|move: Rage Powder\n|move|p1b: Blaziken|Heat Wave|p2b: Sinistcha|[spread] p2a,p2b\n|-supereffective|p2b: Sinistcha|1\n|-damage|p2a: Annihilape|70/100\n|-damage|p2b: Sinistcha|0 fnt\n|-status|p2a: Annihilape|brn\n|faint|p2b: Sinistcha\n|move|p2a: Annihilape|Rage Fist|p1a: Gardevoir\n|-activate|p1a: Gardevoir|move: Protect\n|\n|-damage|p2a: Annihilape|64/100 brn|[from] brn\n|-ability|p1b: Blaziken|Speed Boost|boost\n|-boost|p1b: Blaziken|spe|1\n|upkeep\n|\n|t:|1788293954\n|switch|p2b: Archaludon|Archaludon, L50, F|100/100\n|turn|7\n|\n|t:|1788293965\n|move|p1b: Blaziken|Aura Sphere|p2b: Archaludon\n|-supereffective|p2b: Archaludon|1\n|-damage|p2b: Archaludon|7/100\n|-ability|p2b: Archaludon|Stamina|boost\n|-boost|p2b: Archaludon|def|1\n|move|p1a: Gardevoir|Moonblast|p2a: Annihilape\n|-supereffective|p2a: Annihilape|1\n|-damage|p2a: Annihilape|0 fnt\n|faint|p2a: Annihilape\n|move|p2b: Archaludon|Flash Cannon|p1a: Gardevoir\n|-supereffective|p1a: Gardevoir|1\n|-damage|p1a: Gardevoir|25/100\n|\n|-heal|p2b: Archaludon|13/100|[from] item: Leftovers\n|-ability|p1b: Blaziken|Speed Boost|boost\n|-boost|p1b: Blaziken|spe|1\n|upkeep\n|turn|8\n|\n|t:|1788293985\n|move|p1b: Blaziken|Aura Sphere|p2b: Archaludon\n|-supereffective|p2b: Archaludon|1\n|-damage|p2b: Archaludon|0 fnt\n|faint|p2b: Archaludon\n|\n|win|paquita navaja\n","uploadtime":1788293992,"views":"4","formatid":"gen9championsvgc2026regmbbo3","rating":null,"private":0,"password":null}