{"id":"gen9championsvgc2026regmb-2674617802","format":"[Gen 9 Champions] VGC 2026 Reg M-B","players":["asefito","FranOlie"],"log":"|j|☆asefito\n|j|☆FranOlie\n|t:|1788380903\n|gametype|doubles\n|player|p1|asefito|169|1249\n|player|p2|FranOlie|1|1270\n|gen|9\n|tier|[Gen 9 Champions] VGC 2026 Reg M-B\n|rated|\n|rule|Species Clause: Limit one of each Pokémon\n|rule|Item Clause: Limit 1 of each item\n|clearpoke\n|poke|p1|Staraptor, L50, M, shiny|\n|poke|p1|Garchomp, L50, F, shiny|\n|poke|p1|Whimsicott, L50, F, shiny|\n|poke|p1|Delphox, L50, F, shiny|\n|poke|p1|Glimmora, L50, F, shiny|\n|poke|p1|Kingambit, L50, F, shiny|\n|poke|p2|Incineroar, L50, M|\n|poke|p2|Kingambit, L50, M, shiny|\n|poke|p2|Sinistcha, L50|\n|poke|p2|Sneasler, L50, F, shiny|\n|poke|p2|Floette-Eternal, L50, F|\n|poke|p2|Delphox, L50, F, shiny|\n|teampreview|4\n|inactive|Battle timer is ON: inactive players will automatically lose when time's up. (requested by asefito)\nFranOlie has agreed to open team sheets.\n|inactive|asefito has 60 seconds left.\n|\n|t:|1788380954\n|teamsize|p1|4\n|teamsize|p2|4\n|start\n|switch|p1a: Whimsicott|Whimsicott, L50, F, shiny|100/100\n|switch|p1b: Glimmora|Glimmora, L50, F, shiny|100/100\n|switch|p2a: Delphox|Delphox, L50, F, shiny|100/100\n|switch|p2b: Kingambit|Kingambit, L50, M, shiny|100/100\n|turn|1\n|inactive|FranOlie has 30 seconds left.\n|\n|t:|1788380981\n|detailschange|p2a: Delphox|Delphox-Mega, L50, F, shiny\n|-mega|p2a: Delphox|Delphox|Delphoxite\n|move|p2b: Kingambit|Protect|p2b: Kingambit\n|-singleturn|p2b: Kingambit|Protect\n|move|p1a: Whimsicott|Tailwind|p1a: Whimsicott\n|-sidestart|p1: asefito|move: Tailwind\n|move|p1b: Glimmora|Power Gem|p2a: Delphox\n|-supereffective|p2a: Delphox|1\n|-damage|p2a: Delphox|16/100\n|move|p2a: Delphox|Heat Wave|p1a: Whimsicott|[spread] p1a,p1b\n|-supereffective|p1a: Whimsicott|1\n|-resisted|p1b: Glimmora|1\n|-damage|p1a: Whimsicott|0 fnt\n|-damage|p1b: Glimmora|71/100\n|faint|p1a: Whimsicott\n|\n|upkeep\n|\n|t:|1788380989\n|switch|p1a: Garchomp|Garchomp, L50, F, shiny|100/100\n|turn|2\n|\n|t:|1788381000\n|switch|p2b: Sinistcha|Sinistcha, L50|100/100\n|-heal|p2a: Delphox|41/100|[from] ability: Hospitality|[of] p2b: Sinistcha\n|move|p2a: Delphox|Protect|p2a: Delphox\n|-singleturn|p2a: Delphox|Protect\n|move|p1a: Garchomp|Rock Slide|p2b: Sinistcha|[spread] p2b\n|-activate|p2a: Delphox|move: Protect\n|-damage|p2b: Sinistcha|80/100\n|-damage|p1a: Garchomp|90/100|[from] item: Life Orb\n|move|p1b: Glimmora|Earth Power|p2b: Sinistcha\n|-resisted|p2b: Sinistcha|1\n|-damage|p2b: Sinistcha|64/100\n|\n|upkeep\n|turn|3\n|inactive|FranOlie has 30 seconds left.\n|inactive|FranOlie has 20 seconds left.\n|inactive|FranOlie has 15 seconds left.\n|\n|t:|1788381041\n|switch|p1b: Delphox|Delphox, L50, F, shiny|100/100\n|switch|p2a: Kingambit|Kingambit, L50, M, shiny|100/100\n|move|p1a: Garchomp|Rock Slide|p2b: Sinistcha|[spread] p2b\n|-miss|p1a: Garchomp|p2a: Kingambit\n|-damage|p2b: Sinistcha|45/100\n|-damage|p1a: Garchomp|80/100|[from] item: Life Orb\n|move|p2b: Sinistcha|Matcha Gotcha|p1a: Garchomp|[spread] p1a,p1b\n|-resisted|p1b: Delphox|1\n|-damage|p1a: Garchomp|52/100\n|-heal|p2b: Sinistcha|60/100|[from] drain|[of] p1a: Garchomp\n|-damage|p1b: Delphox|86/100\n|-heal|p2b: Sinistcha|65/100|[from] drain|[of] p1b: Delphox\n|\n|upkeep\n|turn|4\n|inactive|FranOlie has 30 seconds left.\n|\n|t:|1788381076\n|switch|p2b: Sneasler|Sneasler, L50, F, shiny|100/100\n|detailschange|p1b: Delphox|Delphox-Mega, L50, F, shiny\n|-mega|p1b: Delphox|Delphox|Delphoxite\n|move|p2a: Kingambit|Sucker Punch||[still]\n|-fail|p2a: Kingambit\n|move|p1b: Delphox|Substitute|p1b: Delphox\n|-start|p1b: Delphox|Substitute\n|-damage|p1b: Delphox|61/100\n|move|p1a: Garchomp|Earthquake|p2a: Kingambit|[spread] p2a,p2b\n|-immune|p1b: Delphox|[from] ability: Levitate\n|-supereffective|p2a: Kingambit|1\n|-crit|p2a: Kingambit\n|-supereffective|p2b: Sneasler|1\n|-damage|p2a: Kingambit|0 fnt\n|-enditem|p2b: Sneasler|Focus Sash\n|-damage|p2b: Sneasler|1/100\n|faint|p2a: Kingambit\n|-damage|p1a: Garchomp|43/100|[from] item: Life Orb\n|\n|-sideend|p1: asefito|move: Tailwind\n|upkeep\n|\n|t:|1788381094\n|switch|p2a: Delphox|Delphox-Mega, L50, F, shiny|41/100\n|turn|5\n|\n|t:|1788381116\n|move|p1b: Delphox|Protect|p1b: Delphox\n|-singleturn|p1b: Delphox|Protect\n|move|p1a: Garchomp|Protect|p1a: Garchomp\n|-singleturn|p1a: Garchomp|Protect\n|move|p2b: Sneasler|Fake Out|p1b: Delphox\n|-activate|p1b: Delphox|move: Protect\n|move|p2a: Delphox|Psychic|p1a: Garchomp\n|-activate|p1a: Garchomp|move: Protect\n|\n|upkeep\n|turn|6\n|\n|t:|1788381135\n|switch|p2b: Sinistcha|Sinistcha, L50|65/100\n|-heal|p2a: Delphox|66/100|[from] ability: Hospitality|[of] p2b: Sinistcha\n|move|p2a: Delphox|Protect|p2a: Delphox\n|-singleturn|p2a: Delphox|Protect\n|move|p1b: Delphox|Psychic|p2a: Delphox\n|-activate|p2a: Delphox|move: Protect\n|move|p1a: Garchomp|Rock Slide|p2b: Sinistcha|[spread] p2b\n|-activate|p2a: Delphox|move: Protect\n|-damage|p2b: Sinistcha|46/100\n|-damage|p1a: Garchomp|33/100|[from] item: Life Orb\n|\n|upkeep\n|turn|7\n|\n|t:|1788381154\n|move|p1b: Delphox|Heat Wave|p2a: Delphox|[spread] p2a,p2b\n|-resisted|p2a: Delphox|1\n|-supereffective|p2b: Sinistcha|1\n|-enditem|p2b: Sinistcha|Occa Berry|[eat]\n|-enditem|p2b: Sinistcha|Occa Berry|[weaken]\n|-damage|p2a: Delphox|47/100\n|-damage|p2b: Sinistcha|0 fnt\n|faint|p2b: Sinistcha\n|move|p2a: Delphox|Psychic|p1a: Garchomp\n|-damage|p1a: Garchomp|0 fnt\n|faint|p1a: Garchomp\n|\n|upkeep\n|\n|t:|1788381163\n|switch|p1a: Glimmora|Glimmora, L50, F, shiny|71/100\n|switch|p2b: Sneasler|Sneasler, L50, F, shiny|1/100\n|turn|8\n|\n|t:|1788381185\n|move|p1a: Glimmora|Spiky Shield|p1a: Glimmora\n|-singleturn|p1a: Glimmora|move: Protect\n|move|p1b: Delphox|Psychic|p2a: Delphox\n|-resisted|p2a: Delphox|1\n|-damage|p2a: Delphox|23/100\n|move|p2a: Delphox|Psychic|p1a: Glimmora\n|-activate|p1a: Glimmora|move: Protect\n|move|p2b: Sneasler|Rock Slide|p1b: Delphox|[spread] p1b\n|-activate|p1a: Glimmora|move: Protect\n|-supereffective|p1b: Delphox|1\n|-end|p1b: Delphox|Substitute\n|\n|upkeep\n|turn|9\n|\n|t:|1788381203\n|move|p2a: Delphox|Protect|p2a: Delphox\n|-singleturn|p2a: Delphox|Protect\n|move|p1b: Delphox|Heat Wave|p2b: Sneasler|[spread] p2b\n|-activate|p2a: Delphox|move: Protect\n|-damage|p2b: Sneasler|0 fnt\n|faint|p2b: Sneasler\n|move|p1a: Glimmora|Power Gem|p2a: Delphox\n|-activate|p2a: Delphox|move: Protect\n|\n|upkeep\n|turn|10\n|\n|t:|1788381216\n|move|p1b: Delphox|Psychic|p2a: Delphox\n|-resisted|p2a: Delphox|1\n|-damage|p2a: Delphox|1/100\n|move|p2a: Delphox|Psychic|p1a: Glimmora\n|-supereffective|p1a: Glimmora|1\n|-damage|p1a: Glimmora|0 fnt\n|faint|p1a: Glimmora\n|\n|upkeep\n|turn|11\n|\n|t:|1788381227\n|move|p1b: Delphox|Psychic|p2a: Delphox\n|-resisted|p2a: Delphox|1\n|-damage|p2a: Delphox|0 fnt\n|faint|p2a: Delphox\n|\n|win|asefito\n|raw|asefito's rating: 1249 &rarr; <strong>1276</strong><br />(+27 for winning)\n|raw|FranOlie's rating: 1270 &rarr; <strong>1243</strong><br />(-27 for losing)\n","uploadtime":1788381227,"views":"1","formatid":"gen9championsvgc2026regmb","rating":1243,"private":0,"password":null}