{"id":"gen9championsvgc2026regmb-2674773476","format":"[Gen 9 Champions] VGC 2026 Reg M-B","players":["Meep1203","juckfews97"],"log":"|j|☆Meep1203\n|j|☆juckfews97\n|t:|1788404073\n|gametype|doubles\n|player|p1|Meep1203|2|1091\n|player|p2|juckfews97|corbeau|1000\n|gen|9\n|tier|[Gen 9 Champions] VGC 2026 Reg M-B\n|rated|\n|rule|Species Clause: Limit one of each Pokémon\n|rule|Item Clause: Limit 1 of each item\n|clearpoke\n|poke|p1|Sneasler, L50, F|\n|poke|p1|Blaziken, L50, F|\n|poke|p1|Volcarona, L50, M|\n|poke|p1|Metagross, L50|\n|poke|p1|Espathra, L50, M|\n|poke|p1|Whimsicott, L50, F|\n|poke|p2|Lycanroc-Midnight, L50, M|\n|poke|p2|Talonflame, L50, F|\n|poke|p2|Garchomp, L50, M|\n|poke|p2|Lucario, L50, M|\n|poke|p2|Sinistcha-Masterpiece, L50|\n|poke|p2|Kingambit, L50, M|\n|teampreview|4\n|inactive|Battle timer is ON: inactive players will automatically lose when time's up. (requested by Meep1203)\nMeep1203 rejected open team sheets.\n|inactive|Meep1203 has 60 seconds left.\n|\n|t:|1788404104\n|teamsize|p1|4\n|teamsize|p2|4\n|start\n|switch|p1a: Sneasler|Sneasler, L50, F|100/100\n|switch|p1b: Blaziken|Blaziken, L50, F|100/100\n|switch|p2a: Lycanroc|Lycanroc-Midnight, L50, M|100/100\n|switch|p2b: Talonflame|Talonflame, L50, F|100/100\n|turn|1\n|inactive|Meep1203 has 30 seconds left.\n|\n|t:|1788404130\n|move|p2b: Talonflame|Protect|p2b: Talonflame\n|-singleturn|p2b: Talonflame|Protect\n|move|p1a: Sneasler|Fake Out|p2b: Talonflame\n|-activate|p2b: Talonflame|move: Protect\n|move|p2a: Lycanroc|Sandstorm|p2a: Lycanroc\n|-weather|Sandstorm\n|move|p1b: Blaziken|Swords Dance|p1b: Blaziken\n|-boost|p1b: Blaziken|atk|2\n|\n|-weather|Sandstorm|[upkeep]\n|-damage|p1a: Sneasler|94/100|[from] Sandstorm\n|-damage|p2b: Talonflame|94/100|[from] Sandstorm\n|-damage|p1b: Blaziken|94/100|[from] Sandstorm\n|-ability|p1b: Blaziken|Speed Boost|boost\n|-boost|p1b: Blaziken|spe|1\n|upkeep\n|turn|2\n|\n|t:|1788404153\n|move|p1b: Blaziken|Detect|p1b: Blaziken\n|-singleturn|p1b: Blaziken|Protect\n|move|p1a: Sneasler|Fling|p2a: Lycanroc\n|-damage|p2a: Lycanroc|83/100\n|-enditem|p1a: Sneasler|King's Rock|[from] move: Fling\n|move|p2b: Talonflame|Tailwind|p2b: Talonflame\n|-sidestart|p2: juckfews97|move: Tailwind\n|cant|p2a: Lycanroc|flinch\n|\n|-weather|Sandstorm|[upkeep]\n|-damage|p1a: Sneasler|88/100|[from] Sandstorm\n|-damage|p2b: Talonflame|88/100|[from] Sandstorm\n|-damage|p1b: Blaziken|88/100|[from] Sandstorm\n|-ability|p1b: Blaziken|Speed Boost|boost\n|-boost|p1b: Blaziken|spe|1\n|upkeep\n|turn|3\n|inactive|Meep1203 has 30 seconds left.\n|inactive|Meep1203 has 20 seconds left.\n|\n|t:|1788404192\n|detailschange|p1b: Blaziken|Blaziken-Mega, L50, F\n|-mega|p1b: Blaziken|Blaziken|Blazikenite\n|move|p1a: Sneasler|Close Combat|p2a: Lycanroc\n|-supereffective|p2a: Lycanroc|1\n|-damage|p2a: Lycanroc|0 fnt\n|-unboost|p1a: Sneasler|def|1\n|-unboost|p1a: Sneasler|spd|1\n|faint|p2a: Lycanroc\n|move|p2b: Talonflame|Acrobatics|p1b: Blaziken\n|-supereffective|p1b: Blaziken|1\n|-damage|p1b: Blaziken|0 fnt\n|faint|p1b: Blaziken\n|\n|-weather|Sandstorm|[upkeep]\n|-damage|p1a: Sneasler|82/100|[from] Sandstorm\n|-damage|p2b: Talonflame|82/100|[from] Sandstorm\n|upkeep\n|\n|t:|1788404208\n|switch|p1b: Metagross|Metagross, L50|100/100\n|switch|p2a: Garchomp|Garchomp, L50, M|100/100\n|turn|4\n|\n|t:|1788404220\n|detailschange|p2a: Garchomp|Garchomp-Mega, L50, M\n|-mega|p2a: Garchomp|Garchomp|Garchompite\n|move|p1a: Sneasler|Close Combat|p2a: Garchomp\n|-damage|p2a: Garchomp|55/100\n|-unboost|p1a: Sneasler|def|1\n|-unboost|p1a: Sneasler|spd|1\n|move|p2b: Talonflame|Flare Blitz|p1b: Metagross\n|-supereffective|p1b: Metagross|1\n|-damage|p1b: Metagross|3/100\n|-damage|p2b: Talonflame|50/100g|[from] Recoil\n|move|p2a: Garchomp|Earthquake|p1a: Sneasler|[spread] p1a,p1b\n|-immune|p2b: Talonflame\n|-supereffective|p1a: Sneasler|1\n|-supereffective|p1b: Metagross|1\n|-damage|p1a: Sneasler|0 fnt\n|-damage|p1b: Metagross|0 fnt\n|faint|p1a: Sneasler\n|faint|p1b: Metagross\n|\n|-weather|Sandstorm|[upkeep]\n|-damage|p2b: Talonflame|44/100|[from] Sandstorm\n|upkeep\n|\n|t:|1788404238\n|switch|p1a: Volcarona|Volcarona, L50, M|100/100\n|turn|5\n|\n|t:|1788404246\n|move|p1a: Volcarona|Protect|p1a: Volcarona\n|-singleturn|p1a: Volcarona|Protect\n|move|p2b: Talonflame|Acrobatics|p1a: Volcarona\n|-activate|p1a: Volcarona|move: Protect\n|move|p2a: Garchomp|Rock Slide|p1a: Volcarona\n|-activate|p1a: Volcarona|move: Protect\n|\n|-weather|none\n|-sideend|p2: juckfews97|move: Tailwind\n|upkeep\n|turn|6\n|\n|t:|1788404259\n|move|p2b: Talonflame|Acrobatics|p1a: Volcarona\n|-supereffective|p1a: Volcarona|1\n|-enditem|p1a: Volcarona|Focus Sash\n|-damage|p1a: Volcarona|1/100\n|move|p1a: Volcarona|Bug Buzz|p2a: Garchomp\n|-damage|p2a: Garchomp|6/100\n|-unboost|p2a: Garchomp|spd|1\n|move|p2a: Garchomp|Rock Slide|p1a: Volcarona\n|-supereffective|p1a: Volcarona|2\n|-damage|p1a: Volcarona|0 fnt\n|faint|p1a: Volcarona\n|\n|win|juckfews97\n|raw|Meep1203's rating: 1091 &rarr; <strong>1061</strong><br />(-30 for losing)\n|raw|juckfews97's rating: 1000 &rarr; <strong>1050</strong><br />(+50 for winning)\n|l|☆Meep1203\n|player|p1|\n","uploadtime":1788404277,"views":"1","formatid":"gen9championsvgc2026regmb","rating":1050,"private":0,"password":null}