{"id":"gen9championsvgc2026regmbbo3-2674232205","format":"[Gen 9 Champions] VGC 2026 Reg M-B (Bo3)","players":["HiddenPants200","Elrinvyas"],"log":"|j|☆HiddenPants200\n|j|☆Elrinvyas\n|html|<table width=\"100%\"><tr><td align=\"left\">HiddenPants200</td><td align=\"right\">Elrinvyas</tr><tr><td align=\"left\"><i class=\"fa fa-circle-o\"></i> <i class=\"fa fa-circle-o\"></i> </td><td align=\"right\"><i class=\"fa fa-circle-o\"></i> <i class=\"fa fa-circle-o\"></i> </tr></table>\n|uhtml|bestof|<h2><strong>Game 1</strong> of <a href=\"/game-bestof3-gen9championsvgc2026regmbbo3-2674232204\">a best-of-3</a></h2>\n|t:|1788319750\n|gametype|doubles\n|player|p1|HiddenPants200|101|\n|player|p2|Elrinvyas|ghetsis|\n|gen|9\n|tier|[Gen 9 Champions] VGC 2026 Reg M-B (Bo3)\n|rule|Species Clause: Limit one of each Pokémon\n|rule|Item Clause: Limit 1 of each item\n|clearpoke\n|poke|p1|Floette-Eternal, L50, F|\n|poke|p1|Garchomp, L50, F, shiny|\n|poke|p1|Rotom-Wash, L50, shiny|\n|poke|p1|Annihilape, L50, F, shiny|\n|poke|p1|Scrafty, L50, F, shiny|\n|poke|p1|Staraptor, L50, F, shiny|\n|poke|p2|Garchomp, L50, F|\n|poke|p2|Kingambit, L50, M, shiny|\n|poke|p2|Aegislash, L50, M, shiny|\n|poke|p2|Gallade, L50, M, shiny|\n|poke|p2|Corviknight, L50, F, shiny|\n|poke|p2|Samurott-Hisui, L50, F|\n|teampreview|4\n|showteam|p1|Floette-Eternal||Floettite|FlowerVeil|LightofRuin,Moonblast,DazzlingGleam,Protect|Timid||F|||50|]Garchomp||LifeOrb|RoughSkin|Earthquake,StompingTantrum,DragonClaw,Protect|Jolly||F|||50|]Rotom-Wash||SitrusBerry|Levitate|HydroPump,Thunderbolt,WillOWisp,Protect|Bold|||||50|]Annihilape||Leftovers|Defiant|RageFist,DrainPunch,BulkUp,Protect|Adamant||F|||50|]Scrafty||ChopleBerry|ShedSkin|FakeOut,KnockOff,DrainPunch,Protect|Adamant||F|||50|]Staraptor||FocusSash|Reckless|BraveBird,CloseCombat,Tailwind,Protect|Jolly||F|||50|\n|showteam|p2|Garchomp||Garchompite|RoughSkin|DragonClaw,Earthquake,Protect,IronHead|Modest||F|||50|]Kingambit||ChopleBerry|Defiant|IronHead,SuckerPunch,SwordsDance,Protect|Adamant||M|||50|]Aegislash||LifeOrb|StanceChange|KingsShield,ShadowBall,FlashCannon,ShadowSneak|Quiet||M|||50|]Gallade||FocusSash|Sharpness|WideGuard,RockTomb,TripleAxel,PsychoCut|Jolly||M|||50|]Corviknight||Leftovers|MirrorArmor|Roost,IronHead,Tailwind,BraveBird|Impish||F|||50|]Samurott-Hisui||ChoiceScarf|Sharpness|SacredSword,AquaCutter,NightSlash,FlipTurn|Adamant||F|||50|\n|j| sd22\n|j| Spicy Mik3y\n|\n|t:|1788319807\n|teamsize|p1|4\n|teamsize|p2|4\n|start\n|switch|p1a: idk bro 2|Staraptor, L50, F, shiny|100/100\n|switch|p1b: washer|Rotom-Wash, L50, shiny|100/100\n|switch|p2a: Alpha Leader|Kingambit, L50, M, shiny|100/100\n|switch|p2b: True White Knight|Corviknight, L50, F, shiny|100/100\n|turn|1\n|\n|t:|1788319829\n|move|p2a: Alpha Leader|Sucker Punch||[still]\n|-fail|p2a: Alpha Leader\n|move|p1a: idk bro 2|Tailwind|p1a: idk bro 2\n|-sidestart|p1: HiddenPants200|move: Tailwind\n|move|p1b: washer|Will-O-Wisp|p2a: Alpha Leader\n|-status|p2a: Alpha Leader|brn\n|move|p2b: True White Knight|Tailwind|p2b: True White Knight\n|-sidestart|p2: Elrinvyas|move: Tailwind\n|\n|-damage|p2a: Alpha Leader|94/100 brn|[from] brn\n|upkeep\n|turn|2\n|\n|t:|1788319870\n|switch|p2a: Million Fold Steel|Aegislash, L50, M, shiny|100/100\n|move|p1a: idk bro 2|Close Combat|p2a: Million Fold Steel\n|-immune|p2a: Million Fold Steel\n|move|p1b: washer|Thunderbolt|p2b: True White Knight\n|-supereffective|p2b: True White Knight|1\n|-damage|p2b: True White Knight|35/100\n|move|p2b: True White Knight|Brave Bird|p1a: idk bro 2\n|-damage|p1a: idk bro 2|43/100\n|-damage|p2b: True White Knight|20/100y|[from] Recoil\n|\n|-heal|p2b: True White Knight|26/100|[from] item: Leftovers\n|upkeep\n|turn|3\n|\n|t:|1788319905\n|switch|p1a: m0nkey|Annihilape, L50, F, shiny|100/100\n|move|p1b: washer|Thunderbolt|p2b: True White Knight\n|-supereffective|p2b: True White Knight|1\n|-damage|p2b: True White Knight|0 fnt\n|faint|p2b: True White Knight\n|-formechange|p2a: Million Fold Steel|Aegislash-Blade|\n|move|p2a: Million Fold Steel|Flash Cannon|p1b: washer\n|-resisted|p1b: washer|2\n|-damage|p1b: washer|82/100\n|-damage|p2a: Million Fold Steel|90/100|[from] item: Life Orb\n|\n|upkeep\n|\n|t:|1788319919\n|switch|p2b: Alpha Leader|Kingambit, L50, M, shiny|94/100 brn\n|turn|4\n|\n|t:|1788319946\n|-formechange|p2a: Million Fold Steel|Aegislash|\n|move|p2a: Million Fold Steel|King's Shield|p2a: Million Fold Steel\n|-singleturn|p2a: Million Fold Steel|Protect\n|move|p2b: Alpha Leader|Sucker Punch|p1a: m0nkey\n|-damage|p1a: m0nkey|79/100\n|move|p1a: m0nkey|Drain Punch|p2b: Alpha Leader\n|-supereffective|p2b: Alpha Leader|2\n|-enditem|p2b: Alpha Leader|Chople Berry|[eat]\n|-enditem|p2b: Alpha Leader|Chople Berry|[weaken]\n|-damage|p2b: Alpha Leader|35/100 brn\n|-heal|p1a: m0nkey|100/100|[from] drain|[of] p2b: Alpha Leader\n|move|p1b: washer|Will-O-Wisp|p2a: Million Fold Steel\n|-status|p2a: Million Fold Steel|brn\n|\n|-damage|p2a: Million Fold Steel|84/100 brn|[from] brn\n|-damage|p2b: Alpha Leader|29/100 brn|[from] brn\n|-sideend|p2: Elrinvyas|move: Tailwind\n|-sideend|p1: HiddenPants200|move: Tailwind\n|upkeep\n|turn|5\n|\n|t:|1788319968\n|switch|p2b: M'Lady Maiden|Garchomp, L50, F|100/100\n|move|p1a: m0nkey|Rage Fist|p2a: Million Fold Steel\n|-supereffective|p2a: Million Fold Steel|1\n|-damage|p2a: Million Fold Steel|1/100 brn\n|move|p1b: washer|Hydro Pump|p2b: M'Lady Maiden\n|-damage|p2b: M'Lady Maiden|60/100\n|-formechange|p2a: Million Fold Steel|Aegislash-Blade|\n|move|p2a: Million Fold Steel|Shadow Ball|p1a: m0nkey\n|-supereffective|p1a: m0nkey|1\n|-crit|p1a: m0nkey\n|-damage|p1a: m0nkey|0 fnt\n|faint|p1a: m0nkey\n|-damage|p2a: Million Fold Steel|0 fnt|[from] item: Life Orb\n|faint|p2a: Million Fold Steel\n|\n|upkeep\n|\n|t:|1788319983\n|switch|p1a: idk bro 2|Staraptor, L50, F, shiny|43/100\n|switch|p2a: Alpha Leader|Kingambit, L50, M, shiny|29/100 brn\n|turn|6\n|\n|t:|1788319995\n|detailschange|p2b: M'Lady Maiden|Garchomp-Mega, L50, F\n|-mega|p2b: M'Lady Maiden|Garchomp|Garchompite\n|move|p2a: Alpha Leader|Protect|p2a: Alpha Leader\n|-singleturn|p2a: Alpha Leader|Protect\n|move|p1a: idk bro 2|Tailwind|p1a: idk bro 2\n|-sidestart|p1: HiddenPants200|move: Tailwind\n|move|p1b: washer|Will-O-Wisp|p2b: M'Lady Maiden\n|-status|p2b: M'Lady Maiden|brn\n|move|p2b: M'Lady Maiden|Iron Head|p1a: idk bro 2\n|-damage|p1a: idk bro 2|24/100\n|\n|-damage|p2b: M'Lady Maiden|54/100 brn|[from] brn\n|-damage|p2a: Alpha Leader|23/100 brn|[from] brn\n|upkeep\n|turn|7\n|\n|t:|1788320027\n|move|p1a: idk bro 2|Close Combat|p2a: Alpha Leader\n|-supereffective|p2a: Alpha Leader|2\n|-damage|p2a: Alpha Leader|0 fnt\n|-unboost|p1a: idk bro 2|def|1\n|-unboost|p1a: idk bro 2|spd|1\n|faint|p2a: Alpha Leader\n|move|p1b: washer|Hydro Pump|p2b: M'Lady Maiden\n|-damage|p2b: M'Lady Maiden|18/100 brn\n|move|p2b: M'Lady Maiden|Dragon Claw|p1b: washer\n|-damage|p1b: washer|66/100\n|\n|-damage|p2b: M'Lady Maiden|11/100 brn|[from] brn\n|upkeep\n|turn|8\n|\n|t:|1788320047\n|move|p1a: idk bro 2|Close Combat|p2b: M'Lady Maiden\n|-damage|p2b: M'Lady Maiden|0 fnt\n|-unboost|p1a: idk bro 2|def|1\n|-unboost|p1a: idk bro 2|spd|1\n|faint|p2b: M'Lady Maiden\n|\n|win|HiddenPants200\n||HiddenPants200 is ready for game 2.\n|inactive|Elrinvyas has 30 seconds to confirm battle start!\n|inactive|Elrinvyas has 20 seconds to confirm battle start!\n||Elrinvyas is ready for game 2.\n|uhtml|next|Next: <a href=\"/battle-gen9championsvgc2026regmbbo3-2674233922\"><strong>Game 2 of 3</strong></a>\n|l|☆Elrinvyas\n|player|p2|\n","uploadtime":1788320460,"views":"3","formatid":"gen9championsvgc2026regmbbo3","rating":null,"private":0,"password":null}