{"id":"gen9championsvgc2026regmb-2674571522","format":"[Gen 9 Champions] VGC 2026 Reg M-B","players":["repeat33","jaredshane"],"log":"|j|☆repeat33\n|j|☆jaredshane\n|t:|1788375296\n|gametype|doubles\n|player|p1|repeat33|1|1367\n|player|p2|jaredshane|steven|1425\n|gen|9\n|tier|[Gen 9 Champions] VGC 2026 Reg M-B\n|rated|\n|rule|Species Clause: Limit one of each Pokémon\n|rule|Item Clause: Limit 1 of each item\n|clearpoke\n|poke|p1|Dragonite, L50, F|\n|poke|p1|Floette-Eternal, L50, F|\n|poke|p1|Sneasler, L50, M|\n|poke|p1|Basculegion, L50, M|\n|poke|p1|Garchomp, L50, F|\n|poke|p1|Mimikyu, L50, M|\n|poke|p2|Charizard, L50, F, shiny|\n|poke|p2|Grimmsnarl, L50, M, shiny|\n|poke|p2|Archaludon, L50, M, shiny|\n|poke|p2|Pelipper, L50, M, shiny|\n|poke|p2|Venusaur, L50, F, shiny|\n|poke|p2|Swampert, L50, F, shiny|\n|teampreview|4\njaredshane has agreed to open team sheets.\n|inactive|Battle timer is ON: inactive players will automatically lose when time's up. (requested by repeat33)\n|inactive|jaredshane has 60 seconds left.\n|\n|t:|1788375378\n|teamsize|p1|4\n|teamsize|p2|4\n|start\n|switch|p1a: Dragonite|Dragonite, L50, F|100/100\n|switch|p1b: Sneasler|Sneasler, L50, M|100/100\n|switch|p2a: Grimmsnarl|Grimmsnarl, L50, M, shiny|100/100\n|switch|p2b: Swampert|Swampert, L50, F, shiny|100/100\n|turn|1\n|inactive|jaredshane has 30 seconds left.\n|\n|t:|1788375410\n|detailschange|p1a: Dragonite|Dragonite-Mega, L50, F\n|-mega|p1a: Dragonite|Dragonite|Dragoninite\n|detailschange|p2b: Swampert|Swampert-Mega, L50, F, shiny\n|-mega|p2b: Swampert|Swampert|Swampertite\n|move|p1b: Sneasler|Fake Out|p2a: Grimmsnarl\n|-damage|p2a: Grimmsnarl|86/100\n|move|p1a: Dragonite|Dragon Pulse|p2b: Swampert\n|-damage|p2b: Swampert|58/100\n|move|p2b: Swampert|Ice Punch|p1a: Dragonite\n|-supereffective|p1a: Dragonite|2\n|-damage|p1a: Dragonite|56/100\n|cant|p2a: Grimmsnarl|flinch\n|\n|upkeep\n|turn|2\n|inactive|jaredshane has 30 seconds left.\n|inactive|jaredshane has 20 seconds left.\n|\n|t:|1788375447\n|switch|p1a: Mimikyu|Mimikyu, L50, M|100/100\n|move|p2b: Swampert|Protect|p2b: Swampert\n|-singleturn|p2b: Swampert|Protect\n|move|p2a: Grimmsnarl|Reflect|p2a: Grimmsnarl\n|-sidestart|p2: jaredshane|Reflect\n|move|p1b: Sneasler|Poison Jab|p2a: Grimmsnarl\n|-supereffective|p2a: Grimmsnarl|1\n|-damage|p2a: Grimmsnarl|31/100\n|\n|upkeep\n|turn|3\n|\n|t:|1788375463\n|move|p2a: Grimmsnarl|Parting Shot|p1b: Sneasler\n|-unboost|p1b: Sneasler|atk|1\n|-unboost|p1b: Sneasler|spa|1\n|\n|t:|1788375466\n|switch|p2a: Pelipper|Pelipper, L50, M, shiny|100/100|[from] Parting Shot\n|-weather|RainDance|[from] ability: Drizzle|[of] p2a: Pelipper\n|move|p2b: Swampert|Earthquake|p1a: Mimikyu|[spread] p1a,p1b\n|-immune|p2a: Pelipper\n|-supereffective|p1b: Sneasler|1\n|-activate|p1a: Mimikyu|ability: Disguise\n|-damage|p1a: Mimikyu|100/100\n|-enditem|p1b: Sneasler|Focus Sash\n|-damage|p1b: Sneasler|1/100\n|detailschange|p1a: Mimikyu|Mimikyu-Busted, L50, M\n|-damage|p1a: Mimikyu|87/100|[from] pokemon: Mimikyu-Busted\n|move|p1b: Sneasler|Poison Jab|p2a: Pelipper\n|-damage|p2a: Pelipper|80/100\n|move|p1a: Mimikyu|Wood Hammer|p2b: Swampert\n|-supereffective|p2b: Swampert|2\n|-damage|p2b: Swampert|0 fnt\n|faint|p2b: Swampert\n|-damage|p1a: Mimikyu|62/100|[from] Recoil\n|\n|-weather|RainDance|[upkeep]\n|upkeep\n|\n|t:|1788375487\n|switch|p2b: Archaludon|Archaludon, L50, M, shiny|100/100\n|turn|4\n|inactive|repeat33 has 30 seconds left.\n|\n|t:|1788375521\n|switch|p1b: Garchomp|Garchomp, L50, F|100/100\n|move|p1a: Mimikyu|Shadow Claw|p2a: Pelipper\n|-damage|p2a: Pelipper|54/100\n|move|p2b: Archaludon|Electro Shot||[still]\n|-prepare|p2b: Archaludon|Electro Shot\n|-boost|p2b: Archaludon|spa|1\n|-anim|p2b: Archaludon|Electro Shot|p1a: Mimikyu\n|-damage|p1a: Mimikyu|5/100\n|move|p2a: Pelipper|Tailwind|p2a: Pelipper\n|-sidestart|p2: jaredshane|move: Tailwind\n|\n|-weather|RainDance|[upkeep]\n|upkeep\n|turn|5\n|inactive|jaredshane has 30 seconds left.\n|inactive|jaredshane has 20 seconds left.\n|inactive|jaredshane has 15 seconds left.\n|\n|t:|1788375564\n|move|p1a: Mimikyu|Shadow Sneak|p2a: Pelipper\n|-damage|p2a: Pelipper|39/100\n|-enditem|p2a: Pelipper|Sitrus Berry|[eat]\n|-heal|p2a: Pelipper|63/100|[from] item: Sitrus Berry\n|move|p2b: Archaludon|Dragon Pulse|p1b: Garchomp\n|-supereffective|p1b: Garchomp|1\n|-damage|p1b: Garchomp|0 fnt\n|faint|p1b: Garchomp\n|move|p2a: Pelipper|Weather Ball|p1a: Mimikyu\n|-damage|p1a: Mimikyu|0 fnt\n|faint|p1a: Mimikyu\n|\n|-weather|RainDance|[upkeep]\n|upkeep\n|\n|t:|1788375571\n|switch|p1b: Sneasler|Sneasler, L50, M|1/100\n|switch|p1a: Dragonite|Dragonite-Mega, L50, F|56/100\n|turn|6\n|\n|t:|1788375593\n|switch|p2a: Grimmsnarl|Grimmsnarl, L50, M, shiny|31/100\n|move|p2b: Archaludon|Protect|p2b: Archaludon\n|-singleturn|p2b: Archaludon|Protect\n|move|p1a: Dragonite|Protect|p1a: Dragonite\n|-singleturn|p1a: Dragonite|Protect\n|move|p1b: Sneasler|Fake Out|p2a: Grimmsnarl\n|-damage|p2a: Grimmsnarl|21/100\n|\n|-weather|RainDance|[upkeep]\n|upkeep\n|turn|7\n|\n|t:|1788375611\n|move|p2a: Grimmsnarl|Light Screen|p2a: Grimmsnarl\n|-sidestart|p2: jaredshane|move: Light Screen\n|move|p2b: Archaludon|Dragon Pulse|p1a: Dragonite\n|-supereffective|p1a: Dragonite|1\n|-damage|p1a: Dragonite|0 fnt\n|faint|p1a: Dragonite\n|move|p1b: Sneasler|Close Combat|p2b: Archaludon\n|-supereffective|p2b: Archaludon|1\n|-damage|p2b: Archaludon|36/100\n|-unboost|p1b: Sneasler|def|1\n|-unboost|p1b: Sneasler|spd|1\n|-ability|p2b: Archaludon|Stamina|boost\n|-boost|p2b: Archaludon|def|1\n|\n|-weather|none\n|-heal|p2b: Archaludon|42/100|[from] item: Leftovers\n|-sideend|p2: jaredshane|move: Tailwind\n|upkeep\n|turn|8\n|-message|repeat33 forfeited.\n|\n|win|jaredshane\n|raw|repeat33's rating: 1367 &rarr; <strong>1350</strong><br />(-17 for losing)\n|raw|jaredshane's rating: 1425 &rarr; <strong>1442</strong><br />(+17 for winning)\n","uploadtime":1788375611,"views":"1","formatid":"gen9championsvgc2026regmb","rating":1350,"private":0,"password":null}