{"id":"gen9championsvgc2026regmbbo3-2673816700","format":"[Gen 9 Champions] VGC 2026 Reg M-B (Bo3)","players":["Javichicaino","Jorge Saltamontes"],"log":"|j|☆Javichicaino\n|j|☆Jorge Saltamontes\n|html|<table width=\"100%\"><tr><td align=\"left\">Javichicaino</td><td align=\"right\">Jorge Saltamontes</tr><tr><td align=\"left\"><i class=\"fa fa-circle-o\"></i> <i class=\"fa fa-circle-o\"></i> </td><td align=\"right\"><i class=\"fa fa-circle-o\"></i> <i class=\"fa fa-circle-o\"></i> </tr></table>\n|uhtml|bestof|<h2><strong>Game 1</strong> of <a href=\"/game-bestof3-gen9championsvgc2026regmbbo3-2673816698\">a best-of-3</a></h2>\n|t:|1788262761\n|gametype|doubles\n|player|p1|Javichicaino|102|1271\n|player|p2|Jorge Saltamontes|marshal|1421\n|gen|9\n|tier|[Gen 9 Champions] VGC 2026 Reg M-B (Bo3)\n|rated|\n|rule|Species Clause: Limit one of each Pokémon\n|rule|Item Clause: Limit 1 of each item\n|clearpoke\n|poke|p1|Charizard, L50, M|\n|poke|p1|Swampert, L50, M|\n|poke|p1|Venusaur, L50, F|\n|poke|p1|Pelipper, L50, F|\n|poke|p1|Archaludon, L50, M|\n|poke|p1|Grimmsnarl, L50, M|\n|poke|p2|Charizard, L50, F|\n|poke|p2|Sylveon, L50, F|\n|poke|p2|Garchomp, L50, M|\n|poke|p2|Venusaur, L50, F|\n|poke|p2|Incineroar, L50, F|\n|poke|p2|Toxapex, L50, F|\n|teampreview|4\n|showteam|p1|Charizard||CharizarditeY|Blaze|HeatWave,WeatherBall,SolarBeam,Protect|Modest||M|||50|]Swampert||Swampertite|Torrent|WaveCrash,Earthquake,IcePunch,Protect|Adamant||M|||50|]Venusaur||LifeOrb|Chlorophyll|SludgeBomb,EarthPower,SleepPowder,Protect|Modest||F|||50|]Pelipper||SitrusBerry|Drizzle|Tailwind,WeatherBall,Hurricane,WideGuard|Modest||F|||50|]Archaludon||Leftovers|Stamina|ElectroShot,DragonPulse,FlashCannon,Protect|Modest||M|||50|]Grimmsnarl||LightClay|Prankster|Reflect,LightScreen,PartingShot,SpiritBreak|Careful||M|||50|\n|showteam|p2|Charizard||CharizarditeY|Blaze|WeatherBall,HeatWave,AncientPower,Protect|Modest||F|||50|]Sylveon||FairyFeather|Pixilate|HyperVoice,QuickAttack,Yawn,Detect|Modest||F|||50|]Garchomp||ChoiceScarf|RoughSkin|RockSlide,DragonClaw,Earthquake,StompingTantrum|Adamant||M|||50|]Venusaur||LifeOrb|Chlorophyll|SludgeBomb,LeafStorm,EarthPower,Protect|Modest||F|||50|]Incineroar||SitrusBerry|Intimidate|FlareBlitz,FakeOut,DarkestLariat,PartingShot|Impish||F|||50|]Toxapex||Leftovers|Regenerator|Infestation,Toxic,WideGuard,BanefulBunker|Bold||F|||50|\n|\n|t:|1788262800\n|teamsize|p1|4\n|teamsize|p2|4\n|start\n|switch|p1a: Grimmsnarl|Grimmsnarl, L50, M|100/100\n|switch|p1b: Swampert|Swampert, L50, M|100/100\n|switch|p2a: Incineroar|Incineroar, L50, F|100/100\n|switch|p2b: Toxapex|Toxapex, L50, F|100/100\n|-ability|p2a: Incineroar|Intimidate|boost\n|-unboost|p1a: Grimmsnarl|atk|1\n|-unboost|p1b: Swampert|atk|1\n|turn|1\n|\n|t:|1788262825\n|switch|p1b: Archaludon|Archaludon, L50, M|100/100\n|move|p2a: Incineroar|Fake Out|p1b: Archaludon\n|-resisted|p1b: Archaludon|1\n|-damage|p1b: Archaludon|96/100\n|-ability|p1b: Archaludon|Stamina|boost\n|-boost|p1b: Archaludon|def|1\n|move|p1a: Grimmsnarl|Light Screen|p1a: Grimmsnarl\n|-sidestart|p1: Javichicaino|move: Light Screen\n|move|p2b: Toxapex|Infestation|p1a: Grimmsnarl\n|-damage|p1a: Grimmsnarl|98/100\n|-activate|p1a: Grimmsnarl|move: Infestation|[of] p2b: Toxapex\n|\n|-heal|p1b: Archaludon|100/100|[from] item: Leftovers\n|-damage|p1a: Grimmsnarl|85/100|[from] move: Infestation|[partiallytrapped]\n|upkeep\n|turn|2\n|\n|t:|1788262841\n|move|p1a: Grimmsnarl|Parting Shot|p2b: Toxapex\n|-unboost|p2b: Toxapex|atk|1\n|-unboost|p2b: Toxapex|spa|1\n|\n|t:|1788262846\n|switch|p1a: Swampert|Swampert, L50, M|100/100|[from] Parting Shot\n|move|p1b: Archaludon|Dragon Pulse|p2a: Incineroar\n|-damage|p2a: Incineroar|67/100\n|move|p2a: Incineroar|Parting Shot|p1b: Archaludon\n|-unboost|p1b: Archaludon|atk|1\n|-unboost|p1b: Archaludon|spa|1\n|\n|t:|1788262858\n|switch|p2a: Charizard|Charizard, L50, F|100/100|[from] Parting Shot\n|move|p2b: Toxapex|Infestation|p1b: Archaludon\n|-resisted|p1b: Archaludon|1\n|-damage|p1b: Archaludon|99/100\n|-activate|p1b: Archaludon|move: Infestation|[of] p2b: Toxapex\n|-ability|p1b: Archaludon|Stamina|boost\n|-boost|p1b: Archaludon|def|1\n|\n|-heal|p1b: Archaludon|100/100|[from] item: Leftovers\n|-damage|p1b: Archaludon|87/100|[from] move: Infestation|[partiallytrapped]\n|upkeep\n|turn|3\n|\n|t:|1788262870\n|detailschange|p1a: Swampert|Swampert-Mega, L50, M\n|-mega|p1a: Swampert|Swampert|Swampertite\n|move|p2a: Charizard|Protect|p2a: Charizard\n|-singleturn|p2a: Charizard|Protect\n|move|p1a: Swampert|Protect|p1a: Swampert\n|-singleturn|p1a: Swampert|Protect\n|move|p1b: Archaludon|Protect|p1b: Archaludon\n|-singleturn|p1b: Archaludon|Protect\n|move|p2b: Toxapex|Infestation|p1a: Swampert\n|-activate|p1a: Swampert|move: Protect\n|\n|-heal|p1b: Archaludon|93/100|[from] item: Leftovers\n|-damage|p1b: Archaludon|81/100|[from] move: Infestation|[partiallytrapped]\n|upkeep\n|turn|4\n|\n|t:|1788262890\n|switch|p1a: Grimmsnarl|Grimmsnarl, L50, M|85/100\n|detailschange|p2a: Charizard|Charizard-Mega-Y, L50, F\n|-mega|p2a: Charizard|Charizard|Charizardite Y\n|-weather|SunnyDay|[from] ability: Drought|[of] p2a: Charizard\n|move|p2a: Charizard|Heat Wave|p1b: Archaludon|[spread] p1a,p1b\n|-damage|p1a: Grimmsnarl|47/100\n|-damage|p1b: Archaludon|38/100\n|-ability|p1b: Archaludon|Stamina|boost\n|-boost|p1b: Archaludon|def|1\n|move|p1b: Archaludon|Dragon Pulse|p2a: Charizard\n|-damage|p2a: Charizard|76/100\n|move|p2b: Toxapex|Infestation|p1a: Grimmsnarl\n|-damage|p1a: Grimmsnarl|46/100\n|-activate|p1a: Grimmsnarl|move: Infestation|[of] p2b: Toxapex\n|\n|-weather|SunnyDay|[upkeep]\n|-heal|p1b: Archaludon|44/100|[from] item: Leftovers\n|-damage|p1b: Archaludon|31/100|[from] move: Infestation|[partiallytrapped]\n|-damage|p1a: Grimmsnarl|33/100|[from] move: Infestation|[partiallytrapped]\n|upkeep\n|turn|5\n|\n|t:|1788262911\n|move|p2a: Charizard|Protect|p2a: Charizard\n|-singleturn|p2a: Charizard|Protect\n|move|p2b: Toxapex|Baneful Bunker|p2b: Toxapex\n|-singleturn|p2b: Toxapex|move: Protect\n|move|p1a: Grimmsnarl|Parting Shot|p2a: Charizard\n|-activate|p2a: Charizard|move: Protect\n|move|p1b: Archaludon|Electro Shot||[still]\n|-prepare|p1b: Archaludon|Electro Shot\n|-boost|p1b: Archaludon|spa|1\n|\n|-weather|SunnyDay|[upkeep]\n|-heal|p1b: Archaludon|38/100|[from] item: Leftovers\n|-damage|p1b: Archaludon|25/100|[from] move: Infestation|[partiallytrapped]\n|-damage|p1a: Grimmsnarl|21/100|[from] move: Infestation|[partiallytrapped]\n|upkeep\n|turn|6\n|\n|t:|1788262925\n|switch|p2b: Incineroar|Incineroar, L50, F|67/100\n|-ability|p2b: Incineroar|Intimidate|boost\n|-unboost|p1a: Grimmsnarl|atk|1\n|-unboost|p1b: Archaludon|atk|1\n|move|p1a: Grimmsnarl|Parting Shot|p2a: Charizard\n|-unboost|p2a: Charizard|atk|1\n|-unboost|p2a: Charizard|spa|1\n|\n|t:|1788262932\n|switch|p1a: Pelipper|Pelipper, L50, F|100/100|[from] Parting Shot\n|-weather|RainDance|[from] ability: Drizzle|[of] p1a: Pelipper\n|move|p2a: Charizard|Heat Wave|p1b: Archaludon|[spread] p1a,p1b\n|-resisted|p1a: Pelipper|1\n|-crit|p1b: Archaludon\n|-damage|p1a: Pelipper|94/100\n|-damage|p1b: Archaludon|0 fnt\n|faint|p1b: Archaludon\n|\n|-weather|RainDance|[upkeep]\n|upkeep\n|\n|t:|1788262942\n|switch|p1b: Swampert|Swampert-Mega, L50, M|100/100\n|turn|7\n|\n|t:|1788262957\n|switch|p2a: Toxapex|Toxapex, L50, F|100/100\n|move|p2b: Incineroar|Fake Out|p1b: Swampert\n|-damage|p1b: Swampert|90/100\n|cant|p1b: Swampert|flinch\n|move|p1a: Pelipper|Hurricane|p2b: Incineroar\n|-damage|p2b: Incineroar|29/100\n|-start|p2b: Incineroar|confusion\n|-enditem|p2b: Incineroar|Sitrus Berry|[eat]\n|-heal|p2b: Incineroar|54/100|[from] item: Sitrus Berry\n|\n|-weather|RainDance|[upkeep]\n|upkeep\n|turn|8\n|\n|t:|1788262982\n|switch|p1a: Grimmsnarl|Grimmsnarl, L50, M|21/100\n|switch|p2b: Charizard|Charizard-Mega-Y, L50, F|76/100\n|-weather|SunnyDay|[from] ability: Drought|[of] p2b: Charizard\n|move|p1b: Swampert|Earthquake|p2b: Charizard|[spread] p1a,p2a\n|-immune|p2b: Charizard\n|-supereffective|p2a: Toxapex|1\n|-damage|p1a: Grimmsnarl|0 fnt\n|-damage|p2a: Toxapex|37/100\n|faint|p1a: Grimmsnarl\n|move|p2a: Toxapex|Infestation|p1b: Swampert\n|-damage|p1b: Swampert|89/100\n|-activate|p1b: Swampert|move: Infestation|[of] p2a: Toxapex\n|\n|-weather|SunnyDay|[upkeep]\n|-heal|p2a: Toxapex|43/100|[from] item: Leftovers\n|-damage|p1b: Swampert|77/100|[from] move: Infestation|[partiallytrapped]\n|-sideend|p1: Javichicaino|move: Light Screen\n|upkeep\n|\n|t:|1788262996\n|switch|p1a: Pelipper|Pelipper, L50, F|94/100\n|-weather|RainDance|[from] ability: Drizzle|[of] p1a: Pelipper\n|turn|9\n|\n|t:|1788263008\n|switch|p2b: Incineroar|Incineroar, L50, F|54/100\n|-ability|p2b: Incineroar|Intimidate|boost\n|-unboost|p1a: Pelipper|atk|1\n|-unboost|p1b: Swampert|atk|1\n|move|p2a: Toxapex|Baneful Bunker|p2a: Toxapex\n|-singleturn|p2a: Toxapex|move: Protect\n|move|p1b: Swampert|Earthquake|p2a: Toxapex|[spread] p2b\n|-activate|p2a: Toxapex|move: Protect\n|-immune|p1a: Pelipper\n|-supereffective|p2b: Incineroar|1\n|-damage|p2b: Incineroar|12/100\n|move|p1a: Pelipper|Weather Ball|p2b: Incineroar\n|-supereffective|p2b: Incineroar|1\n|-damage|p2b: Incineroar|0 fnt\n|faint|p2b: Incineroar\n|\n|-weather|RainDance|[upkeep]\n|-heal|p2a: Toxapex|49/100|[from] item: Leftovers\n|-damage|p1b: Swampert|64/100|[from] move: Infestation|[partiallytrapped]\n|upkeep\n|\n|t:|1788263029\n|switch|p2b: Charizard|Charizard-Mega-Y, L50, F|76/100\n|-weather|SunnyDay|[from] ability: Drought|[of] p2b: Charizard\n|turn|10\n|\n|t:|1788263042\n|-heal|p2a: Toxapex|82/100|[from] ability: Regenerator|[silent]\n|switch|p2a: Venusaur|Venusaur, L50, F|100/100\n|move|p2b: Charizard|Weather Ball|p1b: Swampert\n|-resisted|p1b: Swampert|1\n|-damage|p1b: Swampert|24/100\n|move|p1b: Swampert|Wave Crash|p2b: Charizard\n|-supereffective|p2b: Charizard|1\n|-damage|p2b: Charizard|29/100\n|-damage|p1b: Swampert|10/100|[from] Recoil\n|move|p1a: Pelipper|Tailwind|p1a: Pelipper\n|-sidestart|p1: Javichicaino|move: Tailwind\n|\n|-weather|SunnyDay|[upkeep]\n|-end|p1b: Swampert|Infestation|[partiallytrapped]|[silent]\n|upkeep\n|turn|11\n|\n|t:|1788263072\n|switch|p2b: Toxapex|Toxapex, L50, F|82/100\n|move|p1b: Swampert|Protect|p1b: Swampert\n|-singleturn|p1b: Swampert|Protect\n|move|p2a: Venusaur|Earth Power|p1b: Swampert\n|-activate|p1b: Swampert|move: Protect\n|move|p1a: Pelipper|Hurricane|p2a: Venusaur\n|-supereffective|p2a: Venusaur|1\n|-damage|p2a: Venusaur|1/100\n|-start|p2a: Venusaur|confusion\n|\n|-weather|SunnyDay|[upkeep]\n|-heal|p2b: Toxapex|87/100|[from] item: Leftovers\n|upkeep\n|turn|12\n|\n|t:|1788263094\n|-activate|p2a: Venusaur|confusion\n|move|p2a: Venusaur|Earth Power|p1b: Swampert\n|-damage|p1b: Swampert|0 fnt\n|faint|p1b: Swampert\n|-damage|p2a: Venusaur|0 fnt|[from] item: Life Orb\n|faint|p2a: Venusaur\n|move|p1a: Pelipper|Hurricane|p2b: Toxapex|[miss]\n|-miss|p1a: Pelipper|p2b: Toxapex\n|move|p2b: Toxapex|Infestation|p1a: Pelipper\n|-resisted|p1a: Pelipper|1\n|-damage|p1a: Pelipper|92/100\n|-activate|p1a: Pelipper|move: Infestation|[of] p2b: Toxapex\n|\n|-weather|SunnyDay|[upkeep]\n|-heal|p2b: Toxapex|93/100|[from] item: Leftovers\n|-damage|p1a: Pelipper|80/100|[from] move: Infestation|[partiallytrapped]\n|upkeep\n|\n|t:|1788263107\n|switch|p2a: Charizard|Charizard-Mega-Y, L50, F|29/100\n|turn|13\n|\n|t:|1788263111\n|move|p2a: Charizard|Protect|p2a: Charizard\n|-singleturn|p2a: Charizard|Protect\n|move|p1a: Pelipper|Wide Guard|p1a: Pelipper\n|-singleturn|p1a: Pelipper|Wide Guard\n|move|p2b: Toxapex|Toxic|p1a: Pelipper\n|-status|p1a: Pelipper|tox\n|\n|-weather|SunnyDay|[upkeep]\n|-heal|p2b: Toxapex|99/100|[from] item: Leftovers\n|-damage|p1a: Pelipper|74/100 tox|[from] psn\n|-damage|p1a: Pelipper|62/100 tox|[from] move: Infestation|[partiallytrapped]\n|-sideend|p1: Javichicaino|move: Tailwind\n|upkeep\n|turn|14\n|-message|Javichicaino forfeited.\n|\n|win|Jorge Saltamontes\n|l|☆Javichicaino\n|player|p1|\n||Jorge Saltamontes is ready for game 2.\n||Javichicaino is ready for game 2.\n|uhtml|next|Next: <a href=\"/battle-gen9championsvgc2026regmbbo3-2673818717\"><strong>Game 2 of 3</strong></a>\n","uploadtime":1788262764,"views":"1","formatid":"gen9championsvgc2026regmbbo3","rating":null,"private":0,"password":null}