{"id":"gen9championsvgc2026regmb-2674258147","format":"[Gen 9 Champions] VGC 2026 Reg M-B","players":["UtterlyIncapable","victor219"],"log":"|j|☆UtterlyIncapable\n|j|☆victor219\n|t:|1788325101\n|gametype|doubles\n|player|p1|UtterlyIncapable|firebreather|1579\n|player|p2|victor219|2|1479\n|gen|9\n|tier|[Gen 9 Champions] VGC 2026 Reg M-B\n|rated|\n|rule|Species Clause: Limit one of each Pokémon\n|rule|Item Clause: Limit 1 of each item\n|clearpoke\n|poke|p1|Sableye, L50, F|\n|poke|p1|Tsareena, L50, F, shiny|\n|poke|p1|Pelipper, L50, M|\n|poke|p1|Basculegion, L50, M|\n|poke|p1|Raichu, L50, M|\n|poke|p1|Qwilfish, L50, M, shiny|\n|poke|p2|Blaziken, L50, F|\n|poke|p2|Alcremie, L50, F|\n|poke|p2|Sylveon, L50, M|\n|poke|p2|Dragapult, L50, F|\n|poke|p2|Kingambit, L50, M|\n|poke|p2|Sinistcha, L50|\n|teampreview|4\n|inactive|Battle timer is ON: inactive players will automatically lose when time's up. (requested by UtterlyIncapable)\n|\n|t:|1788325128\n|teamsize|p1|4\n|teamsize|p2|4\n|start\n|switch|p1a: John Rod|Raichu, L50, M|100/100\n|switch|p1b: super bathbomb|Qwilfish, L50, M, shiny|100/100\n|switch|p2a: Dragapult|Dragapult, L50, F|100/100\n|switch|p2b: Sylveon|Sylveon, L50, M|100/100\n|turn|1\n|\n|t:|1788325144\n|move|p2b: Sylveon|Detect|p2b: Sylveon\n|-singleturn|p2b: Sylveon|Protect\n|move|p1a: John Rod|Fake Out|p2b: Sylveon\n|-activate|p2b: Sylveon|move: Protect\n|move|p2a: Dragapult|Dragon Darts|p1a: John Rod\n|-damage|p1a: John Rod|65/100\n|-anim|p2a: Dragapult|Dragon Darts|p1b: super bathbomb\n|-damage|p1b: super bathbomb|62/100\n|move|p1b: super bathbomb|Swords Dance|p1b: super bathbomb\n|-boost|p1b: super bathbomb|atk|2\n|\n|upkeep\n|turn|2\n|inactive|victor219 has 30 seconds left.\n|inactive|victor219 has 20 seconds left.\n|\n|t:|1788325181\n|detailschange|p1a: John Rod|Raichu-Mega-Y, L50, M\n|-mega|p1a: John Rod|Raichu|Raichunite Y\n|move|p2a: Dragapult|Dragon Darts|p1a: John Rod\n|-damage|p1a: John Rod|30/100\n|-anim|p2a: Dragapult|Dragon Darts|p1b: super bathbomb\n|-damage|p1b: super bathbomb|23/100\n|move|p1a: John Rod|Zap Cannon|p2a: Dragapult\n|-resisted|p2a: Dragapult|1\n|-damage|p2a: Dragapult|59/100\n|-status|p2a: Dragapult|par\n|move|p1b: super bathbomb|Liquidation|p2b: Sylveon\n|-damage|p2b: Sylveon|0 fnt\n|faint|p2b: Sylveon\n|-damage|p1b: super bathbomb|13/100|[from] item: Life Orb\n|\n|upkeep\n|inactive|victor219 has 30 seconds left.\n|\n|t:|1788325212\n|switch|p2b: Blaziken|Blaziken, L50, F|100/100\n|turn|3\n|\n|t:|1788325229\n|move|p2b: Blaziken|Detect|p2b: Blaziken\n|-singleturn|p2b: Blaziken|Protect\n|move|p1a: John Rod|Zap Cannon|p2b: Blaziken\n|-activate|p2b: Blaziken|move: Protect\n|move|p1b: super bathbomb|Liquidation|p2a: Dragapult\n|-resisted|p2a: Dragapult|1\n|-damage|p2a: Dragapult|0 fnt\n|faint|p2a: Dragapult\n|-damage|p1b: super bathbomb|4/100|[from] item: Life Orb\n|\n|-ability|p2b: Blaziken|Speed Boost|boost\n|-boost|p2b: Blaziken|spe|1\n|upkeep\n|\n|t:|1788325242\n|switch|p2a: Kingambit|Kingambit, L50, M|100/100\n|turn|4\n|inactive|victor219 has 30 seconds left.\n|\n|t:|1788325268\n|switch|p1a: toilet man|Pelipper, L50, M|100/100\n|-weather|RainDance|[from] ability: Drizzle|[of] p1a: toilet man\n|detailschange|p2b: Blaziken|Blaziken-Mega, L50, F\n|-mega|p2b: Blaziken|Blaziken|Blazikenite\n|move|p1b: super bathbomb|Liquidation|p2b: Blaziken\n|-supereffective|p2b: Blaziken|1\n|-damage|p2b: Blaziken|0 fnt\n|faint|p2b: Blaziken\n|-damage|p1b: super bathbomb|0 fnt|[from] item: Life Orb\n|faint|p1b: super bathbomb\n|move|p2a: Kingambit|Swords Dance|p2a: Kingambit\n|-boost|p2a: Kingambit|atk|2\n|\n|-weather|RainDance|[upkeep]\n|upkeep\n|\n|t:|1788325277\n|switch|p1b: John Rod|Raichu-Mega-Y, L50, M|30/100\n|turn|5\n|\n|t:|1788325288\n|move|p2a: Kingambit|Protect|p2a: Kingambit\n|-singleturn|p2a: Kingambit|Protect\n|move|p1b: John Rod|Fake Out|p2a: Kingambit\n|-activate|p2a: Kingambit|move: Protect\n|move|p1a: toilet man|Muddy Water|p2a: Kingambit\n|-activate|p2a: Kingambit|move: Protect\n|\n|-weather|RainDance|[upkeep]\n|upkeep\n|turn|6\n|\n|t:|1788325300\n|switch|p1a: fishnets where|Tsareena, L50, F, shiny|100/100\n|move|p2a: Kingambit|Sucker Punch||[still]\n|cant|p1a: fishnets where|ability: Queenly Majesty|Sucker Punch|[of] p2a: Kingambit\n|move|p1b: John Rod|Focus Blast|p2a: Kingambit\n|-supereffective|p2a: Kingambit|2\n|-damage|p2a: Kingambit|0 fnt\n|faint|p2a: Kingambit\n|\n|win|UtterlyIncapable\n|raw|UtterlyIncapable's rating: 1579 &rarr; <strong>1593</strong><br />(+14 for winning)\n|raw|victor219's rating: 1479 &rarr; <strong>1465</strong><br />(-14 for losing)\n|l|☆victor219\n|player|p2|\n","uploadtime":1788325315,"views":"4","formatid":"gen9championsvgc2026regmb","rating":1465,"private":0,"password":null}