{"id":"gen9championsvgc2026regmbbo3-2675005430","format":"[Gen 9 Champions] VGC 2026 Reg M-B (Bo3)","players":["chocapicorascapico","okkia3"],"log":"|j|☆chocapicorascapico\n|j|☆okkia3\n|html|<table width=\"100%\"><tr><td align=\"left\">chocapicorascapico</td><td align=\"right\">okkia3</tr><tr><td align=\"left\"><i class=\"fa fa-circle\"></i> <i class=\"fa fa-circle-o\"></i> </td><td align=\"right\"><i class=\"fa fa-circle-o\"></i> <i class=\"fa fa-circle\"></i> </tr></table>\n|uhtml|bestof|<h2><strong>Game 3</strong> of <a href=\"/game-bestof3-gen9championsvgc2026regmbbo3-2675002919\">a best-of-3</a></h2>\n|t:|1788447779\n|gametype|doubles\n|player|p1|chocapicorascapico|benga|1075\n|player|p2|okkia3|102|1131\n|gen|9\n|tier|[Gen 9 Champions] VGC 2026 Reg M-B (Bo3)\n|rated|\n|rule|Species Clause: Limit one of each Pokémon\n|rule|Item Clause: Limit 1 of each item\n|clearpoke\n|poke|p1|Swampert, L50, F|\n|poke|p1|Farigiraf, L50, F|\n|poke|p1|Incineroar, L50, F|\n|poke|p1|Pelipper, L50, M|\n|poke|p1|Hatterene, L50, F|\n|poke|p1|Hydrapple, L50, F|\n|poke|p2|Charizard, L50, F|\n|poke|p2|Whimsicott, L50, M|\n|poke|p2|Basculegion, L50, M|\n|poke|p2|Farigiraf, L50, M|\n|poke|p2|Kangaskhan, L50, F|\n|poke|p2|Sneasler, L50, M|\n|teampreview|4\n|showteam|p1|Swampert||Swampertite|Torrent|Earthquake,Waterfall,PoisonJab,BulkUp|Brave||F|||50|]Farigiraf||MentalHerb|ArmorTail|TrickRoom,AllySwitch,HyperVoice,Protect|Sassy||F|||50|]Incineroar||Leftovers|Intimidate|FakeOut,PartingShot,FlareBlitz,LashOut|Relaxed||F|||50|]Pelipper||SharpBeak|Drizzle|Hurricane,KnockOff,Roost,Protect|Sassy||M|||50|]Hatterene||WiseGlasses|MagicBounce|TrickRoom,MysticalFire,Protect,HealPulse|Sassy||F|||50|]Hydrapple||LifeOrb|Regenerator|EnergyBall,NastyPlot,FickleBeam,Protect|Quiet||F|||50|\n|showteam|p2|Charizard||CharizarditeY|SolarPower|WeatherBall,HeatWave,SolarBeam,Protect|Timid||F|||50|]Whimsicott||FocusSash|Prankster|Moonblast,Tailwind,SunnyDay,Encore|Timid||M|||50|]Basculegion||ChoiceScarf|Adaptability|WaveCrash,AquaJet,LastRespects,FlipTurn|Adamant||M|||50|]Farigiraf||SitrusBerry|ArmorTail|Psychic,HyperVoice,HelpingHand,TrickRoom|Modest||M|||50|]Kangaskhan||Kangaskhanite|Scrappy|FakeOut,DoubleEdge,DrainPunch,SuckerPunch|Adamant||F|||50|]Sneasler||WhiteHerb|Unburden|FakeOut,CloseCombat,DireClaw,RockTomb|Adamant||M|||50|\n|inactive|Battle timer is ON: inactive players will automatically lose when time's up. (requested by okkia3)\n|\n|t:|1788447803\n|teamsize|p1|4\n|teamsize|p2|4\n|start\n|switch|p1a: Swampert|Swampert, L50, F|100/100\n|switch|p1b: Hydrapple|Hydrapple, L50, F|100/100\n|switch|p2a: Basculegion|Basculegion, L50, M|100/100\n|switch|p2b: Farigiraf|Farigiraf, L50, M|100/100\n|turn|1\n|\n|t:|1788447822\n|switch|p2a: Kangaskhan|Kangaskhan, L50, F|100/100\n|detailschange|p1a: Swampert|Swampert-Mega, L50, F\n|-mega|p1a: Swampert|Swampert|Swampertite\n|move|p2b: Farigiraf|Hyper Voice|p1b: Hydrapple|[spread] p1a,p1b\n|-damage|p1a: Swampert|75/100\n|-damage|p1b: Hydrapple|70/100\n|move|p1a: Swampert|Bulk Up|p1a: Swampert\n|-boost|p1a: Swampert|atk|1\n|-boost|p1a: Swampert|def|1\n|move|p1b: Hydrapple|Nasty Plot|p1b: Hydrapple\n|-boost|p1b: Hydrapple|spa|2\n|\n|upkeep\n|turn|2\n|\n|t:|1788447843\n|switch|p2b: Sneasler|Sneasler, L50, M|100/100\n|-heal|p1b: Hydrapple|100/100|[from] ability: Regenerator|[silent]\n|switch|p1b: Hatterene|Hatterene, L50, F|100/100\n|detailschange|p2a: Kangaskhan|Kangaskhan-Mega, L50, F\n|-mega|p2a: Kangaskhan|Kangaskhan|Kangaskhanite\n|move|p2a: Kangaskhan|Fake Out|p1b: Hatterene\n|-damage|p1b: Hatterene|77/100\n|-damage|p1b: Hatterene|71/100\n|-hitcount|p1b: Hatterene|2\n|move|p1a: Swampert|Waterfall|p2a: Kangaskhan\n|-damage|p2a: Kangaskhan|26/100\n|\n|upkeep\n|turn|3\n|\n|t:|1788447857\n|move|p1b: Hatterene|Protect|p1b: Hatterene\n|-singleturn|p1b: Hatterene|Protect\n|move|p2b: Sneasler|Dire Claw|p1b: Hatterene\n|-activate|p1b: Hatterene|move: Protect\n|move|p2a: Kangaskhan|Double-Edge|p1b: Hatterene\n|-activate|p1b: Hatterene|move: Protect\n|move|p1a: Swampert|Earthquake|p2a: Kangaskhan|[spread] p2a,p2b\n|-activate|p1b: Hatterene|move: Protect\n|-supereffective|p2b: Sneasler|1\n|-damage|p2a: Kangaskhan|0 fnt\n|-damage|p2b: Sneasler|0 fnt\n|faint|p2a: Kangaskhan\n|faint|p2b: Sneasler\n|\n|upkeep\n|\n|t:|1788447857\n|switch|p2b: Farigiraf|Farigiraf, L50, M|100/100\n|switch|p2a: Basculegion|Basculegion, L50, M|100/100\n|turn|4\n|\n|t:|1788447873\n|move|p2a: Basculegion|Last Respects|p1b: Hatterene\n|-supereffective|p1b: Hatterene|1\n|-damage|p1b: Hatterene|0 fnt\n|faint|p1b: Hatterene\n|move|p2b: Farigiraf|Psychic|p1a: Swampert\n|-damage|p1a: Swampert|43/100\n|move|p1a: Swampert|Poison Jab|p2b: Farigiraf\n|-damage|p2b: Farigiraf|46/100\n|-enditem|p2b: Farigiraf|Sitrus Berry|[eat]\n|-heal|p2b: Farigiraf|71/100|[from] item: Sitrus Berry\n|\n|upkeep\n|\n|t:|1788447881\n|switch|p1b: Farigiraf|Farigiraf, L50, F|100/100\n|turn|5\n|\n|t:|1788447887\n|move|p1b: Farigiraf|Protect|p1b: Farigiraf\n|-singleturn|p1b: Farigiraf|Protect\n|move|p2a: Basculegion|Last Respects|p1a: Swampert\n|-damage|p1a: Swampert|0 fnt\n|faint|p1a: Swampert\n|move|p2b: Farigiraf|Hyper Voice|p1b: Farigiraf\n|-activate|p1b: Farigiraf|move: Protect\n|\n|upkeep\n|\n|t:|1788447893\n|switch|p1a: Hydrapple|Hydrapple, L50, F|100/100\n|turn|6\n|\n|t:|1788447897\n|move|p2a: Basculegion|Last Respects|p1a: Hydrapple\n|-damage|p1a: Hydrapple|20/100y\n|move|p2b: Farigiraf|Hyper Voice|p1b: Farigiraf|[spread] p1a,p1b\n|-damage|p1a: Hydrapple|0 fnt\n|-damage|p1b: Farigiraf|77/100\n|faint|p1a: Hydrapple\n|move|p1b: Farigiraf|Trick Room|p1b: Farigiraf\n|-fieldstart|move: Trick Room|[of] p1b: Farigiraf\n|\n|upkeep\n|turn|7\n|\n|t:|1788447902\n|move|p1b: Farigiraf|Hyper Voice|p2b: Farigiraf|[spread] p2b\n|-immune|p2a: Basculegion\n|-damage|p2b: Farigiraf|46/100\n|move|p2b: Farigiraf|Hyper Voice|p1b: Farigiraf\n|-damage|p1b: Farigiraf|47/100\n|move|p2a: Basculegion|Last Respects|p1b: Farigiraf\n|-immune|p1b: Farigiraf\n|\n|upkeep\n|turn|8\n|\n|t:|1788447915\n|move|p1b: Farigiraf|Hyper Voice|p2a: Basculegion|[spread] p2b\n|-immune|p2a: Basculegion\n|-damage|p2b: Farigiraf|22/100\n|move|p2b: Farigiraf|Hyper Voice|p1b: Farigiraf\n|-damage|p1b: Farigiraf|14/100\n|move|p2a: Basculegion|Last Respects|p1b: Farigiraf\n|-immune|p1b: Farigiraf\n|\n|upkeep\n|turn|9\n|\n|t:|1788447920\n|move|p1b: Farigiraf|Hyper Voice|p2a: Basculegion|[spread] p2b\n|-immune|p2a: Basculegion\n|-damage|p2b: Farigiraf|0 fnt\n|faint|p2b: Farigiraf\n|move|p2a: Basculegion|Last Respects|p1b: Farigiraf\n|-immune|p1b: Farigiraf\n|\n|upkeep\n|turn|10\n|c|☆chocapicorascapico|welp\n|\n|t:|1788447930\n|move|p1b: Farigiraf|Hyper Voice|p2a: Basculegion\n|-immune|p2a: Basculegion\n|move|p2a: Basculegion|Last Respects|p1b: Farigiraf\n|-immune|p1b: Farigiraf\n|\n|-fieldend|move: Trick Room\n|upkeep\n|turn|11\n|c|☆chocapicorascapico|jajaja\n|\n|t:|1788447940\n|move|p2a: Basculegion|Last Respects|p1b: Farigiraf\n|-immune|p1b: Farigiraf\n|move|p1b: Farigiraf|Hyper Voice|p2a: Basculegion\n|-immune|p2a: Basculegion\n|\n|upkeep\n|turn|12\n|\n|t:|1788447956\n|move|p2a: Basculegion|Last Respects|p1b: Farigiraf\n|-immune|p1b: Farigiraf\n|move|p1b: Farigiraf|Hyper Voice|p2a: Basculegion\n|-immune|p2a: Basculegion\n|\n|upkeep\n|turn|13\n|\n|t:|1788447969\n|move|p2a: Basculegion|Last Respects|p1b: Farigiraf\n|-immune|p1b: Farigiraf\n|move|p1b: Farigiraf|Hyper Voice|p2a: Basculegion\n|-immune|p2a: Basculegion\n|\n|upkeep\n|turn|14\n|\n|t:|1788447979\n|move|p2a: Basculegion|Last Respects|p1b: Farigiraf\n|-immune|p1b: Farigiraf\n|move|p1b: Farigiraf|Hyper Voice|p2a: Basculegion\n|-immune|p2a: Basculegion\n|\n|upkeep\n|turn|15\n|\n|t:|1788447981\n|move|p2a: Basculegion|Last Respects|p1b: Farigiraf\n|-immune|p1b: Farigiraf\n|move|p1b: Farigiraf|Hyper Voice|p2a: Basculegion\n|-immune|p2a: Basculegion\n|\n|upkeep\n|turn|16\n|\n|t:|1788447984\n|move|p1b: Farigiraf|Protect|p1b: Farigiraf\n|-singleturn|p1b: Farigiraf|Protect\n|-activate|p2a: Basculegion|move: Struggle\n|move|p2a: Basculegion|Struggle|p1b: Farigiraf\n|-activate|p1b: Farigiraf|move: Protect\n|\n|upkeep\n|turn|17\n|\n|t:|1788447994\n|-activate|p2a: Basculegion|move: Struggle\n|move|p2a: Basculegion|Struggle|p1b: Farigiraf\n|-crit|p1b: Farigiraf\n|-damage|p1b: Farigiraf|0 fnt\n|faint|p1b: Farigiraf\n|-damage|p2a: Basculegion|74/100|[from] recoil\n|\n|win|okkia3\n|raw|chocapicorascapico's rating: 1075 &rarr; <strong>1057</strong><br />(-18 for losing)\n|raw|okkia3's rating: 1131 &rarr; <strong>1152</strong><br />(+21 for winning)\n","uploadtime":1788447994,"views":"1","formatid":"gen9championsvgc2026regmbbo3","rating":1057,"private":0,"password":null}