{"id":"gen9championsvgc2026regmbbo3-2674684154","format":"[Gen 9 Champions] VGC 2026 Reg M-B (Bo3)","players":["DINOLONK","MetaphorCrazyMonk"],"log":"|j|☆DINOLONK\n|j|☆MetaphorCrazyMonk\n|html|<table width=\"100%\"><tr><td align=\"left\">DINOLONK</td><td align=\"right\">MetaphorCrazyMonk</tr><tr><td align=\"left\"><i class=\"fa fa-circle-o\"></i> <i class=\"fa fa-circle-o\"></i> </td><td align=\"right\"><i class=\"fa fa-circle-o\"></i> <i class=\"fa fa-circle-o\"></i> </tr></table>\n|uhtml|bestof|<h2><strong>Game 1</strong> of <a href=\"/game-bestof3-gen9championsvgc2026regmbbo3-2674684153\">a best-of-3</a></h2>\n|t:|1788390100\n|gametype|doubles\n|player|p1|DINOLONK|parasollady-gen4|1389\n|player|p2|MetaphorCrazyMonk|expert-gen6|1467\n|gen|9\n|tier|[Gen 9 Champions] VGC 2026 Reg M-B (Bo3)\n|rated|\n|rule|Species Clause: Limit one of each Pokémon\n|rule|Item Clause: Limit 1 of each item\n|clearpoke\n|poke|p1|Dragonite, L50, M|\n|poke|p1|Sneasler, L50, M|\n|poke|p1|Kingambit, L50, F|\n|poke|p1|Basculegion, L50, M|\n|poke|p1|Whimsicott, L50, M|\n|poke|p1|Floette-Eternal, L50, F|\n|poke|p2|Delphox, L50, M|\n|poke|p2|Sinistcha, L50|\n|poke|p2|Incineroar, L50, M|\n|poke|p2|Blastoise, L50, M|\n|poke|p2|Kingambit, L50, M|\n|poke|p2|Sneasler, L50, M|\n|teampreview|4\n|showteam|p1|Dragonite||Dragoninite|InnerFocus|DragonPulse,HeatWave,Thunderbolt,Protect|Modest||M|||50|]Sneasler||WhiteHerb|Unburden|DireClaw,CloseCombat,RockSlide,FakeOut|Jolly||M|||50|]Kingambit||ChopleBerry|Defiant|KowtowCleave,SuckerPunch,LowKick,IronHead|Adamant||F|||50|]Basculegion||LifeOrb|Adaptability|WaveCrash,LastRespects,AquaJet,Protect|Adamant||M|||50|]Whimsicott||FocusSash|Prankster|Moonblast,Tailwind,Encore,Protect|Timid||M|||50|]Floette-Eternal||Floettite|FlowerVeil|Moonblast,DazzlingGleam,LightofRuin,Protect|Timid||F|||50|\n|showteam|p2|Delphox||Delphoxite|Blaze|HeatWave,Psyshock,NastyPlot,Protect|Timid||M|||50|]Sinistcha||ColburBerry|Hospitality|MatchaGotcha,RagePowder,Protect,TrickRoom|Bold|||||50|]Incineroar||SitrusBerry|Intimidate|FlareBlitz,PartingShot,FakeOut,HelpingHand|Impish||M|||50|]Blastoise||Blastoisinite|RainDish|WaterSpout,DarkPulse,ShellSmash,Protect|Modest||M|||50|]Kingambit||BlackGlasses|Defiant|KowtowCleave,SuckerPunch,SwordsDance,Protect|Adamant||M|||50|]Sneasler||FocusSash|Unburden|CloseCombat,DireClaw,FakeOut,QuickGuard|Jolly||M|||50|\n|inactive|Battle timer is ON: inactive players will automatically lose when time's up. (requested by DINOLONK)\n|inactive|DINOLONK has 60 seconds left.\n|inactive|MetaphorCrazyMonk has 60 seconds left.\n|inactive|MetaphorCrazyMonk has 30 seconds left.\n|\n|t:|1788390164\n|teamsize|p1|4\n|teamsize|p2|4\n|start\n|switch|p1a: Dragonite|Dragonite, L50, M|100/100\n|switch|p1b: Sneasler|Sneasler, L50, M|100/100\n|switch|p2a: Foxhound|Delphox, L50, M|100/100\n|switch|p2b: Il Conto?|Sinistcha, L50|100/100\n|turn|1\n|\n|t:|1788390179\n|detailschange|p2a: Foxhound|Delphox-Mega, L50, M\n|-mega|p2a: Foxhound|Delphox|Delphoxite\n|detailschange|p1a: Dragonite|Dragonite-Mega, L50, M\n|-mega|p1a: Dragonite|Dragonite|Dragoninite\n|move|p2a: Foxhound|Protect|p2a: Foxhound\n|-singleturn|p2a: Foxhound|Protect\n|move|p2b: Il Conto?|Protect|p2b: Il Conto?\n|-singleturn|p2b: Il Conto?|Protect\n|move|p1b: Sneasler|Fake Out|p2a: Foxhound\n|-activate|p2a: Foxhound|move: Protect\n|move|p1a: Dragonite|Heat Wave|p2b: Il Conto?|[spread] \n|-activate|p2a: Foxhound|move: Protect\n|-activate|p2b: Il Conto?|move: Protect\n|\n|upkeep\n|turn|2\n|\n|t:|1788390189\n|switch|p1b: Whimsicott|Whimsicott, L50, M|100/100\n|move|p2b: Il Conto?|Rage Powder|p2b: Il Conto?\n|-singleturn|p2b: Il Conto?|move: Rage Powder\n|move|p2a: Foxhound|Nasty Plot|p2a: Foxhound\n|-boost|p2a: Foxhound|spa|2\n|move|p1a: Dragonite|Heat Wave|p2b: Il Conto?|[spread] p2a,p2b\n|-resisted|p2a: Foxhound|1\n|-supereffective|p2b: Il Conto?|1\n|-damage|p2a: Foxhound|85/100\n|-damage|p2b: Il Conto?|46/100\n|\n|upkeep\n|turn|3\n|\n|t:|1788390195\n|switch|p2b: Vigile|Sneasler, L50, M|100/100\n|move|p2a: Foxhound|Protect|p2a: Foxhound\n|-singleturn|p2a: Foxhound|Protect\n|move|p1b: Whimsicott|Tailwind|p1b: Whimsicott\n|-sidestart|p1: DINOLONK|move: Tailwind\n|move|p1a: Dragonite|Heat Wave|p2a: Foxhound|[spread] p2b\n|-activate|p2a: Foxhound|move: Protect\n|-damage|p2b: Vigile|57/100\n|-status|p2b: Vigile|brn\n|\n|-damage|p2b: Vigile|52/100 brn|[from] brn\n|upkeep\n|turn|4\n|\n|t:|1788390211\n|move|p1b: Whimsicott|Protect|p1b: Whimsicott\n|-singleturn|p1b: Whimsicott|Protect\n|move|p2b: Vigile|Fake Out|p1b: Whimsicott\n|-activate|p1b: Whimsicott|move: Protect\n|move|p1a: Dragonite|Dragon Pulse|p2a: Foxhound\n|-damage|p2a: Foxhound|36/100\n|move|p2a: Foxhound|Heat Wave|p1b: Whimsicott|[spread] p1a\n|-activate|p1b: Whimsicott|move: Protect\n|-resisted|p1a: Dragonite|1\n|-damage|p1a: Dragonite|79/100\n|\n|-damage|p2b: Vigile|46/100 brn|[from] brn\n|upkeep\n|turn|5\n|\n|t:|1788390229\n|switch|p2b: Il Conto?|Sinistcha, L50|46/100\n|-heal|p2a: Foxhound|61/100|[from] ability: Hospitality|[of] p2b: Il Conto?\n|move|p1b: Whimsicott|Encore||[still]\n|-fail|p1b: Whimsicott\n|move|p1a: Dragonite|Dragon Pulse|p2a: Foxhound\n|-damage|p2a: Foxhound|6/100\n|move|p2a: Foxhound|Heat Wave|p1a: Dragonite|[spread] p1a,p1b\n|-resisted|p1a: Dragonite|1\n|-supereffective|p1b: Whimsicott|1\n|-damage|p1a: Dragonite|38/100\n|-enditem|p1b: Whimsicott|Focus Sash\n|-damage|p1b: Whimsicott|1/100\n|-status|p1b: Whimsicott|brn\n|\n|-damage|p1b: Whimsicott|0 fnt|[from] brn\n|faint|p1b: Whimsicott\n|upkeep\n|\n|t:|1788390233\n|switch|p1b: Sneasler|Sneasler, L50, M|100/100\n|turn|6\n|\n|t:|1788390250\n|switch|p1a: Basculegion|Basculegion, L50, M|100/100\n|move|p2a: Foxhound|Protect|p2a: Foxhound\n|-singleturn|p2a: Foxhound|Protect\n|move|p2b: Il Conto?|Protect|p2b: Il Conto?\n|-singleturn|p2b: Il Conto?|Protect\n|move|p1b: Sneasler|Rock Slide|p2b: Il Conto?|[spread] \n|-activate|p2a: Foxhound|move: Protect\n|-activate|p2b: Il Conto?|move: Protect\n|\n|-sideend|p1: DINOLONK|move: Tailwind\n|upkeep\n|turn|7\n|\n|t:|1788390263\n|move|p2b: Il Conto?|Rage Powder|p2b: Il Conto?\n|-singleturn|p2b: Il Conto?|move: Rage Powder\n|move|p2a: Foxhound|Heat Wave|p1a: Basculegion|[spread] p1a,p1b\n|-resisted|p1a: Basculegion|1\n|-damage|p1a: Basculegion|51/100\n|-damage|p1b: Sneasler|0 fnt\n|faint|p1b: Sneasler\n|move|p1a: Basculegion|Last Respects|p2b: Il Conto?\n|-supereffective|p2b: Il Conto?|1\n|-damage|p2b: Il Conto?|0 fnt\n|faint|p2b: Il Conto?\n|-damage|p1a: Basculegion|42/100|[from] item: Life Orb\n|\n|upkeep\n|\n|t:|1788390277\n|switch|p1b: Dragonite|Dragonite-Mega, L50, M|38/100\n|switch|p2b: Apache Kid|Kingambit, L50, M|100/100\n|turn|8\n|\n|t:|1788390287\n|move|p1a: Basculegion|Protect|p1a: Basculegion\n|-singleturn|p1a: Basculegion|Protect\n|move|p2b: Apache Kid|Sucker Punch|p1b: Dragonite\n|-damage|p1b: Dragonite|0 fnt\n|faint|p1b: Dragonite\n|move|p2a: Foxhound|Psyshock|p1a: Basculegion\n|-activate|p1a: Basculegion|move: Protect\n|\n|upkeep\n|turn|9\n|-message|DINOLONK forfeited.\n|\n|win|MetaphorCrazyMonk\n","uploadtime":1788390294,"views":"1","formatid":"gen9championsvgc2026regmbbo3","rating":null,"private":0,"password":null}