{"id":"gen9championsvgc2026regmbbo3-2673374837","format":"[Gen 9 Champions] VGC 2026 Reg M-B (Bo3)","players":["slotharmy6670","Aditya10B"],"log":"|j|☆slotharmy6670\n|j|☆Aditya10B\n|html|<table width=\"100%\"><tr><td align=\"left\">slotharmy6670</td><td align=\"right\">Aditya10B</tr><tr><td align=\"left\"><i class=\"fa fa-circle-o\"></i> <i class=\"fa fa-circle-o\"></i> </td><td align=\"right\"><i class=\"fa fa-circle-o\"></i> <i class=\"fa fa-circle-o\"></i> </tr></table>\n|uhtml|bestof|<h2><strong>Game 1</strong> of <a href=\"/game-bestof3-gen9championsvgc2026regmbbo3-2673374836\">a best-of-3</a></h2>\n|t:|1788190026\n|gametype|doubles\n|player|p1|slotharmy6670|blue|\n|player|p2|Aditya10B|n|\n|gen|9\n|tier|[Gen 9 Champions] VGC 2026 Reg M-B (Bo3)\n|rule|Species Clause: Limit one of each Pokémon\n|rule|Item Clause: Limit 1 of each item\n|clearpoke\n|poke|p1|Gholdengo, L50|\n|poke|p1|Charizard, L50, M|\n|poke|p1|Whimsicott, L50, M, shiny|\n|poke|p1|Zoroark-Hisui, L50, F|\n|poke|p1|Incineroar, L50, F|\n|poke|p1|Dragonite, L50, M|\n|poke|p2|Kingambit, L50, M, shiny|\n|poke|p2|Ninetales-Alola, L50, F, shiny|\n|poke|p2|Incineroar, L50, F, shiny|\n|poke|p2|Dragonite, L50, M|\n|poke|p2|Sneasler, L50, F, shiny|\n|poke|p2|Gengar, L50, F, shiny|\n|teampreview|4\n|showteam|p1|Gholdengo||LifeOrb|GoodasGold|MakeItRain,ShadowBall,Protect,NastyPlot|Modest|||||50|]Charizard||CharizarditeY|Blaze|WeatherBall,Protect,HeatWave,SolarBeam|Modest||M|||50|]Whimsicott||MentalHerb|Prankster|Tailwind,FakeTears,Encore,Moonblast|Modest||M|||50|]Zoroark-Hisui||FocusSash|Illusion|BitterMalice,Taunt,IcyWind,Protect|Modest||F|||50|]Incineroar||SitrusBerry|Intimidate|PartingShot,DarkestLariat,FakeOut,FlareBlitz|Impish||F|||50|]Dragonite||SilkScarf|Multiscale|LowKick,DragonClaw,IceSpinner,ExtremeSpeed|Adamant||M|||50|\n|showteam|p2|Kingambit||BlackGlasses|Defiant|KowtowCleave,SuckerPunch,LowKick,Protect|Adamant||M|||50|]Ninetales-Alola||ChoiceScarf|SnowWarning|Blizzard,FreezeDry,IcyWind,Encore|Timid||F|||50|]Incineroar||SitrusBerry|Intimidate|FlareBlitz,ThroatChop,FakeOut,PartingShot|Impish||F|||50|]Dragonite||LifeOrb|InnerFocus|DragonClaw,Superpower,ExtremeSpeed,Protect|Adamant||M|||50|]Sneasler||FocusSash|Unburden|CloseCombat,DireClaw,RockSlide,Protect|Adamant||F|||50|]Gengar||Gengarite|CursedBody|SludgeBomb,ShadowBall,Substitute,Protect|Modest||F|||50|\n|j| ayushxd\n|inactive|Battle timer is ON: inactive players will automatically lose when time's up. (requested by slotharmy6670)\n|inactive|slotharmy6670 has 60 seconds left.\n|inactive|Aditya10B has 60 seconds left.\n|inactive|Aditya10B has 30 seconds left.\n|\n|t:|1788190136\n|teamsize|p1|4\n|teamsize|p2|4\n|start\n|switch|p1a: Whimsicott|Whimsicott, L50, M, shiny|100/100\n|switch|p1b: Incineroar|Incineroar, L50, F|100/100\n|switch|p2a: Incineroar|Incineroar, L50, F, shiny|100/100\n|switch|p2b: Gengar|Gengar, L50, F, shiny|100/100\n|-ability|p1b: Incineroar|Intimidate|boost\n|-unboost|p2a: Incineroar|atk|1\n|-unboost|p2b: Gengar|atk|1\n|-ability|p2a: Incineroar|Intimidate|boost\n|-unboost|p1a: Whimsicott|atk|1\n|-unboost|p1b: Incineroar|atk|1\n|turn|1\n|inactive|Aditya10B has 30 seconds left.\n|\n|t:|1788190166\n|switch|p2b: Kingambit|Kingambit, L50, M, shiny|100/100\n|move|p1a: Whimsicott|Bitter Malice|p2b: Kingambit\n|-resisted|p2b: Kingambit|1\n|-damage|p2b: Kingambit|82/100\n|-unboost|p2b: Kingambit|atk|1\n|-ability|p2b: Kingambit|Defiant|boost\n|-boost|p2b: Kingambit|atk|2\n|move|p1b: Incineroar|Darkest Lariat|p2b: Kingambit\n|-resisted|p2b: Kingambit|1\n|-damage|p2b: Kingambit|74/100\n|move|p2a: Incineroar|Flare Blitz|p1a: Whimsicott\n|-damage|p1a: Whimsicott|41/100\n|replace|p1a: Zoroark|Zoroark-Hisui, L50, F\n|-end|p1a: Zoroark|Illusion\n|-damage|p2a: Incineroar|87/100|[from] Recoil\n|\n|upkeep\n|turn|2\n|inactive|slotharmy6670 has 30 seconds left.\n|inactive|Aditya10B has 30 seconds left.\n|inactive|Aditya10B has 20 seconds left.\n|inactive|Aditya10B has 15 seconds left.\n|\n|t:|1788190210\n|move|p1a: Zoroark|Protect|p1a: Zoroark\n|-singleturn|p1a: Zoroark|Protect\n|move|p2b: Kingambit|Protect|p2b: Kingambit\n|-singleturn|p2b: Kingambit|Protect\n|move|p1b: Incineroar|Flare Blitz|p2b: Kingambit\n|-activate|p2b: Kingambit|move: Protect\n|move|p2a: Incineroar|Parting Shot|p1b: Incineroar\n|-unboost|p1b: Incineroar|atk|1\n|-unboost|p1b: Incineroar|spa|1\n|\n|t:|1788190221\n|switch|p2a: Sneasler|Sneasler, L50, F, shiny|100/100|[from] Parting Shot\n|\n|upkeep\n|turn|3\n|\n|t:|1788190238\n|switch|p1a: Whimsicott|Whimsicott, L50, M, shiny|100/100\n|switch|p1b: Charizard|Charizard, L50, M|100/100\n|move|p2b: Kingambit|Sucker Punch||[still]\n|-fail|p2b: Kingambit\n|move|p2a: Sneasler|Close Combat|p1b: Charizard\n|-resisted|p1b: Charizard|1\n|-damage|p1b: Charizard|47/100\n|-unboost|p2a: Sneasler|def|1\n|-unboost|p2a: Sneasler|spd|1\n|\n|upkeep\n|turn|4\n|c|☆Aditya10B|Tf\n|c|☆Aditya10B|Cc 53%\n|inactive|slotharmy6670 has 30 seconds left.\n|inactive|Aditya10B has 30 seconds left.\n|inactive|slotharmy6670 has 20 seconds left.\n|inactive|slotharmy6670 has 15 seconds left.\n|inactive|slotharmy6670 has 10 seconds left.\n|c| ayushxd|Normal zard is weak + ig he has less def inv\n|\n|t:|1788190285\n|switch|p1b: Charizard|Charizard, L50, M|41/100\n|move|p1a: Whimsicott|Encore|p2a: Sneasler\n|-start|p2a: Sneasler|Encore\n|move|p2b: Kingambit|Sucker Punch||[still]\n|-fail|p2b: Kingambit\n|move|p2a: Sneasler|Close Combat|p1a: Whimsicott\n|-resisted|p1a: Whimsicott|1\n|-damage|p1a: Whimsicott|49/100\n|-unboost|p2a: Sneasler|def|1\n|-unboost|p2a: Sneasler|spd|1\n|\n|upkeep\n|turn|5\n|c| ayushxd|Whim too\n|inactive|Aditya10B has 30 seconds left.\n|\n|t:|1788190317\n|switch|p1b: Incineroar|Incineroar, L50, F|100/100\n|-ability|p1b: Incineroar|Intimidate|boost\n|-unboost|p2a: Sneasler|atk|1\n|-unboost|p2b: Kingambit|atk|1\n|-ability|p2b: Kingambit|Defiant|boost\n|-boost|p2b: Kingambit|atk|2\n|move|p2b: Kingambit|Sucker Punch||[still]\n|-fail|p2b: Kingambit\n|move|p2a: Sneasler|Close Combat|p1a: Whimsicott\n|-resisted|p1a: Whimsicott|1\n|-damage|p1a: Whimsicott|16/100\n|-unboost|p2a: Sneasler|def|1\n|-unboost|p2a: Sneasler|spd|1\n|move|p1a: Whimsicott|Moonblast|p2a: Sneasler\n|-enditem|p2a: Sneasler|Focus Sash\n|-damage|p2a: Sneasler|1/100\n|\n|upkeep\n|turn|6\n|c|☆Aditya10B|Whim theek hai I'm 32 adamant\n|inactive|slotharmy6670 has 30 seconds left.\n|inactive|Aditya10B has 30 seconds left.\n|inactive|slotharmy6670 has 20 seconds left.\n|\n|t:|1788190353\n|switch|p2a: Incineroar|Incineroar, L50, F, shiny|87/100\n|-ability|p2a: Incineroar|Intimidate|boost\n|-unboost|p1a: Whimsicott|atk|1\n|-unboost|p1b: Incineroar|atk|1\n|move|p2b: Kingambit|Protect|p2b: Kingambit\n|-singleturn|p2b: Kingambit|Protect\n|move|p1b: Incineroar|Fake Out|p2a: Incineroar\n|-damage|p2a: Incineroar|82/100\n|move|p1a: Whimsicott|Tailwind|p1a: Whimsicott\n|-sidestart|p1: slotharmy6670|move: Tailwind\n|\n|upkeep\n|turn|7\n|\n|t:|1788190376\n|move|p2a: Incineroar|Fake Out|p1b: Incineroar\n|-damage|p1b: Incineroar|89/100\n|move|p1a: Whimsicott|Moonblast|p2b: Kingambit\n|-damage|p2b: Kingambit|39/100\n|cant|p1b: Incineroar|flinch\n|move|p2b: Kingambit|Low Kick|p1b: Incineroar\n|-supereffective|p1b: Incineroar|1\n|-damage|p1b: Incineroar|0 fnt\n|faint|p1b: Incineroar\n|\n|upkeep\n|\n|t:|1788190391\n|switch|p1b: Charizard|Charizard, L50, M|41/100\n|turn|8\n|inactive|Aditya10B has 30 seconds left.\n|\n|t:|1788190419\n|move|p2b: Kingambit|Protect|p2b: Kingambit\n|-singleturn|p2b: Kingambit|Protect\n|move|p1b: Charizard|Taunt|p2a: Incineroar\n|-start|p2a: Incineroar|move: Taunt\n|move|p1a: Whimsicott|Moonblast|p2b: Kingambit\n|-activate|p2b: Kingambit|move: Protect\n|move|p2a: Incineroar|Flare Blitz|p1a: Whimsicott\n|-supereffective|p1a: Whimsicott|1\n|-damage|p1a: Whimsicott|0 fnt\n|faint|p1a: Whimsicott\n|-damage|p2a: Incineroar|78/100|[from] Recoil\n|\n|upkeep\n|\n|t:|1788190430\n|switch|p1a: Charizard|Charizard, L50, M|47/100\n|turn|9\n|c|☆slotharmy6670|Gg\n|\n|t:|1788190442\n|detailschange|p1a: Charizard|Charizard-Mega-Y, L50, M\n|-mega|p1a: Charizard|Charizard|Charizardite Y\n|-weather|SunnyDay|[from] ability: Drought|[of] p1a: Charizard\n|move|p2b: Kingambit|Sucker Punch|p1a: Charizard\n|-damage|p1a: Charizard|0 fnt\n|faint|p1a: Charizard\n|move|p1b: Charizard|Bitter Malice|p2a: Incineroar\n|-resisted|p2a: Incineroar|1\n|-damage|p2a: Incineroar|60/100\n|-unboost|p2a: Incineroar|atk|1\n|move|p2a: Incineroar|Flare Blitz|p1b: Charizard\n|-damage|p1b: Charizard|0 fnt\n|replace|p1b: Zoroark|Zoroark-Hisui, L50, F\n|-end|p1b: Zoroark|Illusion\n|faint|p1b: Zoroark\n|-damage|p2a: Incineroar|51/100|[from] Recoil\n|\n|win|Aditya10B\n||slotharmy6670 is ready for game 2.\n||Aditya10B is ready for game 2.\n|uhtml|next|Next: <a href=\"/battle-gen9championsvgc2026regmbbo3-2673378242\"><strong>Game 2 of 3</strong></a>\n","uploadtime":1788190463,"views":"2","formatid":"gen9championsvgc2026regmbbo3","rating":null,"private":0,"password":null}