{"id":"gen9championsvgc2026regmbbo3-2673464861","format":"[Gen 9 Champions] VGC 2026 Reg M-B (Bo3)","players":["CanjicaVGC","Cfoowl"],"log":"|j|☆CanjicaVGC\n|j|☆Cfoowl\n|html|<table width=\"100%\"><tr><td align=\"left\">CanjicaVGC</td><td align=\"right\">Cfoowl</tr><tr><td align=\"left\"><i class=\"fa fa-circle-o\"></i> <i class=\"fa fa-circle-o\"></i> </td><td align=\"right\"><i class=\"fa fa-circle-o\"></i> <i class=\"fa fa-circle\"></i> </tr></table>\n|uhtml|bestof|<h2><strong>Game 2</strong> of <a href=\"/game-bestof3-gen9championsvgc2026regmbbo3-2673462316\">a best-of-3</a></h2>\n|t:|1788200993\n|gametype|doubles\n|player|p1|CanjicaVGC|sailor|1288\n|player|p2|Cfoowl|265|1209\n|gen|9\n|tier|[Gen 9 Champions] VGC 2026 Reg M-B (Bo3)\n|rated|\n|rule|Species Clause: Limit one of each Pokémon\n|rule|Item Clause: Limit 1 of each item\n|clearpoke\n|poke|p1|Swampert, L50, M|\n|poke|p1|Pelipper, L50, M|\n|poke|p1|Gholdengo, L50|\n|poke|p1|Archaludon, L50, M|\n|poke|p1|Sinistcha, L50|\n|poke|p1|Grimmsnarl, L50, M|\n|poke|p2|Scovillain, L50, F, shiny|\n|poke|p2|Basculegion, L50, M|\n|poke|p2|Kingambit, L50, M|\n|poke|p2|Sneasler, L50, F|\n|poke|p2|Lycanroc-Dusk, L50, F|\n|poke|p2|Froslass, L50, F, shiny|\n|teampreview|4\n|showteam|p1|Swampert||Swampertite|Damp|WaveCrash,Earthquake,IcePunch,Protect|Adamant||M|||50|]Pelipper||SitrusBerry|Drizzle|WeatherBall,Hurricane,Tailwind,WideGuard|Calm||M|||50|]Gholdengo||LifeOrb|GoodasGold|MakeItRain,ShadowBall,NastyPlot,Protect|Timid|||||50|]Archaludon||Leftovers|Stamina|Protect,ElectroShot,DragonPulse,FlashCannon|Modest||M|||50|]Sinistcha||KasibBerry|Hospitality|MatchaGotcha,RagePowder,LifeDew,TrickRoom|Bold|||||50|]Grimmsnarl||LightClay|Prankster|LightScreen,Reflect,PartingShot,SpiritBreak|Careful||M|||50|\n|showteam|p2|Scovillain||Scovillainite|Moody|GigaDrain,Overheat,RagePowder,Protect|Bold||F|||50|]Basculegion||LifeOrb|Adaptability|WaveCrash,LastRespects,AquaJet,Protect|Adamant||M|||50|]Kingambit||BlackGlasses|Defiant|KowtowCleave,SuckerPunch,SwordsDance,Protect|Adamant||M|||50|]Sneasler||WhiteHerb|Unburden|CloseCombat,DireClaw,Protect,FakeOut|Adamant||F|||50|]Lycanroc-Dusk||FocusSash|ToughClaws|CloseCombat,Accelerock,RockSlide,Protect|Adamant||F|||50|]Froslass||Froslassite|CursedBody|Blizzard,ShadowBall,AuroraVeil,Protect|Timid||F|||50|\n|inactive|Battle timer is ON: inactive players will automatically lose when time's up. (requested by Cfoowl)\n|inactive|CanjicaVGC has 60 seconds left.\n|\n|t:|1788201036\n|teamsize|p1|4\n|teamsize|p2|4\n|start\n|switch|p1a: Archaludon|Archaludon, L50, M|100/100\n|switch|p1b: Grimmsnarl|Grimmsnarl, L50, M|100/100\n|switch|p2a: John Dogs|Scovillain, L50, F, shiny|100/100\n|switch|p2b: Kids|Kingambit, L50, M|100/100\n|turn|1\n|\n|t:|1788201053\n|detailschange|p2a: John Dogs|Scovillain-Mega, L50, F, shiny\n|-mega|p2a: John Dogs|Scovillain|Scovillainite\n|move|p1b: Grimmsnarl|Reflect|p1b: Grimmsnarl\n|-sidestart|p1: CanjicaVGC|Reflect\n|move|p1a: Archaludon|Dragon Pulse|p2a: John Dogs\n|-damage|p2a: John Dogs|59/100\n|-status|p1a: Archaludon|brn|[from] ability: Spicy Spray|[of] p2a: John Dogs\n|move|p2a: John Dogs|Giga Drain|p1b: Grimmsnarl\n|-damage|p1b: Grimmsnarl|72/100\n|-heal|p2a: John Dogs|76/100|[from] drain|[of] p1b: Grimmsnarl\n|move|p2b: Kids|Swords Dance|p2b: Kids\n|-boost|p2b: Kids|atk|2\n|\n|-damage|p1a: Archaludon|93/100 brn|[from] brn\n|upkeep\n|turn|2\n|inactive|Cfoowl has 30 seconds left.\n|\n|t:|1788201083\n|move|p1b: Grimmsnarl|Parting Shot|p2a: John Dogs\n|-unboost|p2a: John Dogs|atk|1\n|-unboost|p2a: John Dogs|spa|1\n|\n|t:|1788201095\n|switch|p1b: Pelipper|Pelipper, L50, M|100/100|[from] Parting Shot\n|-weather|RainDance|[from] ability: Drizzle|[of] p1b: Pelipper\n|move|p1a: Archaludon|Electro Shot||[still]\n|-prepare|p1a: Archaludon|Electro Shot\n|-boost|p1a: Archaludon|spa|1\n|-anim|p1a: Archaludon|Electro Shot|p2b: Kids\n|-damage|p2b: Kids|40/100\n|move|p2a: John Dogs|Giga Drain|p1b: Pelipper\n|-damage|p1b: Pelipper|75/100\n|-heal|p2a: John Dogs|87/100|[from] drain|[of] p1b: Pelipper\n|move|p2b: Kids|Kowtow Cleave|p1b: Pelipper\n|-damage|p1b: Pelipper|0 fnt\n|faint|p1b: Pelipper\n|\n|-weather|RainDance|[upkeep]\n|-heal|p1a: Archaludon|100/100 brn|[from] item: Leftovers\n|-damage|p1a: Archaludon|93/100 brn|[from] brn\n|upkeep\n|\n|t:|1788201113\n|switch|p1b: Swampert|Swampert, L50, M|100/100\n|turn|3\n|\n|t:|1788201122\n|move|p1b: Swampert|Protect|p1b: Swampert\n|-singleturn|p1b: Swampert|Protect\n|move|p2b: Kids|Protect|p2b: Kids\n|-singleturn|p2b: Kids|Protect\n|move|p1a: Archaludon|Dragon Pulse|p2a: John Dogs\n|-damage|p2a: John Dogs|22/100\n|move|p2a: John Dogs|Giga Drain|p1b: Swampert\n|-activate|p1b: Swampert|move: Protect\n|\n|-weather|RainDance|[upkeep]\n|-heal|p1a: Archaludon|100/100 brn|[from] item: Leftovers\n|-damage|p1a: Archaludon|93/100 brn|[from] brn\n|upkeep\n|turn|4\n|\n|t:|1788201142\n|switch|p1b: Grimmsnarl|Grimmsnarl, L50, M|72/100\n|move|p2a: John Dogs|Rage Powder|p2a: John Dogs\n|-singleturn|p2a: John Dogs|move: Rage Powder\n|move|p2b: Kids|Sucker Punch||[still]\n|-fail|p2b: Kids\n|move|p1a: Archaludon|Dragon Pulse|p2a: John Dogs\n|-damage|p2a: John Dogs|0 fnt\n|faint|p2a: John Dogs\n|\n|-weather|RainDance|[upkeep]\n|-heal|p1a: Archaludon|100/100 brn|[from] item: Leftovers\n|-damage|p1a: Archaludon|93/100 brn|[from] brn\n|upkeep\n|\n|t:|1788201151\n|switch|p2a: Cisco|Sneasler, L50, F|100/100\n|turn|5\n|\n|t:|1788201162\n|move|p1b: Grimmsnarl|Parting Shot|p2a: Cisco\n|-unboost|p2a: Cisco|atk|1\n|-unboost|p2a: Cisco|spa|1\n|\n|t:|1788201165\n|switch|p1b: Swampert|Swampert, L50, M|100/100|[from] Parting Shot\n|-enditem|p2a: Cisco|White Herb\n|-clearnegativeboost|p2a: Cisco|[silent]\n|move|p2a: Cisco|Close Combat|p1a: Archaludon\n|-supereffective|p1a: Archaludon|1\n|-damage|p1a: Archaludon|34/100 brn\n|-unboost|p2a: Cisco|def|1\n|-unboost|p2a: Cisco|spd|1\n|-ability|p1a: Archaludon|Stamina|boost\n|-boost|p1a: Archaludon|def|1\n|move|p1a: Archaludon|Electro Shot||[still]\n|-prepare|p1a: Archaludon|Electro Shot\n|-boost|p1a: Archaludon|spa|1\n|-anim|p1a: Archaludon|Electro Shot|p2b: Kids\n|-damage|p2b: Kids|0 fnt\n|faint|p2b: Kids\n|\n|-weather|RainDance|[upkeep]\n|-heal|p1a: Archaludon|41/100 brn|[from] item: Leftovers\n|-damage|p1a: Archaludon|34/100 brn|[from] brn\n|upkeep\n|\n|t:|1788201173\n|switch|p2b: SlycedBread|Basculegion, L50, M|100/100\n|turn|6\n|\n|t:|1788201196\n|detailschange|p1b: Swampert|Swampert-Mega, L50, M\n|-mega|p1b: Swampert|Swampert|Swampertite\n|move|p1a: Archaludon|Protect|p1a: Archaludon\n|-singleturn|p1a: Archaludon|Protect\n|move|p2a: Cisco|Close Combat|p1a: Archaludon\n|-activate|p1a: Archaludon|move: Protect\n|move|p1b: Swampert|Earthquake|p2a: Cisco|[spread] p2a,p2b\n|-activate|p1a: Archaludon|move: Protect\n|-supereffective|p2a: Cisco|1\n|-damage|p2a: Cisco|0 fnt\n|-damage|p2b: SlycedBread|47/100\n|faint|p2a: Cisco\n|move|p2b: SlycedBread|Last Respects|p1b: Swampert\n|-damage|p1b: Swampert|1/100\n|-damage|p2b: SlycedBread|37/100|[from] item: Life Orb\n|\n|-weather|none\n|-heal|p1a: Archaludon|41/100 brn|[from] item: Leftovers\n|-damage|p1a: Archaludon|34/100 brn|[from] brn\n|upkeep\n|turn|7\n|-message|Cfoowl forfeited.\n|\n|win|CanjicaVGC\n||Cfoowl is ready for game 3.\n","uploadtime":1788201211,"views":"3","formatid":"gen9championsvgc2026regmbbo3","rating":null,"private":0,"password":null}