{"id":"gen9championsvgc2026regmb-2674153070","format":"[Gen 9 Champions] VGC 2026 Reg M-B","players":["nickphys","ravenskeeper"],"log":"|j|☆nickphys\n|j|☆ravenskeeper\n|t:|1788307044\n|gametype|doubles\n|player|p1|nickphys|clown|\n|player|p2|ravenskeeper|102|\n|gen|9\n|tier|[Gen 9 Champions] VGC 2026 Reg M-B\n|rule|Species Clause: Limit one of each Pokémon\n|rule|Item Clause: Limit 1 of each item\n|clearpoke\n|poke|p1|Eelektross, L50, M|\n|poke|p1|Gallade, L50, M|\n|poke|p1|Tauros-Paldea-Blaze, L50, M|\n|poke|p1|Sinistcha, L50|\n|poke|p1|Garchomp, L50, M|\n|poke|p1|Basculegion, L50, M|\n|poke|p2|Tyranitar, L50, M|\n|poke|p2|Excadrill, L50, M|\n|poke|p2|Houndstone, L50, M|\n|poke|p2|Scizor, L50, F|\n|poke|p2|Rotom-Mow, L50|\n|poke|p2|Altaria, L50, M|\n|teampreview|4\n|\n|t:|1788307132\n|teamsize|p1|4\n|teamsize|p2|4\n|start\n|switch|p1a: Eelektross|Eelektross, L50, M|100/100\n|switch|p1b: Garchomp|Garchomp, L50, M|100/100\n|switch|p2a: Excadrill|Excadrill, L50, M|100/100\n|switch|p2b: Rotom|Rotom-Mow, L50|100/100\n|turn|1\n|\n|t:|1788307166\n|detailschange|p1a: Eelektross|Eelektross-Mega, L50, M\n|-mega|p1a: Eelektross|Eelektross|Eelektrossite\n|move|p1b: Garchomp|Earthquake|p2b: Rotom|[spread] p2a\n|-immune|p1a: Eelektross|[from] ability: Eelevate\n|-immune|p2b: Rotom|[from] ability: Levitate\n|-supereffective|p2a: Excadrill|1\n|-enditem|p2a: Excadrill|Focus Sash\n|-damage|p2a: Excadrill|1/100\n|-damage|p1b: Garchomp|90/100|[from] item: Life Orb\n|move|p1a: Eelektross|Drain Punch|p2a: Excadrill\n|-supereffective|p2a: Excadrill|1\n|-damage|p2a: Excadrill|0 fnt\n|faint|p2a: Excadrill\n|-ability|p1a: Eelektross|Eelevate|boost\n|-boost|p1a: Eelektross|atk|1\n|move|p2b: Rotom|Leaf Storm|p1b: Garchomp\n|-damage|p1b: Garchomp|25/100\n|-unboost|p2b: Rotom|spa|2\n|\n|upkeep\n|\n|t:|1788307196\n|switch|p2a: Tyranitar|Tyranitar, L50, M|100/100\n|-weather|Sandstorm|[from] ability: Sand Stream|[of] p2a: Tyranitar\n|turn|2\n|\n|t:|1788307251\n|switch|p2a: Houndstone|Houndstone, L50, M|100/100\n|move|p1b: Garchomp|Earthquake|p2a: Houndstone|[spread] p2a\n|-immune|p1a: Eelektross|[from] ability: Eelevate\n|-immune|p2b: Rotom|[from] ability: Levitate\n|-damage|p2a: Houndstone|40/100\n|-enditem|p2a: Houndstone|Sitrus Berry|[eat]\n|-heal|p2a: Houndstone|65/100|[from] item: Sitrus Berry\n|-damage|p1b: Garchomp|15/100|[from] item: Life Orb\n|move|p1a: Eelektross|Coil|p1a: Eelektross\n|-boost|p1a: Eelektross|atk|1\n|-boost|p1a: Eelektross|def|1\n|-boost|p1a: Eelektross|accuracy|1\n|move|p2b: Rotom|Leaf Storm|p1b: Garchomp\n|-damage|p1b: Garchomp|0 fnt\n|-unboost|p2b: Rotom|spa|2\n|faint|p1b: Garchomp\n|\n|-weather|Sandstorm|[upkeep]\n|-damage|p1a: Eelektross|93/100|[from] Sandstorm\n|-damage|p2b: Rotom|94/100|[from] Sandstorm\n|upkeep\n|\n|t:|1788307275\n|switch|p1b: Gallade|Gallade, L50, M|100/100\n|turn|3\n|\n|t:|1788307317\n|move|p2a: Houndstone|Last Respects|p1b: Gallade\n|-supereffective|p1b: Gallade|1\n|-damage|p1b: Gallade|0 fnt\n|faint|p1b: Gallade\n|move|p1a: Eelektross|Drain Punch|p2b: Rotom\n|-damage|p2b: Rotom|40/100\n|-heal|p1a: Eelektross|100/100|[from] drain|[of] p2b: Rotom\n|move|p2b: Rotom|Leaf Storm|p1a: Eelektross\n|-damage|p1a: Eelektross|77/100\n|-unboost|p2b: Rotom|spa|2\n|\n|-weather|Sandstorm|[upkeep]\n|-damage|p1a: Eelektross|70/100|[from] Sandstorm\n|-damage|p2b: Rotom|34/100|[from] Sandstorm\n|upkeep\n|\n|t:|1788307336\n|switch|p1b: Basculegion|Basculegion, L50, M|100/100\n|-ability|p1b: Basculegion|Mold Breaker\n|turn|4\n|j| mediumwarm\n|l| mediumwarm\n|\n|t:|1788307379\n|move|p2a: Houndstone|Last Respects|p1b: Basculegion\n|-supereffective|p1b: Basculegion|1\n|-damage|p1b: Basculegion|0 fnt\n|faint|p1b: Basculegion\n|move|p1a: Eelektross|Thunder Punch|p2a: Houndstone\n|-damage|p2a: Houndstone|0 fnt\n|faint|p2a: Houndstone\n|-ability|p1a: Eelektross|Eelevate|boost\n|-boost|p1a: Eelektross|atk|1\n|move|p2b: Rotom|Thunderbolt|p1a: Eelektross\n|-resisted|p1a: Eelektross|1\n|-damage|p1a: Eelektross|63/100\n|\n|-weather|Sandstorm|[upkeep]\n|-damage|p1a: Eelektross|57/100|[from] Sandstorm\n|-damage|p2b: Rotom|28/100|[from] Sandstorm\n|upkeep\n|\n|t:|1788307393\n|switch|p2a: Tyranitar|Tyranitar, L50, M|100/100\n|turn|5\n|\n|t:|1788307428\n|move|p2a: Tyranitar|Knock Off|p1a: Eelektross\n|-damage|p1a: Eelektross|25/100\n|move|p1a: Eelektross|Drain Punch|p2a: Tyranitar\n|-supereffective|p2a: Tyranitar|2\n|-damage|p2a: Tyranitar|0 fnt\n|-heal|p1a: Eelektross|80/100|[from] drain|[of] p2a: Tyranitar\n|faint|p2a: Tyranitar\n|-ability|p1a: Eelektross|Eelevate|boost\n|-boost|p1a: Eelektross|atk|1\n|move|p2b: Rotom|Thunderbolt|p1a: Eelektross\n|-resisted|p1a: Eelektross|1\n|-damage|p1a: Eelektross|72/100\n|\n|-weather|Sandstorm|[upkeep]\n|-damage|p1a: Eelektross|66/100|[from] Sandstorm\n|-damage|p2b: Rotom|22/100|[from] Sandstorm\n|upkeep\n|turn|6\n|\n|t:|1788307445\n|move|p2b: Rotom|Protect|p2b: Rotom\n|-singleturn|p2b: Rotom|Protect\n|move|p1a: Eelektross|Drain Punch|p2b: Rotom\n|-activate|p2b: Rotom|move: Protect\n|\n|-weather|none\n|upkeep\n|turn|7\n|\n|t:|1788307453\n|move|p1a: Eelektross|Drain Punch|p2b: Rotom\n|-damage|p2b: Rotom|0 fnt\n|-heal|p1a: Eelektross|77/100|[from] drain|[of] p2b: Rotom\n|faint|p2b: Rotom\n|\n|win|nickphys\n|c|☆ravenskeeper|gg i forgte elektoss has levitate\n|c|☆ravenskeeper|well played\n|l|☆nickphys\n|player|p1|\n","uploadtime":1788307547,"views":"12","formatid":"gen9championsvgc2026regmb","rating":null,"private":0,"password":null}