{"id":"gen9championsvgc2026regmb-2673940271","format":"[Gen 9 Champions] VGC 2026 Reg M-B","players":["Dd sjWBCLWU","IronSerpentFan"],"log":"|j|☆Dd sjWBCLWU\n|j|☆IronSerpentFan\n|t:|1788279679\n|gametype|doubles\n|player|p1|Dd sjWBCLWU|170|1000\n|player|p2|IronSerpentFan|schoolkid-gen4|1000\n|gen|9\n|tier|[Gen 9 Champions] VGC 2026 Reg M-B\n|rated|\n|rule|Species Clause: Limit one of each Pokémon\n|rule|Item Clause: Limit 1 of each item\n|clearpoke\n|poke|p1|Tyranitar, L50, F|\n|poke|p1|Excadrill, L50, M|\n|poke|p1|Rotom-Wash, L50|\n|poke|p1|Sinistcha, L50|\n|poke|p1|Corviknight, L50, F|\n|poke|p1|Houndstone, L50, M|\n|poke|p2|Politoed, L50, M|\n|poke|p2|Gengar, L50, M|\n|poke|p2|Incineroar, L50, F|\n|poke|p2|Sinistcha, L50|\n|poke|p2|Whimsicott, L50, F|\n|poke|p2|Staraptor, L50, M|\n|teampreview|4\n|inactive|Battle timer is ON: inactive players will automatically lose when time's up. (requested by IronSerpentFan)\nIronSerpentFan rejected open team sheets.\n|inactive|Dd sjWBCLWU has 60 seconds left.\n|\n|t:|1788279720\n|teamsize|p1|4\n|teamsize|p2|4\n|start\n|switch|p1a: Tyranitar|Tyranitar, L50, F|100/100\n|switch|p1b: Rotom|Rotom-Wash, L50|100/100\n|switch|p2a: Whimsicott|Whimsicott, L50, F|100/100\n|switch|p2b: Staraptor|Staraptor, L50, M|100/100\n|-ability|p2b: Staraptor|Intimidate|boost\n|-unboost|p1a: Tyranitar|atk|1\n|-unboost|p1b: Rotom|atk|1\n|-weather|Sandstorm|[from] ability: Sand Stream|[of] p1a: Tyranitar\n|turn|1\n|inactive|IronSerpentFan has 30 seconds left.\n|inactive|IronSerpentFan has 20 seconds left.\n|inactive|IronSerpentFan has 15 seconds left.\n|\n|t:|1788279761\n|switch|p1a: Sinistcha|Sinistcha, L50|100/100\n|detailschange|p2b: Staraptor|Staraptor-Mega, L50, M\n|-mega|p2b: Staraptor|Staraptor|Staraptite\n|move|p2b: Staraptor|Protect|p2b: Staraptor\n|-singleturn|p2b: Staraptor|Protect\n|move|p1b: Rotom|Volt Switch|p2b: Staraptor\n|-activate|p2b: Staraptor|move: Protect\n|move|p2a: Whimsicott|Moonblast|p1b: Rotom\n|-crit|p1b: Rotom\n|-damage|p1b: Rotom|28/100\n|\n|-weather|Sandstorm|[upkeep]\n|-damage|p1b: Rotom|22/100|[from] Sandstorm\n|-damage|p2a: Whimsicott|94/100|[from] Sandstorm\n|-damage|p2b: Staraptor|94/100|[from] Sandstorm\n|-damage|p1a: Sinistcha|93/100|[from] Sandstorm\n|upkeep\n|turn|2\n|inactive|IronSerpentFan has 30 seconds left.\n|inactive|IronSerpentFan has 20 seconds left.\n|inactive|IronSerpentFan has 15 seconds left.\n|\n|t:|1788279801\n|move|p2a: Whimsicott|Tailwind|p2a: Whimsicott\n|-sidestart|p2: IronSerpentFan|move: Tailwind\n|move|p2b: Staraptor|Roost|p2b: Staraptor\n|-heal|p2b: Staraptor|100/100\n|-singleturn|p2b: Staraptor|move: Roost\n|move|p1b: Rotom|Volt Switch|p2b: Staraptor\n|-damage|p2b: Staraptor|65/100\n|\n|t:|1788279813\n|switch|p1b: Excadrill|Excadrill, L50, M|100/100|[from] Volt Switch\n|move|p1a: Sinistcha|Matcha Gotcha|p2a: Whimsicott|[spread] p2a,p2b\n|-resisted|p2a: Whimsicott|1\n|-damage|p2a: Whimsicott|74/100\n|-heal|p1a: Sinistcha|100/100|[from] drain|[of] p2a: Whimsicott\n|-damage|p2b: Staraptor|43/100\n|\n|-weather|Sandstorm|[upkeep]\n|-damage|p2a: Whimsicott|68/100|[from] Sandstorm\n|-damage|p2b: Staraptor|38/100|[from] Sandstorm\n|-damage|p1a: Sinistcha|93/100|[from] Sandstorm\n|upkeep\n|turn|3\n|\n|t:|1788279838\n|switch|p1a: Rotom|Rotom-Wash, L50|22/100\n|move|p2a: Whimsicott|Charm|p2b: Staraptor\n|-boost|p2b: Staraptor|atk|2\n|move|p2b: Staraptor|Roost|p2b: Staraptor\n|-heal|p2b: Staraptor|88/100\n|-singleturn|p2b: Staraptor|move: Roost\n|move|p1b: Excadrill|Iron Head|p2a: Whimsicott\n|-supereffective|p2a: Whimsicott|1\n|-damage|p2a: Whimsicott|0 fnt\n|faint|p2a: Whimsicott\n|\n|-weather|Sandstorm|[upkeep]\n|-damage|p2b: Staraptor|82/100|[from] Sandstorm\n|-damage|p1a: Rotom|16/100|[from] Sandstorm\n|upkeep\n|\n|t:|1788279851\n|switch|p2a: Incineroar|Incineroar, L50, F|100/100\n|-ability|p2a: Incineroar|Intimidate|boost\n|-unboost|p1a: Rotom|atk|1\n|-unboost|p1b: Excadrill|atk|1\n|turn|4\n|\n|t:|1788279857\n|switch|p1a: Sinistcha|Sinistcha, L50|93/100\n|move|p1b: Excadrill|Protect|p1b: Excadrill\n|-singleturn|p1b: Excadrill|Protect\n|move|p2a: Incineroar|Fake Out|p1a: Sinistcha\n|-immune|p1a: Sinistcha\n|move|p2b: Staraptor|Close Combat|p1b: Excadrill\n|-activate|p1b: Excadrill|move: Protect\n|\n|-weather|Sandstorm|[upkeep]\n|-damage|p2b: Staraptor|76/100|[from] Sandstorm\n|-damage|p2a: Incineroar|94/100|[from] Sandstorm\n|-damage|p1a: Sinistcha|87/100|[from] Sandstorm\n|upkeep\n|turn|5\n|\n|t:|1788279879\n|switch|p1a: Rotom|Rotom-Wash, L50|16/100\n|move|p2a: Incineroar|Protect|p2a: Incineroar\n|-singleturn|p2a: Incineroar|Protect\n|move|p2b: Staraptor|Brave Bird|p1a: Rotom\n|-resisted|p1a: Rotom|1\n|-damage|p1a: Rotom|0 fnt\n|faint|p1a: Rotom\n|-damage|p2b: Staraptor|73/100|[from] Recoil\n|move|p1b: Excadrill|Earthquake|p2a: Incineroar|[spread] \n|-activate|p2a: Incineroar|move: Protect\n|-immune|p2b: Staraptor\n|\n|-weather|none\n|-sideend|p2: IronSerpentFan|move: Tailwind\n|upkeep\n|\n|t:|1788279894\n|switch|p1a: Tyranitar|Tyranitar, L50, F|100/100\n|-weather|Sandstorm|[from] ability: Sand Stream|[of] p1a: Tyranitar\n|turn|6\n|\n|t:|1788279903\n|switch|p2a: Sinistcha|Sinistcha, L50|100/100\n|-heal|p2b: Staraptor|97/100|[from] ability: Hospitality|[of] p2a: Sinistcha\n|detailschange|p1a: Tyranitar|Tyranitar-Mega, L50, F\n|-mega|p1a: Tyranitar|Tyranitar|Tyranitarite\n|move|p1b: Excadrill|Rock Slide|p2a: Sinistcha|[spread] p2a\n|-miss|p1b: Excadrill|p2b: Staraptor\n|-damage|p2a: Sinistcha|84/100\n|move|p2b: Staraptor|Close Combat|p1b: Excadrill\n|-supereffective|p1b: Excadrill|1\n|-crit|p1b: Excadrill\n|-enditem|p1b: Excadrill|Focus Sash\n|-damage|p1b: Excadrill|1/100\n|-boost|p2b: Staraptor|def|1\n|-boost|p2b: Staraptor|spd|1\n|move|p1a: Tyranitar|Rock Slide|p2b: Staraptor|[spread] p2a,p2b\n|-damage|p2a: Sinistcha|52/100\n|-damage|p2b: Staraptor|75/100\n|\n|-weather|Sandstorm|[upkeep]\n|-damage|p2b: Staraptor|69/100|[from] Sandstorm\n|-damage|p2a: Sinistcha|46/100|[from] Sandstorm\n|upkeep\n|turn|7\n|-message|Dd sjWBCLWU forfeited.\n|\n|win|IronSerpentFan\n|raw|Dd sjWBCLWU's rating: 1000 &rarr; <strong>1000</strong><br />(+0 for losing)\n|raw|IronSerpentFan's rating: 1000 &rarr; <strong>1040</strong><br />(+40 for winning)\n|l|☆Dd sjWBCLWU\n|player|p1|\n","uploadtime":1788279926,"views":"0","formatid":"gen9championsvgc2026regmb","rating":1000,"private":0,"password":null}