{"id":"gen9championsvgc2026regmbbo3-2674891889","format":"[Gen 9 Champions] VGC 2026 Reg M-B (Bo3)","players":["NemoAK","soulo333"],"log":"|j|☆NemoAK\n|j|☆soulo333\n|html|<table width=\"100%\"><tr><td align=\"left\">NemoAK</td><td align=\"right\">soulo333</tr><tr><td align=\"left\"><i class=\"fa fa-circle-o\"></i> <i class=\"fa fa-circle-o\"></i> </td><td align=\"right\"><i class=\"fa fa-circle-o\"></i> <i class=\"fa fa-circle\"></i> </tr></table>\n|uhtml|bestof|<h2><strong>Game 2</strong> of <a href=\"/game-bestof3-gen9championsvgc2026regmbbo3-2674891108\">a best-of-3</a></h2>\n|t:|1788430484\n|gametype|doubles\n|player|p1|NemoAK|169|1183\n|player|p2|soulo333|265|1203\n|gen|9\n|tier|[Gen 9 Champions] VGC 2026 Reg M-B (Bo3)\n|rated|\n|rule|Species Clause: Limit one of each Pokémon\n|rule|Item Clause: Limit 1 of each item\n|clearpoke\n|poke|p1|Staraptor, L50, M|\n|poke|p1|Kingambit, L50, M|\n|poke|p1|Basculegion, L50, M|\n|poke|p1|Farigiraf, L50, M|\n|poke|p1|Garchomp, L50, M|\n|poke|p1|Meganium, L50, M|\n|poke|p2|Staraptor, L50, F|\n|poke|p2|Arcanine-Hisui, L50, M|\n|poke|p2|Kingambit, L50, F|\n|poke|p2|Sylveon, L50, M, shiny|\n|poke|p2|Raichu, L50, F|\n|poke|p2|Farigiraf, L50, M|\n|teampreview|4\n|showteam|p1|Staraptor||Staraptite|Intimidate|CloseCombat,BraveBird,Tailwind,Protect|Jolly||M|||50|]Kingambit||FocusSash|Defiant|KowtowCleave,IronHead,SuckerPunch,LowKick|Adamant||M|||50|]Basculegion||ChoiceScarf|Adaptability|WaveCrash,LastRespects,AquaJet,FlipTurn|Adamant||M|||50|]Farigiraf||SitrusBerry|ArmorTail|Psychic,HyperVoice,TrickRoom,HelpingHand|Quiet||M|||50|]Garchomp||LifeOrb|RoughSkin|Earthquake,RockSlide,DragonClaw,Protect|Jolly||M|||50|]Meganium||Meganiumite|Overgrow|SolarBeam,WeatherBall,DazzlingGleam,Protect|Modest||M|||50|\n|showteam|p2|Staraptor||Staraptite|Intimidate|DualWingbeat,CloseCombat,Tailwind,Protect|Jolly||F|||50|]Arcanine-Hisui||FocusSash|RockHead|FlareBlitz,HeadSmash,ExtremeSpeed,Protect|Jolly||M|||50|]Kingambit||LifeOrb|Defiant|KowtowCleave,SuckerPunch,SwordsDance,Protect|Adamant||F|||50|]Sylveon||FairyFeather|Pixilate|HyperVoice,HyperBeam,QuickAttack,Detect|Modest||M|||50|]Raichu||RaichuniteY|LightningRod|ZapCannon,FocusBlast,FakeOut,Protect|Timid||F|||50|]Farigiraf||SitrusBerry|ArmorTail|Psychic,HelpingHand,TrickRoom,Protect|Calm||M|||50|\n|\n|t:|1788430502\n|teamsize|p1|4\n|teamsize|p2|4\n|start\n|switch|p1a: The Biggest Bird|Staraptor, L50, M|100/100\n|switch|p1b: Checkmate|Kingambit, L50, M|100/100\n|switch|p2a: Sylveon|Sylveon, L50, M, shiny|100/100\n|switch|p2b: Farigiraf|Farigiraf, L50, M|100/100\n|-ability|p1a: The Biggest Bird|Intimidate|boost\n|-unboost|p2a: Sylveon|atk|1\n|-unboost|p2b: Farigiraf|atk|1\n|turn|1\n|\n|t:|1788430544\n|detailschange|p1a: The Biggest Bird|Staraptor-Mega, L50, M\n|-mega|p1a: The Biggest Bird|Staraptor|Staraptite\n|move|p2a: Sylveon|Detect|p2a: Sylveon\n|-singleturn|p2a: Sylveon|Protect\n|move|p1a: The Biggest Bird|Close Combat|p2b: Farigiraf\n|-damage|p2b: Farigiraf|45/100\n|-boost|p1a: The Biggest Bird|def|1\n|-boost|p1a: The Biggest Bird|spd|1\n|-enditem|p2b: Farigiraf|Sitrus Berry|[eat]\n|-heal|p2b: Farigiraf|70/100|[from] item: Sitrus Berry\n|move|p1b: Checkmate|Iron Head|p2a: Sylveon\n|-activate|p2a: Sylveon|move: Protect\n|move|p2b: Farigiraf|Trick Room|p2b: Farigiraf\n|-fieldstart|move: Trick Room|[of] p2b: Farigiraf\n|\n|upkeep\n|turn|2\n|\n|t:|1788430562\n|move|p1a: The Biggest Bird|Protect|p1a: The Biggest Bird\n|-singleturn|p1a: The Biggest Bird|Protect\n|move|p2b: Farigiraf|Psychic|p1a: The Biggest Bird\n|-activate|p1a: The Biggest Bird|move: Protect\n|move|p2a: Sylveon|Hyper Voice|p1b: Checkmate|[spread] p1b\n|-activate|p1a: The Biggest Bird|move: Protect\n|-crit|p1b: Checkmate\n|-damage|p1b: Checkmate|22/100\n|move|p1b: Checkmate|Iron Head|p2a: Sylveon\n|-supereffective|p2a: Sylveon|1\n|-damage|p2a: Sylveon|0 fnt\n|faint|p2a: Sylveon\n|\n|upkeep\n|\n|t:|1788430565\n|switch|p2a: Kingambit|Kingambit, L50, F|100/100\n|turn|3\n|\n|t:|1788430573\n|move|p2b: Farigiraf|Helping Hand|p2a: Kingambit\n|-singleturn|p2a: Kingambit|Helping Hand|[of] p2b: Farigiraf\n|move|p2a: Kingambit|Sucker Punch|p1b: Checkmate\n|-resisted|p1b: Checkmate|1\n|-damage|p1b: Checkmate|0 fnt\n|faint|p1b: Checkmate\n|-damage|p2a: Kingambit|90/100|[from] item: Life Orb\n|move|p1a: The Biggest Bird|Close Combat|p2a: Kingambit\n|-supereffective|p2a: Kingambit|2\n|-damage|p2a: Kingambit|0 fnt\n|-boost|p1a: The Biggest Bird|def|1\n|-boost|p1a: The Biggest Bird|spd|1\n|faint|p2a: Kingambit\n|\n|upkeep\n|\n|t:|1788430579\n|switch|p2a: Raichu|Raichu, L50, F|100/100\n|switch|p1b: 6”3|Farigiraf, L50, M|100/100\n|turn|4\n|\n|t:|1788430588\n|detailschange|p2a: Raichu|Raichu-Mega-Y, L50, F\n|-mega|p2a: Raichu|Raichu|Raichunite Y\n|move|p2b: Farigiraf|Helping Hand|p2a: Raichu\n|-singleturn|p2a: Raichu|Helping Hand|[of] p2b: Farigiraf\n|move|p1b: 6”3|Hyper Voice|p2b: Farigiraf|[spread] p2a,p2b\n|-damage|p2a: Raichu|65/100\n|-damage|p2b: Farigiraf|49/100\n|move|p1a: The Biggest Bird|Close Combat|p2b: Farigiraf\n|-damage|p2b: Farigiraf|0 fnt\n|-boost|p1a: The Biggest Bird|def|1\n|-boost|p1a: The Biggest Bird|spd|1\n|faint|p2b: Farigiraf\n|move|p2a: Raichu|Zap Cannon|p1b: 6”3\n|-crit|p1b: 6”3\n|-damage|p1b: 6”3|0 fnt\n|faint|p1b: 6”3\n|\n|upkeep\n|\n|t:|1788430597\n|switch|p1b: Toothless|Garchomp, L50, M|100/100\n|turn|5\n|-message|soulo333 forfeited.\n|\n|win|NemoAK\n","uploadtime":1788430602,"views":"7","formatid":"gen9championsvgc2026regmbbo3","rating":null,"private":0,"password":null}