{"id":"gen9championsvgc2026regmb-2674165966","format":"[Gen 9 Champions] VGC 2026 Reg M-B","players":["SupaJello","AtomX7VGC"],"log":"|j|☆SupaJello\n|j|☆AtomX7VGC\n|html|<table width=\"100%\"><tr><td align=\"left\">SupaJello</td><td align=\"right\">AtomX7VGC</tr><tr><td align=\"left\"><i class=\"fa fa-circle\"></i> <i class=\"fa fa-circle-o\"></i> </td><td align=\"right\"><i class=\"fa fa-circle-o\"></i> <i class=\"fa fa-circle\"></i> </tr></table>\n|uhtml|bestof|<h2><strong>Game 3</strong> of <a href=\"/game-bestof3-gen9championsvgc2026regmb-2674163116\">a best-of-3</a></h2>\n|t:|1788309036\n|gametype|doubles\n|player|p1|SupaJello|hilbert|\n|player|p2|AtomX7VGC|linebacker|\n|gen|9\n|tier|[Gen 9 Champions] VGC 2026 Reg M-B\n|rated|Tournament battle\n|rule|Species Clause: Limit one of each Pokémon\n|rule|Item Clause: Limit 1 of each item\n|raw|<div class=\"infobox\"><details class=\"readmore\" open><summary><strong>2 custom rules:</strong></summary> Force Open Team Sheets, Best of = 3</details></div>\n|clearpoke\n|poke|p1|Garchomp, L50, M|\n|poke|p1|Delphox, L50, M|\n|poke|p1|Vivillon, L50, M|\n|poke|p1|Sinistcha, L50|\n|poke|p1|Basculegion, L50, M|\n|poke|p1|Floette-Eternal, L50, F|\n|poke|p2|Dragonite, L50, M|\n|poke|p2|Arcanine-Hisui, L50, M|\n|poke|p2|Whimsicott, L50, F|\n|poke|p2|Floette-Eternal, L50, F|\n|poke|p2|Basculegion, L50, M|\n|poke|p2|Kingambit, L50, M|\n|teampreview|4\n|showteam|p1|Garchomp||LifeOrb|RoughSkin|Earthquake,RockSlide,DragonClaw,Protect|Jolly||M|||50|]Delphox||Delphoxite|Blaze|NastyPlot,HeatWave,Psychic,Protect|Timid||M|||50|]Vivillon||ChoiceScarf|CompoundEyes|SleepPowder,Hurricane,RagePowder,Tailwind|Timid||M|||50|]Sinistcha||SitrusBerry|Hospitality|TrickRoom,MatchaGotcha,RagePowder,Protect|Bold|||||50|]Basculegion||MysticWater|Adaptability|WaveCrash,AquaJet,LastRespects,Protect|Jolly||M|||50|]Floette-Eternal||Floettite|FlowerVeil|Moonblast,DazzlingGleam,CalmMind,Protect|Timid||F|||50|\n|showteam|p2|Dragonite||Dragoninite|Multiscale|Protect,DragonPulse,HeatWave,ExtremeSpeed|Modest||M|||50|]Arcanine-Hisui||FocusSash|RockHead|Protect,FlareBlitz,RockSlide,ExtremeSpeed|Jolly||M|||50|]Whimsicott||OccaBerry|Prankster|Protect,Moonblast,Tailwind,Encore|Timid||F|||50|]Floette-Eternal||Floettite|FlowerVeil|Protect,LightofRuin,Moonblast,DazzlingGleam|Timid||F|||50|]Basculegion||LifeOrb|SwiftSwim|Protect,WaveCrash,AquaJet,LastRespects|Adamant||M|||50|]Kingambit||ChopleBerry|Defiant|SuckerPunch,KowtowCleave,IronHead,LowKick|Adamant||M|||50|\n|inactive|Battle timer is ON: inactive players will automatically lose when time's up. (requested by SupaJello)\n|j| Gibbermish!\n|inactive|AtomX7VGC has 60 seconds left.\n|inactive|AtomX7VGC has 30 seconds left.\n|\n|t:|1788309103\n|teamsize|p1|4\n|teamsize|p2|4\n|start\n|switch|p1a: Garchomp|Garchomp, L50, M|100/100\n|switch|p1b: Vivillon|Vivillon, L50, M|100/100\n|switch|p2a: Kingambit|Kingambit, L50, M|100/100\n|switch|p2b: Floette|Floette-Eternal, L50, F|100/100\n|turn|1\n|\n|t:|1788309115\n|switch|p2a: Whimsicott|Whimsicott, L50, F|100/100\n|move|p2b: Floette|Protect|p2b: Floette\n|-singleturn|p2b: Floette|Protect\n|move|p1b: Vivillon|Sleep Powder|p2a: Whimsicott\n|-immune|p2a: Whimsicott\n|move|p1a: Garchomp|Earthquake|p2a: Whimsicott|[spread] p2a\n|-activate|p2b: Floette|move: Protect\n|-immune|p1b: Vivillon\n|-resisted|p2a: Whimsicott|1\n|-damage|p2a: Whimsicott|62/100\n|-damage|p1a: Garchomp|90/100|[from] item: Life Orb\n|\n|upkeep\n|turn|2\n|inactive|AtomX7VGC has 30 seconds left.\n|\n|t:|1788309145\n|switch|p1a: Floette|Floette-Eternal, L50, F|100/100\n|detailschange|p2b: Floette|Floette-Mega, L50, F\n|-mega|p2b: Floette|Floette|Floettite\n|-ability|p2b: Floette|Fairy Aura\n|move|p2a: Whimsicott|Tailwind|p2a: Whimsicott\n|-sidestart|p2: AtomX7VGC|move: Tailwind\n|move|p2b: Floette|Dazzling Gleam|p1a: Floette|[spread] p1a,p1b\n|-damage|p1a: Floette|54/100\n|-damage|p1b: Vivillon|13/100\n|move|p1b: Vivillon|Sleep Powder|p2b: Floette\n|-status|p2b: Floette|slp|[from] move: Sleep Powder\n|\n|upkeep\n|turn|3\n|\n|t:|1788309165\n|switch|p1b: Sinistcha|Sinistcha, L50|100/100\n|-heal|p1a: Floette|78/100|[from] ability: Hospitality|[of] p1b: Sinistcha\n|detailschange|p1a: Floette|Floette-Mega, L50, F\n|-mega|p1a: Floette|Floette|Floettite\n|-ability|p1a: Floette|Fairy Aura\n|move|p2a: Whimsicott|Moonblast|p1a: Floette\n|-damage|p1a: Floette|40/100\n|cant|p2b: Floette|slp\n|move|p1a: Floette|Dazzling Gleam|p2b: Floette|[spread] p2a,p2b\n|-damage|p2a: Whimsicott|0 fnt\n|-damage|p2b: Floette|66/100 slp\n|faint|p2a: Whimsicott\n|\n|upkeep\n|\n|t:|1788309178\n|switch|p2a: Basculegion|Basculegion, L50, M|100/100\n|turn|4\n|\n|t:|1788309186\n|move|p1b: Sinistcha|Rage Powder|p1b: Sinistcha\n|-singleturn|p1b: Sinistcha|move: Rage Powder\n|cant|p2b: Floette|slp\n|move|p2a: Basculegion|Last Respects|p1b: Sinistcha\n|-supereffective|p1b: Sinistcha|1\n|-damage|p1b: Sinistcha|10/100\n|-enditem|p1b: Sinistcha|Sitrus Berry|[eat]\n|-heal|p1b: Sinistcha|35/100|[from] item: Sitrus Berry\n|-damage|p2a: Basculegion|90/100|[from] item: Life Orb\n|move|p1a: Floette|Dazzling Gleam|p2b: Floette|[spread] p2a,p2b\n|-damage|p2a: Basculegion|49/100\n|-damage|p2b: Floette|33/100 slp\n|\n|upkeep\n|turn|5\n|\n|t:|1788309194\n|-curestatus|p2b: Floette|slp|[msg]\n|move|p2b: Floette|Protect|p2b: Floette\n|-singleturn|p2b: Floette|Protect\n|move|p2a: Basculegion|Protect|p2a: Basculegion\n|-singleturn|p2a: Basculegion|Protect\n|move|p1a: Floette|Protect|p1a: Floette\n|-singleturn|p1a: Floette|Protect\n|move|p1b: Sinistcha|Matcha Gotcha|p2a: Basculegion|[spread] \n|-activate|p2a: Basculegion|move: Protect\n|-activate|p2b: Floette|move: Protect\n|\n|-sideend|p2: AtomX7VGC|move: Tailwind\n|upkeep\n|turn|6\n|inactive|AtomX7VGC has 30 seconds left.\n|\n|t:|1788309232\n|switch|p2a: Kingambit|Kingambit, L50, M|100/100\n|move|p1b: Sinistcha|Rage Powder|p1b: Sinistcha\n|-singleturn|p1b: Sinistcha|move: Rage Powder\n|move|p1a: Floette|Dazzling Gleam|p2a: Kingambit|[spread] p2a,p2b\n|-damage|p2a: Kingambit|66/100\n|-damage|p2b: Floette|1/100\n|move|p2b: Floette|Dazzling Gleam|p1a: Floette|[spread] p1a,p1b\n|-damage|p1a: Floette|1/100\n|-damage|p1b: Sinistcha|0 fnt\n|faint|p1b: Sinistcha\n|\n|upkeep\n|\n|t:|1788309237\n|switch|p1b: Vivillon|Vivillon, L50, M|13/100\n|turn|7\n|inactive|AtomX7VGC has 30 seconds left.\n|inactive|AtomX7VGC has 20 seconds left.\n|\n|t:|1788309277\n|switch|p2b: Basculegion|Basculegion, L50, M|49/100\n|move|p2a: Kingambit|Sucker Punch|p1a: Floette\n|-resisted|p1a: Floette|1\n|-damage|p1a: Floette|0 fnt\n|faint|p1a: Floette\n|move|p1b: Vivillon|Sleep Powder|p2a: Kingambit\n|-status|p2a: Kingambit|slp|[from] move: Sleep Powder\n|\n|upkeep\n|\n|t:|1788309280\n|switch|p1a: Garchomp|Garchomp, L50, M|90/100\n|turn|8\n|\n|t:|1788309298\n|move|p2b: Basculegion|Aqua Jet|p1b: Vivillon\n|-damage|p1b: Vivillon|0 fnt\n|faint|p1b: Vivillon\n|-damage|p2b: Basculegion|39/100|[from] item: Life Orb\n|cant|p2a: Kingambit|slp\n|move|p1a: Garchomp|Earthquake|p2a: Kingambit|[spread] p2a,p2b\n|-supereffective|p2a: Kingambit|1\n|-damage|p2a: Kingambit|1/100 slp\n|-damage|p2b: Basculegion|0 fnt\n|faint|p2b: Basculegion\n|-damage|p1a: Garchomp|80/100|[from] item: Life Orb\n|\n|upkeep\n|\n|t:|1788309303\n|switch|p2b: Floette|Floette-Mega, L50, F|1/100\n|-ability|p2b: Floette|Fairy Aura\n|turn|9\n|\n|t:|1788309317\n|-curestatus|p2a: Kingambit|slp|[msg]\n|move|p2a: Kingambit|Sucker Punch|p1a: Garchomp\n|-damage|p1a: Garchomp|40/100\n|-damage|p2a: Kingambit|0 fnt|[from] ability: Rough Skin|[of] p1a: Garchomp\n|faint|p2a: Kingambit\n|move|p1a: Garchomp|Earthquake|p2b: Floette\n|-damage|p2b: Floette|0 fnt\n|faint|p2b: Floette\n|-damage|p1a: Garchomp|31/100|[from] item: Life Orb\n|\n|win|SupaJello\n|c|☆AtomX7VGC|ggwp\n","uploadtime":1788309327,"views":"0","formatid":"gen9championsvgc2026regmb","rating":null,"private":0,"password":null}