{"id":"gen9championsvgc2026regmbbo3-2673284670","format":"[Gen 9 Champions] VGC 2026 Reg M-B (Bo3)","players":["idkhowtonamethis","humania1"],"log":"|j|☆idkhowtonamethis\n|j|☆humania1\n|html|<table width=\"100%\"><tr><td align=\"left\">idkhowtonamethis</td><td align=\"right\">humania1</tr><tr><td align=\"left\"><i class=\"fa fa-circle-o\"></i> <i class=\"fa fa-circle-o\"></i> </td><td align=\"right\"><i class=\"fa fa-circle-o\"></i> <i class=\"fa fa-circle-o\"></i> </tr></table>\n|uhtml|bestof|<h2><strong>Game 1</strong> of <a href=\"/game-bestof3-gen9championsvgc2026regmbbo3-2673284669\">a best-of-3</a></h2>\n|t:|1788176830\n|gametype|doubles\n|player|p1|idkhowtonamethis|red|1134\n|player|p2|humania1|170|1000\n|gen|9\n|tier|[Gen 9 Champions] VGC 2026 Reg M-B (Bo3)\n|rated|\n|rule|Species Clause: Limit one of each Pokémon\n|rule|Item Clause: Limit 1 of each item\n|clearpoke\n|poke|p1|Floette-Eternal, L50, F|\n|poke|p1|Basculegion, L50, M|\n|poke|p1|Kingambit, L50, F|\n|poke|p1|Dragonite, L50, F|\n|poke|p1|Garchomp, L50, F|\n|poke|p1|Sneasler, L50, F|\n|poke|p2|Blastoise, L50, M|\n|poke|p2|Delphox, L50, M, shiny|\n|poke|p2|Incineroar, L50, F|\n|poke|p2|Sinistcha, L50|\n|poke|p2|Sneasler, L50, M|\n|poke|p2|Vivillon, L50, F|\n|teampreview|4\n|showteam|p1|Floette-Eternal||Floettite|FlowerVeil|Moonblast,DazzlingGleam,LightofRuin,Protect|Timid||F|||50|]Basculegion||LifeOrb|Adaptability|WaveCrash,LastRespects,AquaJet,Protect|Adamant||M|||50|]Kingambit||ChopleBerry|Defiant|SuckerPunch,KowtowCleave,LowKick,IronHead|Adamant||F|||50|]Dragonite||Dragoninite|Multiscale|DragonPulse,HeatWave,ExtremeSpeed,Protect|Modest||F|||50|]Garchomp||ChoiceScarf|RoughSkin|DragonClaw,StompingTantrum,Earthquake,RockSlide|Adamant||F|||50|]Sneasler||FocusSash|PoisonTouch|CloseCombat,DireClaw,FakeOut,Feint|Jolly||F|||50|\n|showteam|p2|Blastoise||Blastoisinite|Torrent|Protect,ShellSmash,WaterSpout,DarkPulse|Modest||M|||50|]Delphox||Delphoxite|Blaze|Protect,HeatWave,Psyshock,NastyPlot|Timid||M|||50|]Incineroar||PasshoBerry|Intimidate|FakeOut,PartingShot,FlareBlitz,ThroatChop|Impish||F|||50|]Sinistcha||SitrusBerry|Hospitality|Protect,MatchaGotcha,TrickRoom,RagePowder|Bold|||||50|]Sneasler||FocusSash|PoisonTouch|QuickGuard,FakeOut,CloseCombat,DireClaw|Jolly||M|||50|]Vivillon||ChoiceScarf|CompoundEyes|Hurricane,SleepPowder,RagePowder,Uturn|Timid||F|||50|\n|inactive|Battle timer is ON: inactive players will automatically lose when time's up. (requested by idkhowtonamethis)\n|inactive|idkhowtonamethis has 60 seconds left.\n|inactive|idkhowtonamethis has 30 seconds left.\n|inactive|idkhowtonamethis has 20 seconds left.\n|inactive|idkhowtonamethis has 15 seconds left.\n|inactive|idkhowtonamethis has 10 seconds left.\n|inactive|idkhowtonamethis has 5 seconds left.\n|\n|t:|1788176941\n|teamsize|p1|4\n|teamsize|p2|4\n|start\n|switch|p1a: Dragonite|Dragonite, L50, F|100/100\n|switch|p1b: Kingambit|Kingambit, L50, F|100/100\n|switch|p2a: Blastoise|Blastoise, L50, M|100/100\n|switch|p2b: Delphox|Delphox, L50, M, shiny|100/100\n|turn|1\n|\n|t:|1788176958\n|detailschange|p1a: Dragonite|Dragonite-Mega, L50, F\n|-mega|p1a: Dragonite|Dragonite|Dragoninite\n|move|p2b: Delphox|Heat Wave|p1a: Dragonite|[spread] p1a,p1b\n|-resisted|p1a: Dragonite|1\n|-supereffective|p1b: Kingambit|1\n|-damage|p1a: Dragonite|92/100\n|-damage|p1b: Kingambit|21/100\n|-status|p1a: Dragonite|brn\n|move|p2a: Blastoise|Water Spout|p1a: Dragonite|[spread] p1a,p1b\n|-resisted|p1a: Dragonite|1\n|-damage|p1a: Dragonite|72/100 brn\n|-damage|p1b: Kingambit|0 fnt\n|faint|p1b: Kingambit\n|move|p1a: Dragonite|Dragon Pulse|p2a: Blastoise\n|-damage|p2a: Blastoise|53/100\n|\n|-damage|p1a: Dragonite|66/100 brn|[from] brn\n|upkeep\n|\n|t:|1788176968\n|switch|p1b: Basculegion|Basculegion, L50, M|100/100\n|turn|2\n|\n|t:|1788176976\n|move|p1b: Basculegion|Aqua Jet|p2b: Delphox\n|-supereffective|p2b: Delphox|1\n|-damage|p2b: Delphox|18/100\n|-damage|p1b: Basculegion|90/100|[from] item: Life Orb\n|move|p2b: Delphox|Psyshock|p1b: Basculegion\n|-damage|p1b: Basculegion|45/100\n|move|p2a: Blastoise|Dark Pulse|p1b: Basculegion\n|-supereffective|p1b: Basculegion|1\n|-damage|p1b: Basculegion|0 fnt\n|faint|p1b: Basculegion\n|move|p1a: Dragonite|Dragon Pulse|p2a: Blastoise\n|-damage|p2a: Blastoise|6/100\n|\n|-damage|p1a: Dragonite|60/100 brn|[from] brn\n|upkeep\n|\n|t:|1788176986\n|switch|p1b: Garchomp|Garchomp, L50, F|100/100\n|turn|3\n|inactive|idkhowtonamethis has 30 seconds left.\n|inactive|idkhowtonamethis has 20 seconds left.\n|\n|t:|1788177023\n|switch|p2a: Sinistcha|Sinistcha, L50|100/100\n|-heal|p2b: Delphox|42/100|[from] ability: Hospitality|[of] p2a: Sinistcha\n|move|p2b: Delphox|Protect|p2b: Delphox\n|-singleturn|p2b: Delphox|Protect\n|move|p1b: Garchomp|Earthquake|p2a: Sinistcha|[spread] p2a\n|-activate|p2b: Delphox|move: Protect\n|-immune|p1a: Dragonite\n|-resisted|p2a: Sinistcha|1\n|-damage|p2a: Sinistcha|84/100\n|move|p1a: Dragonite|Dragon Pulse|p2b: Delphox\n|-activate|p2b: Delphox|move: Protect\n|\n|-damage|p1a: Dragonite|54/100 brn|[from] brn\n|upkeep\n|turn|4\n|\n|t:|1788177035\n|move|p1b: Garchomp|Earthquake|p2a: Sinistcha|[spread] p2a,p2b\n|-immune|p1a: Dragonite\n|-resisted|p2a: Sinistcha|1\n|-supereffective|p2b: Delphox|1\n|-damage|p2a: Sinistcha|70/100\n|-damage|p2b: Delphox|0 fnt\n|faint|p2b: Delphox\n|move|p1a: Dragonite|Heat Wave|p2a: Sinistcha\n|-supereffective|p2a: Sinistcha|1\n|-damage|p2a: Sinistcha|10/100\n|-enditem|p2a: Sinistcha|Sitrus Berry|[eat]\n|-heal|p2a: Sinistcha|35/100|[from] item: Sitrus Berry\n|move|p2a: Sinistcha|Trick Room|p2a: Sinistcha\n|-fieldstart|move: Trick Room|[of] p2a: Sinistcha\n|\n|-damage|p1a: Dragonite|48/100 brn|[from] brn\n|upkeep\n|\n|t:|1788177035\n|switch|p2b: Blastoise|Blastoise, L50, M|6/100\n|turn|5\n|\n|t:|1788177055\n|move|p2b: Blastoise|Protect|p2b: Blastoise\n|-singleturn|p2b: Blastoise|Protect\n|move|p1a: Dragonite|Extreme Speed|p2b: Blastoise\n|-activate|p2b: Blastoise|move: Protect\n|move|p1b: Garchomp|Earthquake|p2a: Sinistcha|[spread] p2a\n|-activate|p2b: Blastoise|move: Protect\n|-immune|p1a: Dragonite\n|-resisted|p2a: Sinistcha|1\n|-damage|p2a: Sinistcha|19/100\n|move|p2a: Sinistcha|Trick Room|p2a: Sinistcha\n|-fieldend|move: Trick Room\n|\n|-damage|p1a: Dragonite|42/100 brn|[from] brn\n|upkeep\n|turn|6\n|c|☆idkhowtonamethis|What\n|\n|t:|1788177069\n|switch|p2b: Incineroar|Incineroar, L50, F|100/100\n|-ability|p2b: Incineroar|Intimidate|boost\n|-unboost|p1a: Dragonite|atk|1\n|-unboost|p1b: Garchomp|atk|1\n|move|p1b: Garchomp|Earthquake|p2b: Incineroar|[spread] p2a,p2b\n|-immune|p1a: Dragonite\n|-resisted|p2a: Sinistcha|1\n|-supereffective|p2b: Incineroar|1\n|-damage|p2a: Sinistcha|10/100\n|-damage|p2b: Incineroar|61/100\n|move|p1a: Dragonite|Heat Wave|p2a: Sinistcha|[spread] p2a,p2b\n|-supereffective|p2a: Sinistcha|1\n|-resisted|p2b: Incineroar|1\n|-damage|p2a: Sinistcha|0 fnt\n|-damage|p2b: Incineroar|49/100\n|faint|p2a: Sinistcha\n|\n|-damage|p1a: Dragonite|36/100 brn|[from] brn\n|upkeep\n|\n|t:|1788177069\n|switch|p2a: Blastoise|Blastoise, L50, M|6/100\n|turn|7\n|\n|t:|1788177091\n|move|p2a: Blastoise|Protect|p2a: Blastoise\n|-singleturn|p2a: Blastoise|Protect\n|move|p1b: Garchomp|Earthquake|p2a: Blastoise|[spread] p2b\n|-activate|p2a: Blastoise|move: Protect\n|-immune|p1a: Dragonite\n|-supereffective|p2b: Incineroar|1\n|-damage|p2b: Incineroar|12/100\n|move|p1a: Dragonite|Dragon Pulse|p2a: Blastoise\n|-activate|p2a: Blastoise|move: Protect\n|move|p2b: Incineroar|Throat Chop|p1a: Dragonite\n|-damage|p1a: Dragonite|5/100 brn\n|-start|p1a: Dragonite|Throat Chop|[silent]\n|\n|-damage|p1a: Dragonite|0 fnt|[from] brn\n|faint|p1a: Dragonite\n|upkeep\n|turn|8\n|\n|t:|1788177099\n|move|p1b: Garchomp|Earthquake|p2b: Incineroar|[spread] p2a,p2b\n|-supereffective|p2b: Incineroar|1\n|-damage|p2a: Blastoise|0 fnt\n|-damage|p2b: Incineroar|0 fnt\n|faint|p2a: Blastoise\n|faint|p2b: Incineroar\n|\n|win|idkhowtonamethis\n","uploadtime":1788177099,"views":"0","formatid":"gen9championsvgc2026regmbbo3","rating":null,"private":0,"password":null}