{"id":"gen9championsvgc2026regmb-2674139846","format":"[Gen 9 Champions] VGC 2026 Reg M-B","players":["RealGreenstone","Possibly Human"],"log":"|j|☆RealGreenstone\n|j|☆Possibly Human\n|t:|1788305031\n|gametype|doubles\n|player|p1|RealGreenstone|170|\n|player|p2|Possibly Human|caitlin|\n|gen|9\n|tier|[Gen 9 Champions] VGC 2026 Reg M-B\n|rule|Species Clause: Limit one of each Pokémon\n|rule|Item Clause: Limit 1 of each item\n|clearpoke\n|poke|p1|Scizor, L50, M, shiny|\n|poke|p1|Forretress, L50, M, shiny|\n|poke|p1|Kleavor, L50, M, shiny|\n|poke|p1|Volcarona, L50, F, shiny|\n|poke|p1|Araquanid, L50, M, shiny|\n|poke|p1|Heracross, L50, F, shiny|\n|poke|p2|Chandelure, L50, M|\n|poke|p2|Aromatisse, L50, F|\n|poke|p2|Metagross, L50|\n|poke|p2|Vivillon, L50, M|\n|poke|p2|Primarina, L50, M|\n|poke|p2|Meowstic, L50, M|\n|teampreview|4\n|c|☆Possibly Human|MONO BUG RAHHHHH\n|c|☆RealGreenstone|who's team bugs who's now\n|c|☆Possibly Human|this game is really lacking on the bugs tbh\n|\n|t:|1788305095\n|teamsize|p1|4\n|teamsize|p2|4\n|start\n|switch|p1a: Cheese|Forretress, L50, M, shiny|100/100\n|switch|p1b: Joe|Kleavor, L50, M, shiny|100/100\n|switch|p2a: Aromatisse|Aromatisse, L50, F|100/100\n|switch|p2b: Primarina|Primarina, L50, M|100/100\n|turn|1\n|\n|t:|1788305108\n|move|p2b: Primarina|Protect|p2b: Primarina\n|-singleturn|p2b: Primarina|Protect\n|move|p1b: Joe|Stone Axe|p2a: Aromatisse\n|-damage|p2a: Aromatisse|65/100\n|-sidestart|p2: Possibly Human|move: Stealth Rock\n|-damage|p1b: Joe|90/100|[from] item: Life Orb\n|move|p1a: Cheese|Toxic Spikes|p2a: Aromatisse\n|-sidestart|p2: Possibly Human|move: Toxic Spikes\n|move|p2a: Aromatisse|Trick Room|p2a: Aromatisse\n|-fieldstart|move: Trick Room|[of] p2a: Aromatisse\n|\n|upkeep\n|turn|2\n|\n|t:|1788305128\n|move|p2a: Aromatisse|Moonblast|p1b: Joe\n|-damage|p1b: Joe|32/100\n|move|p1a: Cheese|Light Screen|p1a: Cheese\n|-sidestart|p1: RealGreenstone|move: Light Screen\n|move|p2b: Primarina|Calm Mind|p2b: Primarina\n|-boost|p2b: Primarina|spa|1\n|-boost|p2b: Primarina|spd|1\n|move|p1b: Joe|Skitter Smack|p2b: Primarina\n|-resisted|p2b: Primarina|1\n|-damage|p2b: Primarina|67/100\n|-unboost|p2b: Primarina|spa|1\n|-damage|p1b: Joe|22/100|[from] item: Life Orb\n|\n|upkeep\n|turn|3\n|\n|t:|1788305145\n|move|p2a: Aromatisse|Moonblast|p1a: Cheese\n|-resisted|p1a: Cheese|1\n|-damage|p1a: Cheese|89/100\n|move|p1a: Cheese|Explosion|p2a: Aromatisse|[spread] p1b,p2a,p2b\n|-resisted|p1b: Joe|1\n|-damage|p1b: Joe|0 fnt\n|-damage|p2a: Aromatisse|36/100\n|-damage|p2b: Primarina|27/100\n|faint|p1a: Cheese\n|faint|p1b: Joe\n|move|p2b: Primarina|Hyper Voice|p1: Cheese|[notarget]\n|-fail|p2b: Primarina\n|\n|upkeep\n|c|☆Possibly Human|oh\n|\n|t:|1788305152\n|switch|p1a: Leaf|Scizor, L50, M, shiny|100/100\n|switch|p1b: Pie|Heracross, L50, F, shiny|100/100\n|turn|4\n|c|☆Possibly Human|I should've calm minded again tbh\n|\n|t:|1788305170\n|detailschange|p1a: Leaf|Scizor-Mega, L50, M, shiny\n|-mega|p1a: Leaf|Scizor|Scizorite\n|move|p2b: Primarina|Protect|p2b: Primarina\n|-singleturn|p2b: Primarina|Protect\n|move|p2a: Aromatisse|Moonblast|p1b: Pie\n|-supereffective|p1b: Pie|1\n|-damage|p1b: Pie|46/100\n|move|p1a: Leaf|Lunge|p2b: Primarina\n|-activate|p2b: Primarina|move: Protect\n|move|p1b: Pie|High Horsepower|p2a: Aromatisse\n|-damage|p2a: Aromatisse|12/100\n|\n|-heal|p1b: Pie|52/100|[from] item: Leftovers\n|upkeep\n|turn|5\n|c|☆Possibly Human|lunge?\n|c|☆Possibly Human|a choice ever\n|c|☆Possibly Human|bug bite is prolly a better bug stab\n|\n|t:|1788305205\n|move|p1a: Leaf|Bullet Punch|p2b: Primarina\n|-damage|p2b: Primarina|0 fnt\n|faint|p2b: Primarina\n|move|p2a: Aromatisse|Moonblast|p1b: Pie\n|-supereffective|p1b: Pie|1\n|-damage|p1b: Pie|0 fnt\n|faint|p1b: Pie\n|\n|-fieldend|move: Trick Room\n|upkeep\n|\n|t:|1788305219\n|switch|p2b: Meowstic|Meowstic, L50, M|100/100\n|-damage|p2b: Meowstic|87/100|[from] Stealth Rock\n|-status|p2b: Meowstic|psn\n|turn|6\n|\n|t:|1788305230\n|move|p2b: Meowstic|Fake Out|p1a: Leaf\n|-resisted|p1a: Leaf|1\n|-damage|p1a: Leaf|97/100\n|cant|p1a: Leaf|flinch\n|move|p2a: Aromatisse|Moonblast|p1a: Leaf\n|-resisted|p1a: Leaf|1\n|-damage|p1a: Leaf|87/100\n|\n|-damage|p2b: Meowstic|75/100 psn|[from] psn\n|-sideend|p1: RealGreenstone|move: Light Screen\n|upkeep\n|turn|7\n|c|☆RealGreenstone|idk what you can really do to this guy ngl\n|c|☆Possibly Human|not much\n|\n|t:|1788305254\n|move|p2b: Meowstic|Fake Tears|p1a: Leaf\n|-unboost|p1a: Leaf|spd|2\n|move|p1a: Leaf|Bullet Punch|p2a: Aromatisse\n|-supereffective|p2a: Aromatisse|1\n|-damage|p2a: Aromatisse|0 fnt\n|faint|p2a: Aromatisse\n|\n|-damage|p2b: Meowstic|63/100 psn|[from] psn\n|upkeep\n|\n|t:|1788305264\n|switch|p2a: Vivillon|Vivillon, L50, M|100/100\n|-damage|p2a: Vivillon|50/100y|[from] Stealth Rock\n|turn|8\n|c|☆RealGreenstone|unles chandelure\n|c|☆Possibly Human|butterfly :3\n|\n|t:|1788305284\n|move|p2b: Meowstic|Fake Tears|p1a: Leaf\n|-unboost|p1a: Leaf|spd|2\n|move|p1a: Leaf|Bullet Punch|p2a: Vivillon\n|-damage|p2a: Vivillon|0 fnt\n|faint|p2a: Vivillon\n|\n|-damage|p2b: Meowstic|51/100 psn|[from] psn\n|upkeep\n|turn|9\n|c|☆Possibly Human|erm\n|c|☆RealGreenstone|erm\n|c|☆Possibly Human|that hurricane would've killed I think\n|c|☆Possibly Human|not that I could've landed it lol\n|\n|t:|1788305310\n|move|p2b: Meowstic|Psychic|p1a: Leaf\n|-resisted|p1a: Leaf|1\n|-damage|p1a: Leaf|51/100\n|move|p1a: Leaf|Lunge|p2b: Meowstic\n|-supereffective|p2b: Meowstic|1\n|-damage|p2b: Meowstic|0 fnt\n|faint|p2b: Meowstic\n|\n|win|RealGreenstone\n|c|☆Possibly Human|awkward\n|c|☆RealGreenstone|guys im finnally STANDING UP for myself\n|c|☆Possibly Human|my dumbass really lost to a full bug squad\n|c|☆RealGreenstone|hint hint nudge nudge\n|c|☆RealGreenstone|to my next team\n|c|☆Possibly Human|for your next team? lol\n|c|☆RealGreenstone|and my teams disapeared again?\n|c|☆Possibly Human|rly?\n|c|☆RealGreenstone|yea\n|c|☆Possibly Human|did you have a bunch made or smth\n|c|☆RealGreenstone|like 4\n|c|☆Possibly Human|cause after I make a team I just queue a battle with one to make sure the thing saves it on the server\n|c|☆RealGreenstone|like they already disapeared\n|c|☆RealGreenstone|but then came back\n|c|☆RealGreenstone|and now are gone again\n|c|☆Possibly Human|weird shit\n|c|☆Possibly Human|afk for like 5m btw\n|c|☆RealGreenstone|k\n|c|☆RealGreenstone|idk if the team is going to reappear\n|c|☆Possibly Human|back\n|c|☆RealGreenstone|oky\n|l|☆Possibly Human\n|player|p2|\n","uploadtime":1788308737,"views":"12","formatid":"gen9championsvgc2026regmb","rating":null,"private":0,"password":null}