{"id":"gen9championsvgc2026regmb-2674249540","format":"[Gen 9 Champions] VGC 2026 Reg M-B","players":["UnovAgenda","Thornlace48812"],"log":"|j|☆UnovAgenda\n|j|☆Thornlace48812\n|t:|1788323237\n|gametype|doubles\n|player|p1|UnovAgenda|n|1094\n|player|p2|Thornlace48812|1|1080\n|gen|9\n|tier|[Gen 9 Champions] VGC 2026 Reg M-B\n|rated|\n|rule|Species Clause: Limit one of each Pokémon\n|rule|Item Clause: Limit 1 of each item\n|clearpoke\n|poke|p1|Basculegion, L50, M|\n|poke|p1|Audino, L50, F|\n|poke|p1|Samurott-Hisui, L50, M|\n|poke|p1|Skarmory, L50, F|\n|poke|p1|Glimmora, L50, F|\n|poke|p1|Vanilluxe, L50, M|\n|poke|p2|Garchomp, L50, F|\n|poke|p2|Charizard, L50, M|\n|poke|p2|Whimsicott, L50, M|\n|poke|p2|Sylveon, L50, F|\n|poke|p2|Kingambit, L50, F|\n|poke|p2|Basculegion, L50, M|\n|teampreview|4\n|inactive|Battle timer is ON: inactive players will automatically lose when time's up. (requested by Thornlace48812)\nThornlace48812 rejected open team sheets.\n|\n|t:|1788323254\n|teamsize|p1|4\n|teamsize|p2|4\n|start\n|switch|p1a: Arceus Poison|Samurott-Hisui, L50, M|100/100\n|switch|p1b: Glimmora|Glimmora, L50, F|100/100\n|switch|p2a: Charizard|Charizard, L50, M|100/100\n|switch|p2b: Sylveon|Sylveon, L50, F|100/100\n|turn|1\n|\n|t:|1788323271\n|move|p2a: Charizard|Protect|p2a: Charizard\n|-singleturn|p2a: Charizard|Protect\n|move|p1b: Glimmora|Power Gem|p2a: Charizard\n|-activate|p2a: Charizard|move: Protect\n|move|p1a: Arceus Poison|Ceaseless Edge|p2b: Sylveon\n|-resisted|p2b: Sylveon|1\n|-damage|p2b: Sylveon|68/100\n|-sidestart|p2: Thornlace48812|Spikes\n|move|p2b: Sylveon|Hyper Voice|p1b: Glimmora|[spread] p1a,p1b\n|-supereffective|p1a: Arceus Poison|1\n|-crit|p1a: Arceus Poison\n|-resisted|p1b: Glimmora|1\n|-damage|p1a: Arceus Poison|0 fnt\n|-damage|p1b: Glimmora|74/100\n|faint|p1a: Arceus Poison\n|\n|upkeep\n|\n|t:|1788323279\n|switch|p1a: Vanilluxe|Vanilluxe, L50, M|100/100\n|-weather|Snowscape|[from] ability: Snow Warning|[of] p1a: Vanilluxe\n|turn|2\n|\n|t:|1788323283\n|switch|p1a: Audino|Audino, L50, F|100/100\n|detailschange|p2a: Charizard|Charizard-Mega-Y, L50, M\n|-mega|p2a: Charizard|Charizard|Charizardite Y\n|-weather|SunnyDay|[from] ability: Drought|[of] p2a: Charizard\n|move|p1b: Glimmora|Power Gem|p2a: Charizard\n|-supereffective|p2a: Charizard|2\n|-damage|p2a: Charizard|0 fnt\n|faint|p2a: Charizard\n|move|p2b: Sylveon|Hyper Voice|p1a: Audino|[spread] p1a,p1b\n|-resisted|p1b: Glimmora|1\n|-damage|p1a: Audino|62/100\n|-damage|p1b: Glimmora|46/100\n|\n|-weather|SunnyDay|[upkeep]\n|upkeep\n|\n|t:|1788323283\n|switch|p2a: Whimsicott|Whimsicott, L50, M|100/100\n|-damage|p2a: Whimsicott|87/100|[from] Spikes\n|turn|3\n|\n|t:|1788323300\n|detailschange|p1a: Audino|Audino-Mega, L50, F\n|-mega|p1a: Audino|Audino|Audinite\n|move|p2a: Whimsicott|Tailwind|p2a: Whimsicott\n|-sidestart|p2: Thornlace48812|move: Tailwind\n|move|p2b: Sylveon|Hyper Voice|p1b: Glimmora|[spread] p1a,p1b\n|-resisted|p1b: Glimmora|1\n|-damage|p1a: Audino|37/100\n|-damage|p1b: Glimmora|20/100r\n|move|p1b: Glimmora|Stealth Rock|p2a: Whimsicott\n|-sidestart|p2: Thornlace48812|move: Stealth Rock\n|move|p1a: Audino|Ice Beam|p2a: Whimsicott\n|-supereffective|p2a: Whimsicott|1\n|-damage|p2a: Whimsicott|26/100\n|\n|-weather|SunnyDay|[upkeep]\n|upkeep\n|turn|4\n|\n|t:|1788323306\n|move|p2a: Whimsicott|Moonblast|p1a: Audino\n|-damage|p1a: Audino|18/100\n|move|p2b: Sylveon|Hyper Voice|p1b: Glimmora|[spread] p1a,p1b\n|-crit|p1a: Audino\n|-resisted|p1b: Glimmora|1\n|-damage|p1a: Audino|0 fnt\n|-damage|p1b: Glimmora|0 fnt\n|faint|p1a: Audino\n|faint|p1b: Glimmora\n|\n|-weather|SunnyDay|[upkeep]\n|upkeep\n|\n|t:|1788323309\n|switch|p1b: Vanilluxe|Vanilluxe, L50, M|100/100\n|-weather|Snowscape|[from] ability: Snow Warning|[of] p1b: Vanilluxe\n|turn|5\n|\n|t:|1788323314\n|move|p2a: Whimsicott|Moonblast|p1b: Vanilluxe\n|-damage|p1b: Vanilluxe|59/100\n|move|p1b: Vanilluxe|Aurora Veil|p1b: Vanilluxe\n|-sidestart|p1: UnovAgenda|move: Aurora Veil\n|move|p2b: Sylveon|Hyper Voice|p1b: Vanilluxe\n|-damage|p1b: Vanilluxe|4/100\n|\n|-weather|Snowscape|[upkeep]\n|upkeep\n|turn|6\n|-message|UnovAgenda forfeited.\n|\n|win|Thornlace48812\n|raw|UnovAgenda's rating: 1094 &rarr; <strong>1069</strong><br />(-25 for losing)\n|raw|Thornlace48812's rating: 1075 &rarr; <strong>1105</strong><br />(+30 for winning)\n","uploadtime":1788323320,"views":"1","formatid":"gen9championsvgc2026regmb","rating":1069,"private":0,"password":null}