{"id":"gen9championsvgc2026regmb-2674030377","format":"[Gen 9 Champions] VGC 2026 Reg M-B","players":["mrbananoe","SuperDonQuixote"],"log":"|j|☆mrbananoe\n|j|☆SuperDonQuixote\n|t:|1788290247\n|gametype|doubles\n|player|p1|mrbananoe|dawn-gen4pt|1401\n|player|p2|SuperDonQuixote|drayden|1353\n|gen|9\n|tier|[Gen 9 Champions] VGC 2026 Reg M-B\n|rated|\n|rule|Species Clause: Limit one of each Pokémon\n|rule|Item Clause: Limit 1 of each item\n|clearpoke\n|poke|p1|Raichu, L50, M|\n|poke|p1|Milotic, L50, F, shiny|\n|poke|p1|Kingambit, L50, F|\n|poke|p1|Noivern, L50, F|\n|poke|p1|Scizor, L50, F, shiny|\n|poke|p1|Incineroar, L50, F|\n|poke|p2|Sneasler, L50, F|\n|poke|p2|Palafin, L50, F|\n|poke|p2|Drampa, L50, M|\n|poke|p2|Sinistcha-Masterpiece, L50|\n|poke|p2|Incineroar, L50, F|\n|poke|p2|Grimmsnarl, L50, M|\n|teampreview|4\n|\n|t:|1788290274\n|teamsize|p1|4\n|teamsize|p2|4\n|start\n|switch|p1a: Milotic|Milotic, L50, F, shiny|100/100\n|switch|p1b: Noivern|Noivern, L50, F|100/100\n|switch|p2a: Grimmsnarl|Grimmsnarl, L50, M|100/100\n|switch|p2b: Palafin|Palafin, L50, F|100/100\n|-item|p2a: Grimmsnarl|Light Clay|[from] ability: Frisk|[of] p1b: Noivern\n|-item|p2b: Palafin|Life Orb|[from] ability: Frisk|[of] p1b: Noivern\n|turn|1\n|j| darkrinorex\n|\n|t:|1788290287\n|detailschange|p2b: Palafin|Palafin-Hero, L50, F\n|switch|p2b: Sneasler|Sneasler, L50, F|100/100\n|move|p2a: Grimmsnarl|Light Screen|p2a: Grimmsnarl\n|-sidestart|p2: SuperDonQuixote|move: Light Screen\n|move|p1b: Noivern|Switcheroo|p2a: Grimmsnarl\n|-activate|p1b: Noivern|move: Trick|[of] p2a: Grimmsnarl\n|-item|p2a: Grimmsnarl|Choice Scarf|[from] move: Switcheroo\n|-item|p1b: Noivern|Light Clay|[from] move: Switcheroo\n|move|p1a: Milotic|Scald|p2b: Sneasler\n|-damage|p2b: Sneasler|73/100\n|\n|upkeep\n|turn|2\n|\n|t:|1788290311\n|switch|p1a: Incineroar|Incineroar, L50, F|100/100\n|-ability|p1a: Incineroar|Intimidate|boost\n|-unboost|p2a: Grimmsnarl|atk|1\n|-unboost|p2b: Sneasler|atk|1\n|-enditem|p2b: Sneasler|White Herb\n|-clearnegativeboost|p2b: Sneasler|[silent]\n|move|p2b: Sneasler|Fake Out|p1a: Incineroar\n|-damage|p1a: Incineroar|89/100\n|move|p1b: Noivern|Air Slash|p2b: Sneasler\n|-supereffective|p2b: Sneasler|1\n|-damage|p2b: Sneasler|15/100\n|move|p2a: Grimmsnarl|Spirit Break|p1b: Noivern\n|-supereffective|p1b: Noivern|1\n|-damage|p1b: Noivern|51/100\n|-unboost|p1b: Noivern|spa|1\n|\n|upkeep\n|turn|3\n|\n|t:|1788290328\n|switch|p1b: Milotic|Milotic, L50, F, shiny|100/100\n|switch|p2a: Palafin|Palafin-Hero, L50, F|100/100\n|-activate|p2a: Palafin|ability: Zero to Hero\n|move|p2b: Sneasler|Protect|p2b: Sneasler\n|-singleturn|p2b: Sneasler|Protect\n|move|p1a: Incineroar|Fake Out|p2b: Sneasler\n|-activate|p2b: Sneasler|move: Protect\n|\n|upkeep\n|turn|4\n|\n|t:|1788290356\n|switch|p1a: Noivern|Noivern, L50, F|51/100\n|-item|p2a: Palafin|Life Orb|[from] ability: Frisk|[of] p1a: Noivern\n|move|p2b: Sneasler|Close Combat|p1a: Noivern\n|-resisted|p1a: Noivern|1\n|-damage|p1a: Noivern|7/100\n|-unboost|p2b: Sneasler|def|1\n|-unboost|p2b: Sneasler|spd|1\n|move|p2a: Palafin|Bulk Up|p2a: Palafin\n|-boost|p2a: Palafin|atk|1\n|-boost|p2a: Palafin|def|1\n|move|p1b: Milotic|Scald|p2b: Sneasler\n|-damage|p2b: Sneasler|0 fnt\n|faint|p2b: Sneasler\n|\n|upkeep\n|\n|t:|1788290366\n|switch|p2b: Grimmsnarl|Grimmsnarl, L50, M|100/100\n|turn|5\n|\n|t:|1788290387\n|move|p1b: Milotic|Protect|p1b: Milotic\n|-singleturn|p1b: Milotic|Protect\n|move|p2a: Palafin|Jet Punch|p1a: Noivern\n|-resisted|p1a: Noivern|1\n|-damage|p1a: Noivern|0 fnt\n|faint|p1a: Noivern\n|-damage|p2a: Palafin|90/100|[from] item: Life Orb\n|move|p2b: Grimmsnarl|Reflect|p2b: Grimmsnarl\n|-sidestart|p2: SuperDonQuixote|Reflect\n|\n|upkeep\n|\n|t:|1788290396\n|switch|p1a: Incineroar|Incineroar, L50, F|89/100\n|-ability|p1a: Incineroar|Intimidate|boost\n|-unboost|p2a: Palafin|atk|1\n|-unboost|p2b: Grimmsnarl|atk|1\n|turn|6\n|inactive|Battle timer is ON: inactive players will automatically lose when time's up. (requested by SuperDonQuixote)\n|\n|t:|1788290405\n|switch|p2b: Drampa|Drampa, L50, M|100/100\n|-ability|p2b: Drampa|Cloud Nine\n|move|p2a: Palafin|Jet Punch|p1a: Incineroar\n|-supereffective|p1a: Incineroar|1\n|-damage|p1a: Incineroar|5/100\n|-enditem|p1a: Incineroar|Sitrus Berry|[eat]\n|-heal|p1a: Incineroar|30/100|[from] item: Sitrus Berry\n|-damage|p2a: Palafin|80/100|[from] item: Life Orb\n|move|p1b: Milotic|Scald|p2b: Drampa\n|-resisted|p2b: Drampa|1\n|-damage|p2b: Drampa|91/100\n|-status|p2b: Drampa|brn\n|move|p1a: Incineroar|Parting Shot|p2a: Palafin\n|-unboost|p2a: Palafin|atk|1\n|-unboost|p2a: Palafin|spa|1\n|\n|t:|1788290420\n|switch|p1a: Scizor|Scizor, L50, F, shiny|100/100|[from] Parting Shot\n|\n|-damage|p2b: Drampa|85/100 brn|[from] brn\n|upkeep\n|turn|7\n|\n|t:|1788290434\n|detailschange|p1a: Scizor|Scizor-Mega, L50, F, shiny\n|-mega|p1a: Scizor|Scizor|Scizorite\n|detailschange|p2b: Drampa|Drampa-Mega, L50, M\n|-mega|p2b: Drampa|Drampa|Drampanite\n|move|p2a: Palafin|Bulk Up|p2a: Palafin\n|-boost|p2a: Palafin|atk|1\n|-boost|p2a: Palafin|def|1\n|move|p1b: Milotic|Scald|p2a: Palafin\n|-resisted|p2a: Palafin|1\n|-damage|p2a: Palafin|71/100\n|-status|p2a: Palafin|brn\n|move|p1a: Scizor|Close Combat|p2b: Drampa\n|-supereffective|p2b: Drampa|1\n|-damage|p2b: Drampa|30/100 brn\n|-unboost|p1a: Scizor|def|1\n|-unboost|p1a: Scizor|spd|1\n|-ability|p2b: Drampa|Berserk|boost\n|-boost|p2b: Drampa|spa|1\n|move|p2b: Drampa|Calm Mind|p2b: Drampa\n|-boost|p2b: Drampa|spa|1\n|-boost|p2b: Drampa|spd|1\n|\n|-damage|p2a: Palafin|64/100 brn|[from] brn\n|-damage|p2b: Drampa|24/100 brn|[from] brn\n|upkeep\n|turn|8\n|inactive|mrbananoe has 30 seconds left.\n|\n|t:|1788290460\n|switch|p1a: Incineroar|Incineroar, L50, F|30/100\n|-ability|p1a: Incineroar|Intimidate|boost\n|-unboost|p2a: Palafin|atk|1\n|-unboost|p2b: Drampa|atk|1\n|move|p1b: Milotic|Protect|p1b: Milotic\n|-singleturn|p1b: Milotic|Protect\n|move|p2a: Palafin|Jet Punch|p1a: Incineroar\n|-supereffective|p1a: Incineroar|1\n|-damage|p1a: Incineroar|1/100\n|-damage|p2a: Palafin|55/100 brn|[from] item: Life Orb\n|move|p2b: Drampa|Draco Meteor|p1b: Milotic\n|-activate|p1b: Milotic|move: Protect\n|\n|-damage|p2a: Palafin|49/100 brn|[from] brn\n|-damage|p2b: Drampa|18/100 brn|[from] brn\n|-sideend|p2: SuperDonQuixote|move: Light Screen\n|upkeep\n|turn|9\n|\n|t:|1788290482\n|move|p1a: Incineroar|Fake Out|p2a: Palafin\n|-damage|p2a: Palafin|45/100 brn\n|cant|p2a: Palafin|flinch\n|move|p1b: Milotic|Icy Wind|p2b: Drampa|[spread] p2a,p2b\n|-resisted|p2a: Palafin|1\n|-supereffective|p2b: Drampa|1\n|-damage|p2a: Palafin|38/100 brn\n|-damage|p2b: Drampa|8/100 brn\n|-unboost|p2a: Palafin|spe|1\n|-unboost|p2b: Drampa|spe|1\n|move|p2b: Drampa|Draco Meteor|p1b: Milotic\n|-damage|p1b: Milotic|20/100y\n|-unboost|p2b: Drampa|spa|2\n|\n|-heal|p1b: Milotic|26/100|[from] item: Leftovers\n|-damage|p2a: Palafin|32/100 brn|[from] brn\n|-damage|p2b: Drampa|2/100 brn|[from] brn\n|-sideend|p2: SuperDonQuixote|Reflect\n|upkeep\n|turn|10\n|\n|t:|1788290504\n|move|p1b: Milotic|Recover|p1b: Milotic\n|-heal|p1b: Milotic|76/100\n|move|p2a: Palafin|Drain Punch|p1a: Incineroar\n|-supereffective|p1a: Incineroar|1\n|-damage|p1a: Incineroar|0 fnt\n|-heal|p2a: Palafin|33/100 brn|[from] drain|[of] p1a: Incineroar\n|faint|p1a: Incineroar\n|-damage|p2a: Palafin|24/100 brn|[from] item: Life Orb\n|move|p2b: Drampa|Draco Meteor|p1b: Milotic\n|-damage|p1b: Milotic|38/100\n|-unboost|p2b: Drampa|spa|2\n|\n|-heal|p1b: Milotic|44/100|[from] item: Leftovers\n|-damage|p2a: Palafin|18/100 brn|[from] brn\n|-damage|p2b: Drampa|0 fnt|[from] brn\n|faint|p2b: Drampa\n|upkeep\n|\n|t:|1788290519\n|switch|p1a: Scizor|Scizor-Mega, L50, F, shiny|100/100\n|switch|p2b: Grimmsnarl|Grimmsnarl, L50, M|100/100\n|turn|11\n|\n|t:|1788290526\n|move|p2b: Grimmsnarl|Parting Shot|p1a: Scizor\n|-unboost|p1a: Scizor|atk|1\n|-unboost|p1a: Scizor|spa|1\n|move|p2a: Palafin|Drain Punch|p1a: Scizor\n|-damage|p1a: Scizor|89/100\n|-heal|p2a: Palafin|23/100 brn|[from] drain|[of] p1a: Scizor\n|-damage|p2a: Palafin|13/100 brn|[from] item: Life Orb\n|move|p1b: Milotic|Recover|p1b: Milotic\n|-heal|p1b: Milotic|94/100\n|move|p1a: Scizor|Bug Bite|p2a: Palafin\n|-damage|p2a: Palafin|0 fnt\n|faint|p2a: Palafin\n|\n|-heal|p1b: Milotic|100/100|[from] item: Leftovers\n|upkeep\n|turn|12\n|-message|SuperDonQuixote forfeited.\n|\n|win|mrbananoe\n|raw|mrbananoe's rating: 1417 &rarr; <strong>1433</strong><br />(+16 for winning)\n|raw|SuperDonQuixote's rating: 1353 &rarr; <strong>1337</strong><br />(-16 for losing)\n|l|☆SuperDonQuixote\n|player|p2|\n|c|☆mrbananoe|AJJAJAJAJ\n","uploadtime":1788290544,"views":"2","formatid":"gen9championsvgc2026regmb","rating":1337,"private":0,"password":null}