{"id":"gen9championsvgc2026regmb-2673856208","format":"[Gen 9 Champions] VGC 2026 Reg M-B","players":["Thornlace48812","Rnglosses"],"log":"|j|☆Thornlace48812\n|j|☆Rnglosses\n|t:|1788269169\n|gametype|doubles\n|player|p1|Thornlace48812|102|1093\n|player|p2|Rnglosses|265|1119\n|gen|9\n|tier|[Gen 9 Champions] VGC 2026 Reg M-B\n|rated|\n|rule|Species Clause: Limit one of each Pokémon\n|rule|Item Clause: Limit 1 of each item\n|clearpoke\n|poke|p1|Garchomp, L50, F|\n|poke|p1|Charizard, L50, M|\n|poke|p1|Whimsicott, L50, M|\n|poke|p1|Sylveon, L50, F|\n|poke|p1|Kingambit, L50, M|\n|poke|p1|Basculegion, L50, M|\n|poke|p2|Venusaur, L50, F|\n|poke|p2|Annihilape, L50, M|\n|poke|p2|Milotic, L50, M|\n|poke|p2|Froslass, L50, F|\n|poke|p2|Sinistcha-Masterpiece, L50|\n|poke|p2|Charizard, L50, F|\n|teampreview|4\n|inactive|Battle timer is ON: inactive players will automatically lose when time's up. (requested by Rnglosses)\n|inactive|Thornlace48812 also wants the timer to be on.\nThornlace48812 rejected open team sheets.\n|\n|t:|1788269197\n|teamsize|p1|4\n|teamsize|p2|4\n|start\n|switch|p1a: Charizard|Charizard, L50, M|100/100\n|switch|p1b: Whimsicott|Whimsicott, L50, M|100/100\n|switch|p2a: Milotic|Milotic, L50, M|100/100\n|switch|p2b: Froslass|Froslass, L50, F|100/100\n|turn|1\n|\n|t:|1788269210\n|detailschange|p1a: Charizard|Charizard-Mega-Y, L50, M\n|-mega|p1a: Charizard|Charizard|Charizardite Y\n|-weather|SunnyDay|[from] ability: Drought|[of] p1a: Charizard\n|move|p1b: Whimsicott|Protect|p1b: Whimsicott\n|-singleturn|p1b: Whimsicott|Protect\n|move|p2b: Froslass|Protect|p2b: Froslass\n|-singleturn|p2b: Froslass|Protect\n|move|p1a: Charizard|Heat Wave|p2b: Froslass|[spread] p2a\n|-activate|p2b: Froslass|move: Protect\n|-resisted|p2a: Milotic|1\n|-damage|p2a: Milotic|76/100\n|move|p2a: Milotic|Icy Wind|p1a: Charizard|[spread] p1a\n|-activate|p1b: Whimsicott|move: Protect\n|-damage|p1a: Charizard|87/100\n|-unboost|p1a: Charizard|spe|1\n|\n|-weather|SunnyDay|[upkeep]\n|upkeep\n|turn|2\n|inactive|Rnglosses has 30 seconds left.\n|\n|t:|1788269241\n|detailschange|p2b: Froslass|Froslass-Mega, L50, F\n|-mega|p2b: Froslass|Froslass|Froslassite\n|-weather|Snowscape|[from] ability: Snow Warning|[of] p2b: Froslass\n|move|p1b: Whimsicott|Moonblast|p2a: Milotic\n|-damage|p2a: Milotic|50/100g\n|move|p2b: Froslass|Aurora Veil|p2b: Froslass\n|-sidestart|p2: Rnglosses|move: Aurora Veil\n|move|p2a: Milotic|Coil|p2a: Milotic\n|-boost|p2a: Milotic|atk|1\n|-boost|p2a: Milotic|def|1\n|-boost|p2a: Milotic|accuracy|1\n|move|p1a: Charizard|Heat Wave|p2a: Milotic|[spread] p2a\n|-miss|p1a: Charizard|p2b: Froslass\n|-resisted|p2a: Milotic|1\n|-damage|p2a: Milotic|40/100\n|-enditem|p2a: Milotic|Sitrus Berry|[eat]\n|-heal|p2a: Milotic|65/100|[from] item: Sitrus Berry\n|\n|-weather|Snowscape|[upkeep]\n|upkeep\n|turn|3\n|\n|t:|1788269259\n|move|p1b: Whimsicott|Tailwind|p1b: Whimsicott\n|-sidestart|p1: Thornlace48812|move: Tailwind\n|move|p1a: Charizard|Heat Wave|p2a: Milotic|[spread] p2a,p2b\n|-resisted|p2a: Milotic|1\n|-supereffective|p2b: Froslass|1\n|-damage|p2a: Milotic|54/100\n|-damage|p2b: Froslass|34/100\n|move|p2b: Froslass|Blizzard|p1b: Whimsicott|[spread] p1a,p1b\n|-supereffective|p1b: Whimsicott|1\n|-damage|p1a: Charizard|35/100\n|-enditem|p1b: Whimsicott|Focus Sash\n|-damage|p1b: Whimsicott|1/100\n|-status|p1a: Charizard|frz\n|move|p2a: Milotic|Icy Wind|p1a: Charizard|[spread] p1a,p1b\n|-supereffective|p1b: Whimsicott|1\n|-damage|p1a: Charizard|22/100 frz\n|-damage|p1b: Whimsicott|0 fnt\n|-unboost|p1a: Charizard|spe|1\n|faint|p1b: Whimsicott\n|\n|-weather|Snowscape|[upkeep]\n|upkeep\n|\n|t:|1788269259\n|switch|p1b: Sylveon|Sylveon, L50, F|100/100\n|turn|4\n|\n|t:|1788269282\n|switch|p2b: Sinistcha|Sinistcha-Masterpiece, L50|100/100\n|-heal|p2a: Milotic|79/100|[from] ability: Hospitality|[of] p2b: Sinistcha\n|switch|p1a: Basculegion|Basculegion, L50, M|100/100\n|move|p1b: Sylveon|Hyper Voice|p2a: Milotic|[spread] p2a,p2b\n|-damage|p2a: Milotic|54/100\n|-damage|p2b: Sinistcha|65/100\n|move|p2a: Milotic|Hypnosis|p1b: Sylveon\n|-status|p1b: Sylveon|slp|[from] move: Hypnosis\n|\n|-weather|Snowscape|[upkeep]\n|upkeep\n|turn|5\n|\n|t:|1788269299\n|move|p1a: Basculegion|Last Respects|p2b: Sinistcha\n|-supereffective|p2b: Sinistcha|1\n|-damage|p2b: Sinistcha|0 fnt\n|faint|p2b: Sinistcha\n|cant|p1b: Sylveon|slp\n|move|p2a: Milotic|Hypnosis|p1a: Basculegion|[miss]\n|-miss|p2a: Milotic|p1a: Basculegion\n|\n|-weather|Snowscape|[upkeep]\n|upkeep\n|\n|t:|1788269307\n|switch|p2b: Froslass|Froslass-Mega, L50, F|34/100\n|turn|6\n|\n|t:|1788269314\n|move|p2b: Froslass|Protect|p2b: Froslass\n|-singleturn|p2b: Froslass|Protect\n|move|p1a: Basculegion|Last Respects|p2a: Milotic\n|-damage|p2a: Milotic|28/100\n|-curestatus|p1b: Sylveon|slp|[msg]\n|move|p1b: Sylveon|Hyper Voice|p2a: Milotic|[spread] p2a\n|-activate|p2b: Froslass|move: Protect\n|-damage|p2a: Milotic|2/100\n|move|p2a: Milotic|Icy Wind|p1b: Sylveon|[spread] p1a,p1b\n|-resisted|p1a: Basculegion|1\n|-damage|p1a: Basculegion|93/100\n|-damage|p1b: Sylveon|90/100\n|-unboost|p1a: Basculegion|spe|1\n|-unboost|p1b: Sylveon|spe|1\n|\n|-weather|none\n|-sideend|p1: Thornlace48812|move: Tailwind\n|-sideend|p2: Rnglosses|move: Aurora Veil\n|upkeep\n|turn|7\n|\n|t:|1788269333\n|move|p2b: Froslass|Shadow Ball|p1a: Basculegion\n|-supereffective|p1a: Basculegion|1\n|-damage|p1a: Basculegion|0 fnt\n|faint|p1a: Basculegion\n|move|p2a: Milotic|Hypnosis|p1b: Sylveon|[miss]\n|-miss|p2a: Milotic|p1b: Sylveon\n|move|p1b: Sylveon|Hyper Voice|p2b: Froslass|[spread] p2a,p2b\n|-damage|p2a: Milotic|0 fnt\n|-damage|p2b: Froslass|0 fnt\n|faint|p2a: Milotic\n|faint|p2b: Froslass\n|\n|upkeep\n|\n|t:|1788269338\n|switch|p2b: Venusaur|Venusaur, L50, F|100/100\n|switch|p1a: Charizard|Charizard-Mega-Y, L50, M|22/100 frz\n|-weather|SunnyDay|[from] ability: Drought|[of] p1a: Charizard\n|turn|8\n|\n|t:|1788269345\n|move|p2b: Venusaur|Sludge Bomb|p1a: Charizard\n|-damage|p1a: Charizard|0 fnt\n|faint|p1a: Charizard\n|move|p1b: Sylveon|Hyper Voice|p2b: Venusaur\n|-resisted|p2b: Venusaur|1\n|-crit|p2b: Venusaur\n|-damage|p2b: Venusaur|49/100\n|\n|-weather|SunnyDay|[upkeep]\n|upkeep\n|turn|9\n|\n|t:|1788269353\n|move|p2b: Venusaur|Giga Drain|p1b: Sylveon\n|-damage|p1b: Sylveon|66/100\n|-heal|p2b: Venusaur|63/100|[from] drain|[of] p1b: Sylveon\n|move|p1b: Sylveon|Hyper Voice|p2b: Venusaur\n|-resisted|p2b: Venusaur|1\n|-damage|p2b: Venusaur|27/100\n|\n|-weather|SunnyDay|[upkeep]\n|upkeep\n|turn|10\n|\n|t:|1788269361\n|move|p2b: Venusaur|Sleep Powder|p1b: Sylveon\n|-status|p1b: Sylveon|slp|[from] move: Sleep Powder\n|cant|p1b: Sylveon|slp\n|\n|-weather|SunnyDay|[upkeep]\n|upkeep\n|turn|11\n|\n|t:|1788269364\n|move|p2b: Venusaur|Sludge Bomb|p1b: Sylveon\n|-supereffective|p1b: Sylveon|1\n|-damage|p1b: Sylveon|4/100 slp\n|cant|p1b: Sylveon|slp\n|\n|-weather|SunnyDay|[upkeep]\n|upkeep\n|turn|12\n|\n|t:|1788269368\n|move|p2b: Venusaur|Giga Drain|p1b: Sylveon\n|-damage|p1b: Sylveon|0 fnt\n|-heal|p2b: Venusaur|30/100|[from] drain|[of] p1b: Sylveon\n|faint|p1b: Sylveon\n|\n|win|Rnglosses\n|raw|Thornlace48812's rating: 1082 &rarr; <strong>1062</strong><br />(-20 for losing)\n|raw|Rnglosses's rating: 1119 &rarr; <strong>1141</strong><br />(+22 for winning)\n","uploadtime":1788269369,"views":"1","formatid":"gen9championsvgc2026regmb","rating":1062,"private":0,"password":null}