{"id":"gen9championsvgc2026regmb-2674253355","format":"[Gen 9 Champions] VGC 2026 Reg M-B","players":["kinokuma","Noobiedoobie537"],"log":"|j|☆kinokuma\n|j|☆Noobiedoobie537\n|t:|1788324050\n|gametype|doubles\n|player|p1|kinokuma|roughneck-gen4|1134\n|player|p2|Noobiedoobie537|lucas-gen4pt|1161\n|gen|9\n|tier|[Gen 9 Champions] VGC 2026 Reg M-B\n|rated|\n|rule|Species Clause: Limit one of each Pokémon\n|rule|Item Clause: Limit 1 of each item\n|clearpoke\n|poke|p1|Froslass, L50, F|\n|poke|p1|Ninetales-Alola, L50, M|\n|poke|p1|Kingambit, L50, M|\n|poke|p1|Sneasler, L50, F|\n|poke|p1|Clefable, L50, F|\n|poke|p1|Excadrill, L50, M|\n|poke|p2|Reuniclus, L50, F, shiny|\n|poke|p2|Farigiraf, L50, M|\n|poke|p2|Sneasler, L50, F|\n|poke|p2|Pelipper, L50, F|\n|poke|p2|Swampert, L50, F|\n|poke|p2|Mawile, L50, M|\n|teampreview|4\n|inactive|Battle timer is ON: inactive players will automatically lose when time's up. (requested by Noobiedoobie537)\n|inactive|kinokuma has 60 seconds left.\n|\n|t:|1788324108\n|teamsize|p1|4\n|teamsize|p2|4\n|start\n|switch|p1a: Excadrill|Excadrill, L50, M|100/100\n|switch|p1b: Sneasler|Sneasler, L50, F|100/100\n|switch|p2a: sukuna|Reuniclus, L50, F, shiny|100/100\n|switch|p2b: Harryhardtr|Farigiraf, L50, M|100/100\n|-ability|p1a: Excadrill|Mold Breaker\n|turn|1\n|inactive|kinokuma has 30 seconds left.\n|inactive|kinokuma has 20 seconds left.\n|inactive|kinokuma has 15 seconds left.\n|inactive|kinokuma has 10 seconds left.\n|\n|t:|1788324158\n|move|p1b: Sneasler|Protect|p1b: Sneasler\n|-singleturn|p1b: Sneasler|Protect\n|move|p1a: Excadrill|High Horsepower|p2a: sukuna\n|-damage|p2a: sukuna|44/100\n|move|p2a: sukuna|Focus Blast|p1a: Excadrill\n|-supereffective|p1a: Excadrill|1\n|-damage|p1a: Excadrill|0 fnt\n|faint|p1a: Excadrill\n|move|p2b: Harryhardtr|Trick Room|p2b: Harryhardtr\n|-fieldstart|move: Trick Room|[of] p2b: Harryhardtr\n|\n|upkeep\n|\n|t:|1788324170\n|switch|p1a: Kingambit|Kingambit, L50, M|100/100\n|turn|2\n|\n|t:|1788324181\n|switch|p1b: Froslass|Froslass, L50, F|100/100\n|move|p1a: Kingambit|Sucker Punch||[still]\n|cant|p2b: Harryhardtr|ability: Armor Tail|Sucker Punch|[of] p1a: Kingambit\n|move|p2a: sukuna|Focus Blast|p1a: Kingambit|[miss]\n|-miss|p2a: sukuna|p1a: Kingambit\n|move|p2b: Harryhardtr|Psychic|p1b: Froslass\n|-damage|p1b: Froslass|44/100\n|\n|upkeep\n|turn|3\n|inactive|kinokuma has 30 seconds left.\n|\n|t:|1788324212\n|detailschange|p1b: Froslass|Froslass-Mega, L50, F\n|-mega|p1b: Froslass|Froslass|Froslassite\n|-weather|Snowscape|[from] ability: Snow Warning|[of] p1b: Froslass\n|move|p2a: sukuna|Focus Blast|p1a: Kingambit\n|-supereffective|p1a: Kingambit|2\n|-damage|p1a: Kingambit|0 fnt\n|faint|p1a: Kingambit\n|move|p2b: Harryhardtr|Psychic|p1b: Froslass\n|-damage|p1b: Froslass|2/100\n|move|p1b: Froslass|Shadow Ball|p2a: sukuna\n|-supereffective|p2a: sukuna|1\n|-damage|p2a: sukuna|0 fnt\n|faint|p2a: sukuna\n|\n|-weather|Snowscape|[upkeep]\n|upkeep\n|\n|t:|1788324224\n|switch|p2a: Pelipper|Pelipper, L50, F|100/100\n|switch|p1a: Sneasler|Sneasler, L50, F|100/100\n|-weather|RainDance|[from] ability: Drizzle|[of] p2a: Pelipper\n|turn|4\n|\n|t:|1788324242\n|move|p1b: Froslass|Protect|p1b: Froslass\n|-singleturn|p1b: Froslass|Protect\n|move|p2b: Harryhardtr|Psychic|p1b: Froslass\n|-activate|p1b: Froslass|move: Protect\n|move|p2a: Pelipper|Hurricane|p1a: Sneasler\n|-supereffective|p1a: Sneasler|1\n|-damage|p1a: Sneasler|0 fnt\n|faint|p1a: Sneasler\n|\n|-weather|RainDance|[upkeep]\n|upkeep\n|turn|5\n|c|☆Noobiedoobie537|ggs\n|\n|t:|1788324258\n|move|p2b: Harryhardtr|Psychic|p1b: Froslass\n|-damage|p1b: Froslass|0 fnt\n|faint|p1b: Froslass\n|\n|win|Noobiedoobie537\n|raw|kinokuma's rating: 1134 &rarr; <strong>1111</strong><br />(-23 for losing)\n|raw|Noobiedoobie537's rating: 1161 &rarr; <strong>1184</strong><br />(+23 for winning)\n|c|☆kinokuma|sure\n|l|☆kinokuma\n|player|p1|\n","uploadtime":1788324274,"views":"1","formatid":"gen9championsvgc2026regmb","rating":1111,"private":0,"password":null}