{"id":"gen9championsvgc2026regmbbo3-2673530669","format":"[Gen 9 Champions] VGC 2026 Reg M-B (Bo3)","players":["Jolt31","MaxwellBaker"],"log":"|j|☆Jolt31\n|j|☆MaxwellBaker\n|html|<table width=\"100%\"><tr><td align=\"left\">Jolt31</td><td align=\"right\">MaxwellBaker</tr><tr><td align=\"left\"><i class=\"fa fa-circle\"></i> <i class=\"fa fa-circle-o\"></i> </td><td align=\"right\"><i class=\"fa fa-circle-o\"></i> <i class=\"fa fa-circle\"></i> </tr></table>\n|uhtml|bestof|<h2><strong>Game 3</strong> of <a href=\"/game-bestof3-gen9championsvgc2026regmbbo3-2673526946\">a best-of-3</a></h2>\n|t:|1788209167\n|gametype|doubles\n|player|p1|Jolt31|barry|1260\n|player|p2|MaxwellBaker|102|1175\n|gen|9\n|tier|[Gen 9 Champions] VGC 2026 Reg M-B (Bo3)\n|rated|\n|rule|Species Clause: Limit one of each Pokémon\n|rule|Item Clause: Limit 1 of each item\n|clearpoke\n|poke|p1|Froslass, L50, F|\n|poke|p1|Scovillain, L50, F|\n|poke|p1|Basculegion, L50, M|\n|poke|p1|Lycanroc-Dusk, L50, M|\n|poke|p1|Sneasler, L50, M|\n|poke|p1|Kingambit, L50, F|\n|poke|p2|Raichu, L50, M|\n|poke|p2|Staraptor, L50, F|\n|poke|p2|Farigiraf, L50, F|\n|poke|p2|Kingambit, L50, M|\n|poke|p2|Sylveon, L50, M, shiny|\n|poke|p2|Arcanine-Hisui, L50, F|\n|teampreview|4\n|showteam|p1|Froslass||Froslassite|CursedBody|Blizzard,AuroraVeil,ShadowBall,Protect|Timid||F|||50|]Scovillain||Scovillainite|Moody|Overheat,RagePowder,GigaDrain,Protect|Bold||F|||50|]Basculegion||LifeOrb|Adaptability|WaveCrash,AquaJet,LastRespects,Protect|Jolly||M|||50|]Lycanroc-Dusk||FocusSash|ToughClaws|Accelerock,RockSlide,CloseCombat,Protect|Adamant||M|||50|]Sneasler||WhiteHerb|Unburden|DireClaw,CloseCombat,FakeOut,Protect|Adamant||M|||50|]Kingambit||BlackGlasses|Defiant|KowtowCleave,SuckerPunch,SwordsDance,Protect|Adamant||F|||50|\n|showteam|p2|Raichu||RaichuniteY|LightningRod|ZapCannon,FocusBlast,FakeOut,Protect|Timid||M|||50|]Staraptor||Staraptite|Intimidate|CloseCombat,BraveBird,Tailwind,Protect|Jolly||F|||50|]Farigiraf||SitrusBerry|ArmorTail|HelpingHand,Psychic,TrickRoom,Protect|Calm||F|||50|]Kingambit||LifeOrb|Defiant|KowtowCleave,SuckerPunch,SwordsDance,Protect|Adamant||M|||50|]Sylveon||FairyFeather|Pixilate|HyperVoice,HyperBeam,QuickAttack,Detect|Modest||M|||50|]Arcanine-Hisui||FocusSash|RockHead|FlareBlitz,HeadSmash,ExtremeSpeed,Protect|Jolly||F|||50|\n|\n|t:|1788209216\n|teamsize|p1|4\n|teamsize|p2|4\n|start\n|switch|p1a: Scovillain|Scovillain, L50, F|100/100\n|switch|p1b: Sneasler|Sneasler, L50, M|100/100\n|switch|p2a: Farigiraf|Farigiraf, L50, F|100/100\n|switch|p2b: Arcanine|Arcanine-Hisui, L50, F|100/100\n|turn|1\n|\n|t:|1788209262\n|detailschange|p1a: Scovillain|Scovillain-Mega, L50, F\n|-mega|p1a: Scovillain|Scovillain|Scovillainite\n|move|p1b: Sneasler|Dire Claw|p2b: Arcanine\n|-resisted|p2b: Arcanine|1\n|-damage|p2b: Arcanine|74/100\n|-status|p2b: Arcanine|slp\n|cant|p2b: Arcanine|slp\n|move|p1a: Scovillain|Overheat|p2a: Farigiraf\n|-damage|p2a: Farigiraf|49/100\n|-unboost|p1a: Scovillain|spa|2\n|-enditem|p2a: Farigiraf|Sitrus Berry|[eat]\n|-heal|p2a: Farigiraf|74/100|[from] item: Sitrus Berry\n|move|p2a: Farigiraf|Psychic|p1b: Sneasler\n|-supereffective|p1b: Sneasler|2\n|-damage|p1b: Sneasler|0 fnt\n|faint|p1b: Sneasler\n|\n|upkeep\n|\n|t:|1788209276\n|switch|p1b: Basculegion|Basculegion, L50, M|100/100\n|turn|2\n|\n|t:|1788209311\n|switch|p2b: Staraptor|Staraptor, L50, F|100/100\n|-ability|p2b: Staraptor|Intimidate|boost\n|-unboost|p1a: Scovillain|atk|1\n|-unboost|p1b: Basculegion|atk|1\n|switch|p1a: Kingambit|Kingambit, L50, F|100/100\n|move|p2a: Farigiraf|Protect|p2a: Farigiraf\n|-singleturn|p2a: Farigiraf|Protect\n|move|p1b: Basculegion|Wave Crash|p2b: Staraptor\n|-damage|p2b: Staraptor|9/100\n|-damage|p1b: Basculegion|78/100|[from] Recoil\n|-damage|p1b: Basculegion|68/100|[from] item: Life Orb\n|\n|upkeep\n|turn|3\n|inactive|Battle timer is ON: inactive players will automatically lose when time's up. (requested by Jolt31)\n|\n|t:|1788209394\n|switch|p1a: Scovillain|Scovillain-Mega, L50, F|100/100\n|detailschange|p2b: Staraptor|Staraptor-Mega, L50, F\n|-mega|p2b: Staraptor|Staraptor|Staraptite\n|move|p2b: Staraptor|Brave Bird|p1b: Basculegion\n|-damage|p1b: Basculegion|0 fnt\n|faint|p1b: Basculegion\n|-damage|p2b: Staraptor|0 fnt|[from] Recoil\n|faint|p2b: Staraptor\n|move|p2a: Farigiraf|Psychic|p1a: Scovillain\n|-damage|p1a: Scovillain|62/100\n|-status|p2a: Farigiraf|brn|[from] ability: Spicy Spray|[of] p1a: Scovillain\n|\n|-damage|p2a: Farigiraf|68/100 brn|[from] brn\n|upkeep\n|\n|t:|1788209412\n|switch|p2b: Arcanine|Arcanine-Hisui, L50, F|74/100 slp\n|switch|p1b: Kingambit|Kingambit, L50, F|100/100\n|turn|4\n|\n|t:|1788209421\n|-curestatus|p2b: Arcanine|slp|[msg]\n|move|p2b: Arcanine|Protect|p2b: Arcanine\n|-singleturn|p2b: Arcanine|Protect\n|move|p1a: Scovillain|Giga Drain|p2b: Arcanine\n|-activate|p2b: Arcanine|move: Protect\n|move|p1b: Kingambit|Kowtow Cleave|p2a: Farigiraf\n|-supereffective|p2a: Farigiraf|1\n|-damage|p2a: Farigiraf|0 fnt\n|faint|p2a: Farigiraf\n|\n|upkeep\n|\n|t:|1788209431\n|switch|p2a: Sylveon|Sylveon, L50, M, shiny|100/100\n|turn|5\n|\n|t:|1788209442\n|move|p1b: Kingambit|Sucker Punch|p2b: Arcanine\n|-damage|p2b: Arcanine|16/100\n|move|p2b: Arcanine|Head Smash|p1a: Scovillain|[miss]\n|-miss|p2b: Arcanine|p1a: Scovillain\n|move|p1a: Scovillain|Giga Drain|p2b: Arcanine\n|-damage|p2b: Arcanine|0 fnt\n|-heal|p1a: Scovillain|70/100|[from] drain|[of] p2b: Arcanine\n|faint|p2b: Arcanine\n|move|p2a: Sylveon|Hyper Beam|p1b: Kingambit\n|-damage|p1b: Kingambit|0 fnt\n|-mustrecharge|p2a: Sylveon\n|faint|p1b: Kingambit\n|\n|upkeep\n|turn|6\n|\n|t:|1788209455\n|move|p1a: Scovillain|Giga Drain|p2a: Sylveon\n|-damage|p2a: Sylveon|70/100\n|-heal|p1a: Scovillain|86/100|[from] drain|[of] p2a: Sylveon\n|cant|p2a: Sylveon|recharge\n|\n|upkeep\n|turn|7\n|\n|t:|1788209466\n|move|p1a: Scovillain|Overheat|p2a: Sylveon\n|-damage|p2a: Sylveon|18/100\n|-unboost|p1a: Scovillain|spa|2\n|move|p2a: Sylveon|Hyper Voice|p1a: Scovillain\n|-resisted|p1a: Scovillain|1\n|-damage|p1a: Scovillain|50/100y\n|-status|p2a: Sylveon|brn|[from] ability: Spicy Spray|[of] p1a: Scovillain\n|\n|-damage|p2a: Sylveon|12/100 brn|[from] brn\n|upkeep\n|turn|8\n|\n|t:|1788209482\n|move|p1a: Scovillain|Protect|p1a: Scovillain\n|-singleturn|p1a: Scovillain|Protect\n|move|p2a: Sylveon|Hyper Beam|p1a: Scovillain\n|-activate|p1a: Scovillain|move: Protect\n|\n|-damage|p2a: Sylveon|7/100 brn|[from] brn\n|upkeep\n|turn|9\n|\n|t:|1788209487\n|move|p1a: Scovillain|Giga Drain|p2a: Sylveon\n|-damage|p2a: Sylveon|0 fnt\n|-heal|p1a: Scovillain|53/100|[from] drain|[of] p2a: Sylveon\n|faint|p2a: Sylveon\n|\n|win|Jolt31\n|raw|Jolt31's rating: 1260 &rarr; <strong>1279</strong><br />(+19 for winning)\n|raw|MaxwellBaker's rating: 1175 &rarr; <strong>1156</strong><br />(-19 for losing)\n","uploadtime":1788209487,"views":"1","formatid":"gen9championsvgc2026regmbbo3","rating":1156,"private":0,"password":null}