{"id":"gen9championsvgc2026regmb-2674912282","format":"[Gen 9 Champions] VGC 2026 Reg M-B","players":["mggmffmgmfgmg","Thornlace48812"],"log":"|j|☆mggmffmgmfgmg\n|j|☆Thornlace48812\n|t:|1788434659\n|gametype|doubles\n|player|p1|mggmffmgmfgmg|102|1133\n|player|p2|Thornlace48812|102|1081\n|gen|9\n|tier|[Gen 9 Champions] VGC 2026 Reg M-B\n|rated|\n|rule|Species Clause: Limit one of each Pokémon\n|rule|Item Clause: Limit 1 of each item\n|clearpoke\n|poke|p1|Gengar, L50, F|\n|poke|p1|Pinsir, L50, F|\n|poke|p1|Sneasler, L50, F|\n|poke|p1|Excadrill, L50, M|\n|poke|p1|Talonflame, L50, F|\n|poke|p1|Farigiraf, L50, F|\n|poke|p2|Garchomp, L50, F|\n|poke|p2|Charizard, L50, F|\n|poke|p2|Whimsicott, L50, M|\n|poke|p2|Sylveon, L50, M|\n|poke|p2|Kingambit, L50, F|\n|poke|p2|Basculegion, L50, M|\n|teampreview|4\n|inactive|Battle timer is ON: inactive players will automatically lose when time's up. (requested by Thornlace48812)\nThornlace48812 rejected open team sheets.\n|\n|t:|1788434686\n|teamsize|p1|4\n|teamsize|p2|4\n|start\n|switch|p1a: Excadrill|Excadrill, L50, M|100/100\n|switch|p1b: Talonflame|Talonflame, L50, F|100/100\n|switch|p2a: Charizard|Charizard, L50, F|100/100\n|switch|p2b: Garchomp|Garchomp, L50, F|100/100\n|-ability|p1a: Excadrill|Mold Breaker\n|turn|1\n|\n|t:|1788434697\n|switch|p2a: Whimsicott|Whimsicott, L50, M|100/100\n|move|p1b: Talonflame|Tailwind|p1b: Talonflame\n|-sidestart|p1: mggmffmgmfgmg|move: Tailwind\n|move|p1a: Excadrill|Rock Slide|p2b: Garchomp|[spread] p2a,p2b\n|-crit|p2a: Whimsicott\n|-resisted|p2b: Garchomp|1\n|-damage|p2a: Whimsicott|57/100\n|-damage|p2b: Garchomp|89/100\n|cant|p2b: Garchomp|flinch\n|\n|upkeep\n|turn|2\n|\n|t:|1788434710\n|switch|p1a: Farigiraf|Farigiraf, L50, F|100/100\n|move|p1b: Talonflame|Brave Bird|p2a: Whimsicott\n|-supereffective|p2a: Whimsicott|1\n|-damage|p2a: Whimsicott|0 fnt\n|faint|p2a: Whimsicott\n|-damage|p1b: Talonflame|83/100|[from] Recoil\n|-damage|p1b: Talonflame|73/100|[from] item: Life Orb\n|move|p2b: Garchomp|Earthquake|p1b: Talonflame|[spread] p1a\n|-immune|p1b: Talonflame\n|-crit|p1a: Farigiraf\n|-damage|p1a: Farigiraf|17/100\n|-damage|p2b: Garchomp|80/100|[from] item: Life Orb\n|\n|upkeep\n|\n|t:|1788434710\n|switch|p2a: Charizard|Charizard, L50, F|100/100\n|turn|3\n|\n|t:|1788434735\n|detailschange|p2a: Charizard|Charizard-Mega-Y, L50, F\n|-mega|p2a: Charizard|Charizard|Charizardite Y\n|-weather|SunnyDay|[from] ability: Drought|[of] p2a: Charizard\n|move|p1a: Farigiraf|Helping Hand|p1b: Talonflame\n|-singleturn|p1b: Talonflame|Helping Hand|[of] p1a: Farigiraf\n|move|p1b: Talonflame|Brave Bird|p2b: Garchomp\n|-damage|p2b: Garchomp|0 fnt\n|-damage|p1b: Talonflame|61/100|[from] ability: Rough Skin|[of] p2b: Garchomp\n|faint|p2b: Garchomp\n|-damage|p1b: Talonflame|29/100|[from] Recoil\n|-damage|p1b: Talonflame|20/100r|[from] item: Life Orb\n|move|p2a: Charizard|Heat Wave|p1b: Talonflame|[spread] p1a\n|-miss|p2a: Charizard|p1b: Talonflame\n|-damage|p1a: Farigiraf|0 fnt\n|faint|p1a: Farigiraf\n|\n|-weather|SunnyDay|[upkeep]\n|upkeep\n|\n|t:|1788434750\n|switch|p2b: Basculegion|Basculegion, L50, M|100/100\n|switch|p1a: Excadrill|Excadrill, L50, M|100/100\n|-ability|p1a: Excadrill|Mold Breaker\n|turn|4\n|\n|t:|1788434764\n|move|p2a: Charizard|Protect|p2a: Charizard\n|-singleturn|p2a: Charizard|Protect\n|move|p1b: Talonflame|Quick Guard|p1b: Talonflame\n|-singleturn|p1b: Talonflame|Quick Guard\n|move|p1a: Excadrill|Rock Slide|p2b: Basculegion|[spread] p2b\n|-activate|p2a: Charizard|move: Protect\n|-damage|p2b: Basculegion|75/100\n|cant|p2b: Basculegion|flinch\n|\n|-weather|SunnyDay|[upkeep]\n|-sideend|p1: mggmffmgmfgmg|move: Tailwind\n|upkeep\n|turn|5\n|\n|t:|1788434781\n|move|p1a: Excadrill|Rock Slide|p2a: Charizard|[spread] p2a,p2b\n|-supereffective|p2a: Charizard|2\n|-damage|p2a: Charizard|1/100\n|-damage|p2b: Basculegion|52/100\n|move|p1b: Talonflame|Flare Blitz|p2b: Basculegion\n|-resisted|p2b: Basculegion|1\n|-damage|p2b: Basculegion|4/100\n|-status|p2b: Basculegion|brn\n|-damage|p1b: Talonflame|0 fnt|[from] Recoil\n|faint|p1b: Talonflame\n|move|p2a: Charizard|Heat Wave|p1a: Excadrill\n|-supereffective|p1a: Excadrill|1\n|-damage|p1a: Excadrill|0 fnt\n|faint|p1a: Excadrill\n|move|p2b: Basculegion|Last Respects|p1: Excadrill|[notarget]\n|-fail|p2b: Basculegion\n|\n|-weather|SunnyDay|[upkeep]\n|-damage|p2b: Basculegion|0 fnt|[from] brn\n|faint|p2b: Basculegion\n|upkeep\n|\n|t:|1788434790\n|switch|p1b: Pinsir|Pinsir, L50, F|100/100\n|turn|6\n|\n|t:|1788434794\n|detailschange|p1b: Pinsir|Pinsir-Mega, L50, F\n|-mega|p1b: Pinsir|Pinsir|Pinsirite\n|move|p1b: Pinsir|Feint|p2a: Charizard\n|-damage|p2a: Charizard|0 fnt\n|faint|p2a: Charizard\n|\n|win|mggmffmgmfgmg\n|raw|mggmffmgmfgmg's rating: 1133 &rarr; <strong>1157</strong><br />(+24 for winning)\n|raw|Thornlace48812's rating: 1121 &rarr; <strong>1097</strong><br />(-24 for losing)\n","uploadtime":1788434794,"views":"1","formatid":"gen9championsvgc2026regmb","rating":1097,"private":0,"password":null}