{"id":"gen9championsvgc2026regmb-2674315539","format":"[Gen 9 Champions] VGC 2026 Reg M-B","players":["2012zar","Skayloft_1er"],"log":"|j|☆2012zar\n|j|☆Skayloft_1er\n|t:|1788339043\n|gametype|doubles\n|player|p1|2012zar|266|1110\n|player|p2|Skayloft_1er|ethan|1139\n|gen|9\n|tier|[Gen 9 Champions] VGC 2026 Reg M-B\n|rated|\n|rule|Species Clause: Limit one of each Pokémon\n|rule|Item Clause: Limit 1 of each item\n|clearpoke\n|poke|p1|Staraptor, L50, M|\n|poke|p1|Arcanine-Hisui, L50, F|\n|poke|p1|Kingambit, L50, M|\n|poke|p1|Sylveon, L50, F|\n|poke|p1|Raichu, L50, F|\n|poke|p1|Farigiraf, L50, M|\n|poke|p2|Farigiraf, L50, F|\n|poke|p2|Decidueye-Hisui, L50, M|\n|poke|p2|Floette-Eternal, L50, F|\n|poke|p2|Scizor, L50, M|\n|poke|p2|Pelipper, L50, F|\n|poke|p2|Sinistcha, L50|\n|teampreview|4\n|inactive|Battle timer is ON: inactive players will automatically lose when time's up. (requested by 2012zar)\n|inactive|Skayloft_1er has 60 seconds left.\n|\n|t:|1788339090\n|teamsize|p1|4\n|teamsize|p2|4\n|start\n|switch|p1a: Raichu|Raichu, L50, F|100/100\n|switch|p1b: Hisuian Arcanine|Arcanine-Hisui, L50, F|100/100\n|switch|p2a: Pelipper|Pelipper, L50, F|100/100\n|switch|p2b: Scizor|Scizor, L50, M|100/100\n|-weather|RainDance|[from] ability: Drizzle|[of] p2a: Pelipper\n|turn|1\n|\n|t:|1788339109\n|switch|p2b: Farigiraf|Farigiraf, L50, F|100/100\n|move|p1a: Raichu|Fake Out||[still]\n|cant|p2b: Farigiraf|ability: Armor Tail|Fake Out|[of] p1a: Raichu\n|move|p1b: Hisuian Arcanine|Flare Blitz|p2b: Farigiraf\n|-damage|p2b: Farigiraf|79/100\n|move|p2a: Pelipper|Weather Ball|p1b: Hisuian Arcanine\n|-supereffective|p1b: Hisuian Arcanine|2\n|-enditem|p1b: Hisuian Arcanine|Focus Sash\n|-damage|p1b: Hisuian Arcanine|1/100\n|\n|-weather|RainDance|[upkeep]\n|upkeep\n|turn|2\n|inactive|Skayloft_1er has 30 seconds left.\n|\n|t:|1788339138\n|switch|p1b: Kingambit|Kingambit, L50, M|100/100\n|detailschange|p1a: Raichu|Raichu-Mega-Y, L50, F\n|-mega|p1a: Raichu|Raichu|Raichunite Y\n|move|p1a: Raichu|Focus Blast|p2b: Farigiraf\n|-damage|p2b: Farigiraf|38/100\n|-unboost|p2b: Farigiraf|spd|1\n|-enditem|p2b: Farigiraf|Sitrus Berry|[eat]\n|-heal|p2b: Farigiraf|63/100|[from] item: Sitrus Berry\n|move|p2a: Pelipper|Weather Ball|p1a: Raichu\n|-damage|p1a: Raichu|11/100\n|move|p2b: Farigiraf|Hyper Voice|p1b: Kingambit|[spread] p1a,p1b\n|-resisted|p1b: Kingambit|1\n|-damage|p1a: Raichu|0 fnt\n|-damage|p1b: Kingambit|88/100\n|faint|p1a: Raichu\n|\n|-weather|RainDance|[upkeep]\n|upkeep\n|\n|t:|1788339163\n|switch|p1a: Staraptor|Staraptor, L50, M|100/100\n|-ability|p1a: Staraptor|Intimidate|boost\n|-unboost|p2a: Pelipper|atk|1\n|-unboost|p2b: Farigiraf|atk|1\n|turn|3\n|inactive|Skayloft_1er has 30 seconds left.\n|\n|t:|1788339189\n|move|p1a: Staraptor|Tailwind|p1a: Staraptor\n|-sidestart|p1: 2012zar|move: Tailwind\n|move|p1b: Kingambit|Kowtow Cleave|p2b: Farigiraf\n|-supereffective|p2b: Farigiraf|1\n|-damage|p2b: Farigiraf|0 fnt\n|faint|p2b: Farigiraf\n|-damage|p1b: Kingambit|78/100|[from] item: Life Orb\n|move|p2a: Pelipper|Weather Ball|p1b: Kingambit\n|-damage|p1b: Kingambit|27/100\n|\n|-weather|RainDance|[upkeep]\n|upkeep\n|\n|t:|1788339204\n|switch|p2b: Scizor|Scizor, L50, M|100/100\n|turn|4\n|\n|t:|1788339214\n|detailschange|p2b: Scizor|Scizor-Mega, L50, M\n|-mega|p2b: Scizor|Scizor|Scizorite\n|move|p1a: Staraptor|Dual Wingbeat|p2a: Pelipper\n|-damage|p2a: Pelipper|82/100\n|-damage|p2a: Pelipper|64/100\n|-hitcount|p2a: Pelipper|2\n|move|p1b: Kingambit|Kowtow Cleave|p2a: Pelipper\n|-damage|p2a: Pelipper|9/100\n|-damage|p1b: Kingambit|17/100|[from] item: Life Orb\n|move|p2b: Scizor|Swords Dance|p2b: Scizor\n|-boost|p2b: Scizor|atk|2\n|move|p2a: Pelipper|Weather Ball|p1b: Kingambit\n|-damage|p1b: Kingambit|0 fnt\n|faint|p1b: Kingambit\n|\n|-weather|RainDance|[upkeep]\n|upkeep\n|\n|t:|1788339230\n|switch|p1b: Hisuian Arcanine|Arcanine-Hisui, L50, F|1/100\n|turn|5\n|\n|t:|1788339246\n|move|p1b: Hisuian Arcanine|Protect|p1b: Hisuian Arcanine\n|-singleturn|p1b: Hisuian Arcanine|Protect\n|move|p2b: Scizor|Bullet Punch|p1b: Hisuian Arcanine\n|-activate|p1b: Hisuian Arcanine|move: Protect\n|move|p1a: Staraptor|Dual Wingbeat|p2b: Scizor\n|-damage|p2b: Scizor|84/100\n|-damage|p2b: Scizor|69/100\n|-hitcount|p2b: Scizor|2\n|move|p2a: Pelipper|Weather Ball|p1a: Staraptor\n|-damage|p1a: Staraptor|8/100\n|\n|-weather|none\n|upkeep\n|turn|6\n|-message|2012zar forfeited.\n|\n|win|Skayloft_1er\n|raw|2012zar's rating: 1110 &rarr; <strong>1087</strong><br />(-23 for losing)\n|raw|Skayloft_1er's rating: 1139 &rarr; <strong>1162</strong><br />(+23 for winning)\n|l|☆2012zar\n|player|p1|\n","uploadtime":1788339267,"views":"3","formatid":"gen9championsvgc2026regmb","rating":1087,"private":0,"password":null}