{"id":"gen9championsvgc2026regmbbo3-2674546411","format":"[Gen 9 Champions] VGC 2026 Reg M-B (Bo3)","players":["Daap_15","R1ply"],"log":"|j|☆Daap_15\n|j|☆R1ply\n|html|<table width=\"100%\"><tr><td align=\"left\">Daap_15</td><td align=\"right\">R1ply</tr><tr><td align=\"left\"><i class=\"fa fa-circle\"></i> <i class=\"fa fa-circle-o\"></i> </td><td align=\"right\"><i class=\"fa fa-circle-o\"></i> <i class=\"fa fa-circle\"></i> </tr></table>\n|uhtml|bestof|<h2><strong>Game 3</strong> of <a href=\"/game-bestof3-gen9championsvgc2026regmbbo3-2674540758\">a best-of-3</a></h2>\n|t:|1788372435\n|gametype|doubles\n|player|p1|Daap_15|pokemaniac|\n|player|p2|R1ply|acetrainer-gen4dp|\n|gen|9\n|tier|[Gen 9 Champions] VGC 2026 Reg M-B (Bo3)\n|rule|Species Clause: Limit one of each Pokémon\n|rule|Item Clause: Limit 1 of each item\n|clearpoke\n|poke|p1|Aerodactyl, L50, M, shiny|\n|poke|p1|Kingambit, L50, M, shiny|\n|poke|p1|Charizard, L50, M, shiny|\n|poke|p1|Garchomp, L50, M, shiny|\n|poke|p1|Farigiraf, L50, F, shiny|\n|poke|p1|Whimsicott, L50, F, shiny|\n|poke|p2|Raichu, L50, F|\n|poke|p2|Staraptor, L50, F|\n|poke|p2|Kingambit, L50, M|\n|poke|p2|Sylveon, L50, F|\n|poke|p2|Farigiraf, L50, F|\n|poke|p2|Arcanine-Hisui, L50, F|\n|teampreview|4\n|showteam|p1|Aerodactyl||Aerodactylite|Unnerve|RockSlide,Protect,IceFang,DualWingbeat|Jolly||M|||50|]Kingambit||ChopleBerry|Defiant|KowtowCleave,IronHead,SuckerPunch,Protect|Adamant||M|||50|]Charizard||CharizarditeY|Blaze|HeatWave,WeatherBall,AncientPower,Protect|Modest||M|||50|]Garchomp||LifeOrb|RoughSkin|RockSlide,DragonClaw,StompingTantrum,Protect|Jolly||M|||50|]Farigiraf||SitrusBerry|ArmorTail|Psychic,Thunderbolt,TrickRoom,Protect|Modest||F|||50|]Whimsicott||FocusSash|Prankster|Moonblast,Encore,Tailwind,Protect|Timid||F|||50|\n|showteam|p2|Raichu||RaichuniteY|LightningRod|FakeOut,ZapCannon,FocusBlast,Protect|Timid||F|||50|]Staraptor||Staraptite|Intimidate|DualWingbeat,CloseCombat,Tailwind,Protect|Jolly||F|||50|]Kingambit||LifeOrb|Defiant|SuckerPunch,KowtowCleave,SwordsDance,Protect|Adamant||M|||50|]Sylveon||FairyFeather|Pixilate|QuickAttack,HyperVoice,HyperBeam,Detect|Modest||F|||50|]Farigiraf||SitrusBerry|ArmorTail|Psychic,TrickRoom,HelpingHand,Protect|Calm||F|||50|]Arcanine-Hisui||FocusSash|RockHead|ExtremeSpeed,FlareBlitz,HeadSmash,Protect|Jolly||F|||50|\n|inactive|Battle timer is ON: inactive players will automatically lose when time's up. (requested by R1ply)\n|\n|t:|1788372465\n|teamsize|p1|4\n|teamsize|p2|4\n|start\n|switch|p1a: Garchomp|Garchomp, L50, M, shiny|100/100\n|switch|p1b: Aerodactyl|Aerodactyl, L50, M, shiny|100/100\n|switch|p2a: Raichu|Raichu, L50, F|100/100\n|switch|p2b: Staraptor|Staraptor, L50, F|100/100\n|-ability|p1b: Aerodactyl|Unnerve\n|-ability|p2b: Staraptor|Intimidate|boost\n|-unboost|p1a: Garchomp|atk|1\n|-unboost|p1b: Aerodactyl|atk|1\n|turn|1\n|inactive|Daap_15 has 30 seconds left.\n|inactive|R1ply has 30 seconds left.\n|inactive|Daap_15 has 20 seconds left.\n|inactive|Daap_15 has 15 seconds left.\n|\n|t:|1788372505\n|detailschange|p1b: Aerodactyl|Aerodactyl-Mega, L50, M, shiny\n|-mega|p1b: Aerodactyl|Aerodactyl|Aerodactylite\n|detailschange|p2b: Staraptor|Staraptor-Mega, L50, F\n|-mega|p2b: Staraptor|Staraptor|Staraptite\n|move|p1b: Aerodactyl|Protect|p1b: Aerodactyl\n|-singleturn|p1b: Aerodactyl|Protect\n|move|p1a: Garchomp|Protect|p1a: Garchomp\n|-singleturn|p1a: Garchomp|Protect\n|move|p2a: Raichu|Fake Out|p1b: Aerodactyl\n|-activate|p1b: Aerodactyl|move: Protect\n|move|p2b: Staraptor|Close Combat|p1a: Garchomp\n|-activate|p1a: Garchomp|move: Protect\n|\n|upkeep\n|turn|2\n|inactive|R1ply has 30 seconds left.\n|inactive|Daap_15 has 30 seconds left.\n|\n|t:|1788372540\n|switch|p1b: Whimsicott|Whimsicott, L50, F, shiny|100/100\n|move|p2a: Raichu|Protect|p2a: Raichu\n|-singleturn|p2a: Raichu|Protect\n|move|p2b: Staraptor|Close Combat|p1b: Whimsicott\n|-resisted|p1b: Whimsicott|1\n|-damage|p1b: Whimsicott|51/100\n|-boost|p2b: Staraptor|def|1\n|-boost|p2b: Staraptor|spd|1\n|move|p1a: Garchomp|Stomping Tantrum|p2a: Raichu\n|-activate|p2a: Raichu|move: Protect\n|\n|upkeep\n|turn|3\n|\n|t:|1788372565\n|switch|p2a: Farigiraf|Farigiraf, L50, F|100/100\n|move|p1b: Whimsicott|Tailwind|p1b: Whimsicott\n|-sidestart|p1: Daap_15|move: Tailwind\n|move|p1a: Garchomp|Rock Slide|p2b: Staraptor|[spread] p2a,p2b\n|-damage|p2a: Farigiraf|86/100\n|-damage|p2b: Staraptor|87/100\n|-damage|p1a: Garchomp|90/100|[from] item: Life Orb\n|cant|p2b: Staraptor|flinch\n|\n|upkeep\n|turn|4\n|inactive|R1ply has 30 seconds left.\n|\n|t:|1788372598\n|move|p1b: Whimsicott|Moonblast|p2a: Farigiraf\n|-crit|p2a: Farigiraf\n|-damage|p2a: Farigiraf|43/100\n|-enditem|p2a: Farigiraf|Sitrus Berry|[eat]\n|-heal|p2a: Farigiraf|68/100|[from] item: Sitrus Berry\n|move|p1a: Garchomp|Dragon Claw|p2a: Farigiraf\n|-damage|p2a: Farigiraf|37/100\n|-damage|p1a: Garchomp|80/100|[from] item: Life Orb\n|move|p2b: Staraptor|Dual Wingbeat|p1b: Whimsicott|[miss]\n|-miss|p2b: Staraptor|p1b: Whimsicott\n|move|p2a: Farigiraf|Trick Room|p2a: Farigiraf\n|-fieldstart|move: Trick Room|[of] p2a: Farigiraf\n|\n|upkeep\n|turn|5\n|inactive|R1ply has 30 seconds left.\n|\n|t:|1788372633\n|move|p1b: Whimsicott|Protect|p1b: Whimsicott\n|-singleturn|p1b: Whimsicott|Protect\n|move|p1a: Garchomp|Protect|p1a: Garchomp\n|-singleturn|p1a: Garchomp|Protect\n|move|p2a: Farigiraf|Psychic|p1a: Garchomp\n|-activate|p1a: Garchomp|move: Protect\n|move|p2b: Staraptor|Close Combat|p1b: Whimsicott\n|-activate|p1b: Whimsicott|move: Protect\n|\n|upkeep\n|turn|6\n|inactive|Daap_15 has 30 seconds left.\n|inactive|R1ply has 30 seconds left.\n|\n|t:|1788372666\n|switch|p1a: Aerodactyl|Aerodactyl-Mega, L50, M, shiny|100/100\n|switch|p1b: Kingambit|Kingambit, L50, M, shiny|100/100\n|move|p2a: Farigiraf|Psychic|p1a: Aerodactyl\n|-damage|p1a: Aerodactyl|62/100\n|move|p2b: Staraptor|Close Combat|p1a: Aerodactyl\n|-damage|p1a: Aerodactyl|0 fnt\n|-boost|p2b: Staraptor|def|1\n|-boost|p2b: Staraptor|spd|1\n|faint|p1a: Aerodactyl\n|\n|-sideend|p1: Daap_15|move: Tailwind\n|upkeep\n|\n|t:|1788372679\n|switch|p1a: Whimsicott|Whimsicott, L50, F, shiny|51/100\n|turn|7\n|inactive|R1ply has 30 seconds left.\n|inactive|R1ply has 20 seconds left.\n|\n|t:|1788372717\n|move|p2b: Staraptor|Protect|p2b: Staraptor\n|-singleturn|p2b: Staraptor|Protect\n|move|p1b: Kingambit|Iron Head|p2b: Staraptor\n|-activate|p2b: Staraptor|move: Protect\n|move|p2a: Farigiraf|Psychic|p1a: Whimsicott\n|-damage|p1a: Whimsicott|0 fnt\n|faint|p1a: Whimsicott\n|\n|upkeep\n|\n|t:|1788372724\n|switch|p1a: Garchomp|Garchomp, L50, M, shiny|80/100\n|turn|8\n|\n|t:|1788372740\n|move|p1b: Kingambit|Protect|p1b: Kingambit\n|-singleturn|p1b: Kingambit|Protect\n|move|p1a: Garchomp|Protect|p1a: Garchomp\n|-singleturn|p1a: Garchomp|Protect\n|move|p2a: Farigiraf|Psychic|p1a: Garchomp\n|-activate|p1a: Garchomp|move: Protect\n|move|p2b: Staraptor|Close Combat|p1a: Garchomp\n|-activate|p1a: Garchomp|move: Protect\n|\n|-fieldend|move: Trick Room\n|upkeep\n|turn|9\n|\n|t:|1788372758\n|move|p2a: Farigiraf|Helping Hand|p2b: Staraptor\n|-singleturn|p2b: Staraptor|Helping Hand|[of] p2a: Farigiraf\n|move|p2b: Staraptor|Close Combat|p1b: Kingambit\n|-supereffective|p1b: Kingambit|2\n|-enditem|p1b: Kingambit|Chople Berry|[eat]\n|-enditem|p1b: Kingambit|Chople Berry|[weaken]\n|-damage|p1b: Kingambit|0 fnt\n|-boost|p2b: Staraptor|def|1\n|-boost|p2b: Staraptor|spd|1\n|faint|p1b: Kingambit\n|move|p1a: Garchomp|Rock Slide|p2b: Staraptor|[spread] p2a,p2b\n|-damage|p2a: Farigiraf|15/100\n|-damage|p2b: Staraptor|77/100\n|-damage|p1a: Garchomp|70/100|[from] item: Life Orb\n|\n|upkeep\n|turn|10\n|-message|Daap_15 forfeited.\n|\n|win|R1ply\n|l|☆Daap_15\n|player|p1|\n|c|☆R1ply|gg\n","uploadtime":1788372869,"views":"0","formatid":"gen9championsvgc2026regmbbo3","rating":null,"private":0,"password":null}