{"id":"gen9championsvgc2026regmbbo3-2673506024","format":"[Gen 9 Champions] VGC 2026 Reg M-B (Bo3)","players":["mike6972","humania1"],"log":"|j|☆mike6972\n|j|☆humania1\n|html|<table width=\"100%\"><tr><td align=\"left\">mike6972</td><td align=\"right\">humania1</tr><tr><td align=\"left\"><i class=\"fa fa-circle-o\"></i> <i class=\"fa fa-circle-o\"></i> </td><td align=\"right\"><i class=\"fa fa-circle-o\"></i> <i class=\"fa fa-circle-o\"></i> </tr></table>\n|uhtml|bestof|<h2><strong>Game 1</strong> of <a href=\"/game-bestof3-gen9championsvgc2026regmbbo3-2673506023\">a best-of-3</a></h2>\n|t:|1788206008\n|gametype|doubles\n|player|p1|mike6972|1|1109\n|player|p2|humania1|170|1092\n|gen|9\n|tier|[Gen 9 Champions] VGC 2026 Reg M-B (Bo3)\n|rated|\n|rule|Species Clause: Limit one of each Pokémon\n|rule|Item Clause: Limit 1 of each item\n|clearpoke\n|poke|p1|Delphox, L50, F|\n|poke|p1|Whimsicott, L50, M|\n|poke|p1|Incineroar, L50, M|\n|poke|p1|Sylveon, L50, M|\n|poke|p1|Basculegion, L50, M|\n|poke|p1|Garchomp, L50, F|\n|poke|p2|Blastoise, L50, F|\n|poke|p2|Delphox, L50, M, shiny|\n|poke|p2|Incineroar, L50, F|\n|poke|p2|Sinistcha, L50|\n|poke|p2|Sneasler, L50, F|\n|poke|p2|Vivillon, L50, F|\n|teampreview|4\n|showteam|p1|Delphox||Delphoxite|Blaze|HeatWave,Psychic,NastyPlot,Protect|Timid||F|||50|]Whimsicott||FocusSash|Prankster|Tailwind,Protect,Encore,Moonblast|Bold||M|||50|]Incineroar||ShucaBerry|Intimidate|HelpingHand,FlareBlitz,FakeOut,PartingShot|Impish||M|||50|]Sylveon||FairyFeather|Pixilate|Protect,HyperVoice,Yawn,HyperBeam|Modest||M|||50|]Basculegion||ChoiceScarf|Adaptability|AquaJet,WaveCrash,FlipTurn,LastRespects|Adamant||M|||50|]Garchomp||LifeOrb|RoughSkin|Protect,Earthquake,DragonClaw,RockSlide|Adamant||F|||50|\n|showteam|p2|Blastoise||Blastoisinite|Torrent|Protect,ShellSmash,WaterSpout,DarkPulse|Modest||F|||50|]Delphox||Delphoxite|Blaze|Protect,HeatWave,Psyshock,NastyPlot|Timid||M|||50|]Incineroar||PasshoBerry|Intimidate|FakeOut,PartingShot,FlareBlitz,ThroatChop|Impish||F|||50|]Sinistcha||SitrusBerry|Hospitality|Protect,MatchaGotcha,TrickRoom,RagePowder|Bold|||||50|]Sneasler||FocusSash|PoisonTouch|QuickGuard,FakeOut,CloseCombat,DireClaw|Jolly||F|||50|]Vivillon||ChoiceScarf|CompoundEyes|Hurricane,SleepPowder,RagePowder,Uturn|Timid||F|||50|\n|inactive|Battle timer is ON: inactive players will automatically lose when time's up. (requested by humania1)\n|inactive|mike6972 has 60 seconds left.\n|j| nosehabladebruno\n|\n|t:|1788206056\n|teamsize|p1|4\n|teamsize|p2|4\n|start\n|switch|p1a: Incineroar|Incineroar, L50, M|100/100\n|switch|p1b: Garchomp|Garchomp, L50, F|100/100\n|switch|p2a: Blastoise|Blastoise, L50, F|100/100\n|switch|p2b: Incineroar|Incineroar, L50, F|100/100\n|-ability|p2b: Incineroar|Intimidate|boost\n|-unboost|p1a: Incineroar|atk|1\n|-unboost|p1b: Garchomp|atk|1\n|-ability|p1a: Incineroar|Intimidate|boost\n|-unboost|p2a: Blastoise|atk|1\n|-unboost|p2b: Incineroar|atk|1\n|turn|1\n|\n|t:|1788206070\n|switch|p1b: Delphox|Delphox, L50, F|100/100\n|detailschange|p2a: Blastoise|Blastoise-Mega, L50, F\n|-mega|p2a: Blastoise|Blastoise|Blastoisinite\n|move|p2b: Incineroar|Fake Out|p1b: Delphox\n|-damage|p1b: Delphox|88/100\n|move|p1a: Incineroar|Fake Out|p2a: Blastoise\n|-damage|p2a: Blastoise|91/100\n|cant|p2a: Blastoise|flinch\n|\n|upkeep\n|turn|2\n|\n|t:|1788206083\n|detailschange|p1b: Delphox|Delphox-Mega, L50, F\n|-mega|p1b: Delphox|Delphox|Delphoxite\n|move|p1a: Incineroar|Helping Hand|p1b: Delphox\n|-singleturn|p1b: Delphox|Helping Hand|[of] p1a: Incineroar\n|move|p1b: Delphox|Psychic|p2a: Blastoise\n|-damage|p2a: Blastoise|13/100\n|move|p2a: Blastoise|Water Spout|p1b: Delphox|[spread] p1a,p1b\n|-supereffective|p1a: Incineroar|1\n|-supereffective|p1b: Delphox|1\n|-damage|p1a: Incineroar|87/100\n|-damage|p1b: Delphox|70/100\n|move|p2b: Incineroar|Throat Chop|p1b: Delphox\n|-supereffective|p1b: Delphox|1\n|-damage|p1b: Delphox|7/100\n|-start|p1b: Delphox|Throat Chop|[silent]\n|\n|upkeep\n|turn|3\n|\n|t:|1788206106\n|switch|p2a: Delphox|Delphox, L50, M, shiny|100/100\n|move|p1b: Delphox|Heat Wave|p2b: Incineroar|[spread] p2a,p2b\n|-resisted|p2a: Delphox|1\n|-resisted|p2b: Incineroar|1\n|-damage|p2a: Delphox|75/100\n|-damage|p2b: Incineroar|79/100\n|move|p2b: Incineroar|Throat Chop|p1b: Delphox\n|-supereffective|p1b: Delphox|1\n|-damage|p1b: Delphox|0 fnt\n|faint|p1b: Delphox\n|move|p1a: Incineroar|Parting Shot|p2b: Incineroar\n|-unboost|p2b: Incineroar|atk|1\n|-unboost|p2b: Incineroar|spa|1\n|\n|t:|1788206116\n|switch|p1a: Basculegion|Basculegion, L50, M|100/100|[from] Parting Shot\n|\n|upkeep\n|\n|t:|1788206121\n|switch|p1b: Garchomp|Garchomp, L50, F|100/100\n|turn|4\n|\n|t:|1788206135\n|switch|p2b: Sinistcha|Sinistcha, L50|100/100\n|-heal|p2a: Delphox|100/100|[from] ability: Hospitality|[of] p2b: Sinistcha\n|move|p2a: Delphox|Protect|p2a: Delphox\n|-singleturn|p2a: Delphox|Protect\n|move|p1a: Basculegion|Flip Turn|p2b: Sinistcha\n|-resisted|p2b: Sinistcha|1\n|-damage|p2b: Sinistcha|80/100\n|\n|t:|1788206144\n|switch|p1a: Incineroar|Incineroar, L50, M|87/100|[from] Flip Turn\n|-ability|p1a: Incineroar|Intimidate|boost\n|-unboost|p2a: Delphox|atk|1\n|-unboost|p2b: Sinistcha|atk|1\n|move|p1b: Garchomp|Rock Slide|p2b: Sinistcha|[spread] p2b\n|-activate|p2a: Delphox|move: Protect\n|-damage|p2b: Sinistcha|55/100\n|-damage|p1b: Garchomp|90/100|[from] item: Life Orb\n|\n|upkeep\n|turn|5\n|\n|t:|1788206159\n|switch|p2a: Incineroar|Incineroar, L50, F|79/100\n|-ability|p2a: Incineroar|Intimidate|boost\n|-unboost|p1a: Incineroar|atk|1\n|-unboost|p1b: Garchomp|atk|1\n|move|p1b: Garchomp|Rock Slide|p2b: Sinistcha|[spread] p2a,p2b\n|-supereffective|p2a: Incineroar|1\n|-damage|p2a: Incineroar|48/100\n|-damage|p2b: Sinistcha|38/100\n|-enditem|p2b: Sinistcha|Sitrus Berry|[eat]\n|-heal|p2b: Sinistcha|63/100|[from] item: Sitrus Berry\n|-damage|p1b: Garchomp|80/100|[from] item: Life Orb\n|move|p1a: Incineroar|Flare Blitz|p2b: Sinistcha\n|-supereffective|p2b: Sinistcha|1\n|-crit|p2b: Sinistcha\n|-damage|p2b: Sinistcha|0 fnt\n|faint|p2b: Sinistcha\n|-damage|p1a: Incineroar|68/100|[from] Recoil\n|\n|upkeep\n|\n|t:|1788206160\n|switch|p2b: Delphox|Delphox, L50, M, shiny|100/100\n|turn|6\n|inactive|humania1 has 30 seconds left.\n|\n|t:|1788206192\n|move|p1b: Garchomp|Protect|p1b: Garchomp\n|-singleturn|p1b: Garchomp|Protect\n|move|p2b: Delphox|Psyshock|p1b: Garchomp\n|-activate|p1b: Garchomp|move: Protect\n|move|p2a: Incineroar|Parting Shot|p1a: Incineroar\n|-unboost|p1a: Incineroar|atk|1\n|-unboost|p1a: Incineroar|spa|1\n|\n|t:|1788206193\n|switch|p2a: Blastoise|Blastoise-Mega, L50, F|13/100|[from] Parting Shot\n|move|p1a: Incineroar|Parting Shot|p2b: Delphox\n|-unboost|p2b: Delphox|atk|1\n|-unboost|p2b: Delphox|spa|1\n|\n|t:|1788206201\n|switch|p1a: Basculegion|Basculegion, L50, M|100/100|[from] Parting Shot\n|\n|upkeep\n|turn|7\n|\n|t:|1788206223\n|switch|p2a: Incineroar|Incineroar, L50, F|48/100\n|-ability|p2a: Incineroar|Intimidate|boost\n|-unboost|p1a: Basculegion|atk|1\n|-unboost|p1b: Garchomp|atk|1\n|move|p2b: Delphox|Protect|p2b: Delphox\n|-singleturn|p2b: Delphox|Protect\n|move|p1a: Basculegion|Flip Turn|p2a: Incineroar\n|-supereffective|p2a: Incineroar|1\n|-enditem|p2a: Incineroar|Passho Berry|[eat]\n|-enditem|p2a: Incineroar|Passho Berry|[weaken]\n|-damage|p2a: Incineroar|24/100\n|\n|t:|1788206231\n|switch|p1a: Incineroar|Incineroar, L50, M|68/100|[from] Flip Turn\n|-ability|p1a: Incineroar|Intimidate|boost\n|-unboost|p2a: Incineroar|atk|1\n|-unboost|p2b: Delphox|atk|1\n|move|p1b: Garchomp|Rock Slide|p2a: Incineroar|[spread] p2a\n|-activate|p2b: Delphox|move: Protect\n|-supereffective|p2a: Incineroar|1\n|-damage|p2a: Incineroar|2/100\n|-damage|p1b: Garchomp|70/100|[from] item: Life Orb\n|\n|upkeep\n|turn|8\n|\n|t:|1788206256\n|switch|p1b: Basculegion|Basculegion, L50, M|100/100\n|move|p1a: Incineroar|Fake Out|p2a: Incineroar\n|-damage|p2a: Incineroar|0 fnt\n|faint|p2a: Incineroar\n|move|p2b: Delphox|Psyshock|p1b: Basculegion\n|-damage|p1b: Basculegion|70/100\n|\n|upkeep\n|\n|t:|1788206257\n|switch|p2a: Blastoise|Blastoise-Mega, L50, F|13/100\n|turn|9\n|\n|t:|1788206275\n|move|p1b: Basculegion|Last Respects|p2a: Blastoise\n|-damage|p2a: Blastoise|0 fnt\n|faint|p2a: Blastoise\n|move|p2b: Delphox|Psyshock|p1b: Basculegion\n|-damage|p1b: Basculegion|37/100\n|move|p1a: Incineroar|Parting Shot|p2b: Delphox\n|-unboost|p2b: Delphox|atk|1\n|-unboost|p2b: Delphox|spa|1\n|\n|t:|1788206281\n|switch|p1a: Garchomp|Garchomp, L50, F|70/100|[from] Parting Shot\n|\n|upkeep\n|turn|10\n|\n|t:|1788206284\n|switch|p1b: Incineroar|Incineroar, L50, M|68/100\n|-ability|p1b: Incineroar|Intimidate|boost\n|-unboost|p2b: Delphox|atk|1\n|move|p2b: Delphox|Nasty Plot|p2b: Delphox\n|-boost|p2b: Delphox|spa|2\n|move|p1a: Garchomp|Rock Slide|p2b: Delphox\n|-supereffective|p2b: Delphox|1\n|-damage|p2b: Delphox|0 fnt\n|faint|p2b: Delphox\n|-damage|p1a: Garchomp|60/100|[from] item: Life Orb\n|\n|win|mike6972\n","uploadtime":1788206284,"views":"0","formatid":"gen9championsvgc2026regmbbo3","rating":null,"private":0,"password":null}