{"id":"gen9championsvgc2026regmb-2674003413","format":"[Gen 9 Champions] VGC 2026 Reg M-B","players":["thruxytwo","dibble03"],"log":"|j|☆thruxytwo\n|j|☆dibble03\n|t:|1788287047\n|gametype|doubles\n|player|p1|thruxytwo|blue|1778\n|player|p2|dibble03|brock|1673\n|gen|9\n|tier|[Gen 9 Champions] VGC 2026 Reg M-B\n|rated|\n|rule|Species Clause: Limit one of each Pokémon\n|rule|Item Clause: Limit 1 of each item\n|clearpoke\n|poke|p1|Maushold-Four, L50|\n|poke|p1|Blastoise, L50, F, shiny|\n|poke|p1|Whimsicott, L50, F|\n|poke|p1|Kingambit, L50, M, shiny|\n|poke|p1|Basculegion, L50, M, shiny|\n|poke|p1|Sinistcha, L50|\n|poke|p2|Blastoise, L50, M|\n|poke|p2|Whimsicott, L50, F|\n|poke|p2|Kingambit, L50, M|\n|poke|p2|Basculegion, L50, M|\n|poke|p2|Sinistcha, L50|\n|poke|p2|Maushold, L50|\n|teampreview|4\n|inactive|Battle timer is ON: inactive players will automatically lose when time's up. (requested by thruxytwo)\n|inactive|thruxytwo has 60 seconds left.\n|inactive|dibble03 has 60 seconds left.\n|inactive|dibble03 has 30 seconds left.\n|\n|t:|1788287110\n|teamsize|p1|4\n|teamsize|p2|4\n|start\n|switch|p1a: Maushold|Maushold-Four, L50|100/100\n|switch|p1b: Blastoise|Blastoise, L50, F, shiny|100/100\n|switch|p2a: Whimsicott|Whimsicott, L50, F|100/100\n|switch|p2b: Kingambit|Kingambit, L50, M|100/100\n|turn|1\n|\n|t:|1788287133\n|switch|p2b: Basculegion|Basculegion, L50, M|100/100\n|detailschange|p1b: Blastoise|Blastoise-Mega, L50, F, shiny\n|-mega|p1b: Blastoise|Blastoise|Blastoisinite\n|move|p2a: Whimsicott|Protect|p2a: Whimsicott\n|-singleturn|p2a: Whimsicott|Protect\n|move|p1b: Blastoise|Fake Out|p2a: Whimsicott\n|-activate|p2a: Whimsicott|move: Protect\n|move|p1a: Maushold|Population Bomb|p2a: Whimsicott\n|-activate|p2a: Whimsicott|move: Protect\n|\n|upkeep\n|turn|2\n|\n|t:|1788287151\n|move|p1a: Maushold|Protect|p1a: Maushold\n|-singleturn|p1a: Maushold|Protect\n|move|p2a: Whimsicott|Encore|p1b: Blastoise\n|-start|p1b: Blastoise|Encore\n|move|p1b: Blastoise|Fake Out||[still]\n|-hint|Fake Out only works on your first turn out.\n|-fail|p1b: Blastoise\n|move|p2b: Basculegion|Wave Crash|p1a: Maushold\n|-activate|p1a: Maushold|move: Protect\n|\n|upkeep\n|turn|3\n|j| slimyswag\n|inactive|dibble03 has 30 seconds left.\n|inactive|dibble03 has 20 seconds left.\n|\n|t:|1788287189\n|switch|p1a: Whimsicott|Whimsicott, L50, F|100/100\n|switch|p1b: Kingambit|Kingambit, L50, M, shiny|100/100\n|move|p2b: Basculegion|Wave Crash|p1a: Whimsicott\n|-resisted|p1a: Whimsicott|1\n|-damage|p1a: Whimsicott|43/100\n|-damage|p2b: Basculegion|87/100|[from] Recoil\n|move|p2a: Whimsicott|Moonblast|p1b: Kingambit\n|-damage|p1b: Kingambit|61/100\n|\n|upkeep\n|turn|4\n|inactive|dibble03 has 30 seconds left.\n|inactive|dibble03 has 20 seconds left.\n|inactive|dibble03 has 15 seconds left.\n|\n|t:|1788287229\n|switch|p2b: Blastoise|Blastoise, L50, M|100/100\n|move|p1a: Whimsicott|Tailwind|p1a: Whimsicott\n|-sidestart|p1: thruxytwo|move: Tailwind\n|move|p1b: Kingambit|Kowtow Cleave|p2b: Blastoise\n|-crit|p2b: Blastoise\n|-damage|p2b: Blastoise|8/100\n|-damage|p1b: Kingambit|51/100|[from] item: Life Orb\n|move|p2a: Whimsicott|Moonblast|p1a: Whimsicott\n|-damage|p1a: Whimsicott|0 fnt\n|faint|p1a: Whimsicott\n|\n|upkeep\n|\n|t:|1788287243\n|switch|p1a: Maushold|Maushold-Four, L50|100/100\n|turn|5\n|\n|t:|1788287268\n|detailschange|p2b: Blastoise|Blastoise-Mega, L50, M\n|-mega|p2b: Blastoise|Blastoise|Blastoisinite\n|move|p2a: Whimsicott|Protect|p2a: Whimsicott\n|-singleturn|p2a: Whimsicott|Protect\n|move|p2b: Blastoise|Fake Out|p1b: Kingambit\n|-resisted|p1b: Kingambit|1\n|-damage|p1b: Kingambit|48/100\n|move|p1a: Maushold|Feint|p2b: Blastoise\n|-damage|p2b: Blastoise|0 fnt\n|faint|p2b: Blastoise\n|cant|p1b: Kingambit|flinch\n|\n|upkeep\n|\n|t:|1788287275\n|switch|p2b: Kingambit|Kingambit, L50, M|100/100\n|turn|6\n|\n|t:|1788287284\n|move|p2a: Whimsicott|Tailwind|p2a: Whimsicott\n|-sidestart|p2: dibble03|move: Tailwind\n|move|p1a: Maushold|Population Bomb|p2a: Whimsicott\n|-damage|p2a: Whimsicott|83/100\n|-damage|p2a: Whimsicott|66/100\n|-damage|p2a: Whimsicott|50/100g\n|-damage|p2a: Whimsicott|32/100\n|-damage|p2a: Whimsicott|16/100\n|-damage|p2a: Whimsicott|1/100\n|-crit|p2a: Whimsicott\n|-damage|p2a: Whimsicott|0 fnt\n|faint|p2a: Whimsicott\n|-hitcount|p2: Whimsicott|7\n|move|p1b: Kingambit|Low Kick|p2b: Kingambit\n|-supereffective|p2b: Kingambit|2\n|-enditem|p2b: Kingambit|Chople Berry|[eat]\n|-enditem|p2b: Kingambit|Chople Berry|[weaken]\n|-damage|p2b: Kingambit|17/100\n|-damage|p1b: Kingambit|38/100|[from] item: Life Orb\n|move|p2b: Kingambit|Low Kick|p1b: Kingambit\n|-supereffective|p1b: Kingambit|2\n|-damage|p1b: Kingambit|0 fnt\n|faint|p1b: Kingambit\n|\n|upkeep\n|\n|t:|1788287289\n|switch|p2a: Basculegion|Basculegion, L50, M|87/100\n|switch|p1b: Blastoise|Blastoise-Mega, L50, F, shiny|100/100\n|turn|7\n|\n|t:|1788287312\n|move|p1a: Maushold|Protect|p1a: Maushold\n|-singleturn|p1a: Maushold|Protect\n|move|p2b: Kingambit|Sucker Punch|p1b: Blastoise\n|-damage|p1b: Blastoise|64/100\n|move|p2a: Basculegion|Wave Crash|p1b: Blastoise\n|-resisted|p1b: Blastoise|1\n|-damage|p1b: Blastoise|30/100\n|-damage|p2a: Basculegion|77/100|[from] Recoil\n|move|p1b: Blastoise|Dark Pulse|p2a: Basculegion\n|-supereffective|p2a: Basculegion|1\n|-damage|p2a: Basculegion|0 fnt\n|faint|p2a: Basculegion\n|\n|-sideend|p1: thruxytwo|move: Tailwind\n|upkeep\n|turn|8\n|c|☆dibble03|gg\n|-message|dibble03 forfeited.\n|\n|win|thruxytwo\n|raw|thruxytwo's rating: 1778 &rarr; <strong>1792</strong><br />(+14 for winning)\n|raw|dibble03's rating: 1673 &rarr; <strong>1659</strong><br />(-14 for losing)\n|l|☆dibble03\n|player|p2|\n","uploadtime":1788287333,"views":"2","formatid":"gen9championsvgc2026regmb","rating":1659,"private":0,"password":null}