{"id":"gen9championsvgc2026regmbbo3-2673815010","format":"[Gen 9 Champions] VGC 2026 Reg M-B (Bo3)","players":["Darkblazeken","true-infinity"],"log":"|j|☆Darkblazeken\n|j|☆true-infinity\n|html|<table width=\"100%\"><tr><td align=\"left\">Darkblazeken</td><td align=\"right\">true-infinity</tr><tr><td align=\"left\"><i class=\"fa fa-circle-o\"></i> <i class=\"fa fa-circle-o\"></i> </td><td align=\"right\"><i class=\"fa fa-circle-o\"></i> <i class=\"fa fa-circle\"></i> </tr></table>\n|uhtml|bestof|<h2><strong>Game 2</strong> of <a href=\"/game-bestof3-gen9championsvgc2026regmbbo3-2673813490\">a best-of-3</a></h2>\n|t:|1788262447\n|gametype|doubles\n|player|p1|Darkblazeken|veteran|\n|player|p2|true-infinity|li|\n|gen|9\n|tier|[Gen 9 Champions] VGC 2026 Reg M-B (Bo3)\n|rule|Species Clause: Limit one of each Pokémon\n|rule|Item Clause: Limit 1 of each item\n|clearpoke\n|poke|p1|Blastoise, L50, M, shiny|\n|poke|p1|Klefki, L50, M, shiny|\n|poke|p1|Staraptor, L50, F, shiny|\n|poke|p1|Oranguru, L50, F, shiny|\n|poke|p1|Raichu, L50, M, shiny|\n|poke|p1|Garganacl, L50, M, shiny|\n|poke|p2|Torterra, L50, M, shiny|\n|poke|p2|Clefable, L50, F, shiny|\n|poke|p2|Chandelure, L50, F, shiny|\n|poke|p2|Samurott-Hisui, L50, F, shiny|\n|poke|p2|Bellibolt, L50, F, shiny|\n|poke|p2|Delphox, L50, M, shiny|\n|teampreview|4\n|showteam|p1|Blastoise||Blastoisinite|RainDish|WaterSpout,DarkPulse,AuraSphere,Protect|Quiet||M|||50|]Klefki||Leftovers|Prankster|RainDance,TrickRoom,SteelBeam,Sandstorm|Modest||M|||50|]Staraptor||Staraptite|Intimidate|BraveBird,CloseCombat,Roost,Protect|Adamant||F|||50|]Oranguru||SitrusBerry|Telepathy|TrickRoom,Instruct,Encore,HyperVoice|Relaxed||F|||50|]Raichu||FocusSash|LightningRod|Charm,FakeOut,BrickBreak,VoltSwitch|Modest||M|||50|]Garganacl||WideLens|PurifyingSalt|RockBlast,Recover,Protect,BodyPress|Sassy||M|||50|\n|showteam|p2|Torterra||CobaBerry|ShellArmor|HeadlongRush,HighHorsepower,WoodHammer,Protect|Impish||M|||50|]Clefable||SitrusBerry|Unaware|FollowMe,Blizzard,AlluringVoice,Protect|Bold||F|||50|]Chandelure||FocusSash|FlashFire|ShadowBall,HeatWave,Protect,TrickRoom|Bold||F|||50|]Samurott-Hisui||LifeOrb|Sharpness|AquaCutter,CeaselessEdge,SuckerPunch,Protect|Adamant||F|||50|]Bellibolt||BigRoot|Electromorphosis|ParabolicCharge,Thunderbolt,Substitute,MuddyWater|Bold||F|||50|]Delphox||Delphoxite|Blaze|HeatWave,Psychic,GrassKnot,Substitute|Timid||M|||50|\n|j| Poe Jar\n|\n|t:|1788262481\n|teamsize|p1|4\n|teamsize|p2|4\n|start\n|switch|p1a: Amber|Raichu, L50, M, shiny|100/100\n|switch|p1b: Kyanite|Staraptor, L50, F, shiny|100/100\n|switch|p2a: Elphaba|Delphox, L50, M, shiny|100/100\n|switch|p2b: Gerald|Samurott-Hisui, L50, F, shiny|100/100\n|-ability|p1b: Kyanite|Intimidate|boost\n|-unboost|p2a: Elphaba|atk|1\n|-unboost|p2b: Gerald|atk|1\n|turn|1\n|\n|t:|1788262536\n|switch|p2a: Master Oogway|Torterra, L50, M, shiny|100/100\n|detailschange|p1b: Kyanite|Staraptor-Mega, L50, F, shiny\n|-mega|p1b: Kyanite|Staraptor|Staraptite\n|move|p2b: Gerald|Protect|p2b: Gerald\n|-singleturn|p2b: Gerald|Protect\n|move|p1a: Amber|Fake Out|p2a: Master Oogway\n|-damage|p2a: Master Oogway|95/100\n|move|p1b: Kyanite|Close Combat|p2b: Gerald\n|-activate|p2b: Gerald|move: Protect\n|\n|upkeep\n|turn|2\n|\n|t:|1788262564\n|switch|p2b: Jabba the Hut|Bellibolt, L50, F, shiny|100/100\n|move|p1a: Amber|Charm|p1b: Kyanite\n|-boost|p1b: Kyanite|atk|2\n|move|p1b: Kyanite|Close Combat|p2b: Jabba the Hut\n|-damage|p2b: Jabba the Hut|0 fnt\n|-boost|p1b: Kyanite|def|1\n|-boost|p1b: Kyanite|spd|1\n|faint|p2b: Jabba the Hut\n|move|p2a: Master Oogway|Headlong Rush|p1b: Kyanite\n|-immune|p1b: Kyanite\n|\n|upkeep\n|\n|t:|1788262586\n|switch|p2b: Elphaba|Delphox, L50, M, shiny|100/100\n|turn|3\n|\n|t:|1788262625\n|detailschange|p2b: Elphaba|Delphox-Mega, L50, M, shiny\n|-mega|p2b: Elphaba|Delphox|Delphoxite\n|move|p2b: Elphaba|Psychic|p1b: Kyanite\n|-supereffective|p1b: Kyanite|1\n|-damage|p1b: Kyanite|19/100\n|move|p1a: Amber|Volt Switch|p2b: Elphaba\n|-damage|p2b: Elphaba|67/100\n|\n|t:|1788262633\n|switch|p1a: Spinel|Oranguru, L50, F, shiny|100/100|[from] Volt Switch\n|move|p1b: Kyanite|Brave Bird|p2b: Elphaba\n|-damage|p2b: Elphaba|0 fnt\n|faint|p2b: Elphaba\n|-damage|p1b: Kyanite|1/100|[from] Recoil\n|move|p2a: Master Oogway|High Horsepower|p1a: Spinel\n|-damage|p1a: Spinel|73/100\n|\n|upkeep\n|\n|t:|1788262646\n|switch|p2b: Gerald|Samurott-Hisui, L50, F, shiny|100/100\n|turn|4\n|\n|t:|1788262653\n|move|p2b: Gerald|Sucker Punch||[still]\n|-fail|p2b: Gerald\n|move|p1b: Kyanite|Roost|p1b: Kyanite\n|-heal|p1b: Kyanite|50/100g\n|-singleturn|p1b: Kyanite|move: Roost\n|move|p2a: Master Oogway|Headlong Rush|p1b: Kyanite\n|-damage|p1b: Kyanite|20/100y\n|-unboost|p2a: Master Oogway|def|1\n|-unboost|p2a: Master Oogway|spd|1\n|move|p1a: Spinel|Hyper Voice|p2a: Master Oogway|[spread] p2a,p2b\n|-damage|p2a: Master Oogway|64/100\n|-damage|p2b: Gerald|67/100\n|\n|upkeep\n|turn|5\n|\n|t:|1788262689\n|move|p1b: Kyanite|Roost|p1b: Kyanite\n|-heal|p1b: Kyanite|70/100\n|-singleturn|p1b: Kyanite|move: Roost\n|move|p2b: Gerald|Aqua Cutter|p1b: Kyanite\n|-damage|p1b: Kyanite|27/100\n|-damage|p2b: Gerald|57/100|[from] item: Life Orb\n|move|p2a: Master Oogway|Headlong Rush|p1b: Kyanite\n|-damage|p1b: Kyanite|0 fnt\n|-unboost|p2a: Master Oogway|def|1\n|-unboost|p2a: Master Oogway|spd|1\n|faint|p1b: Kyanite\n|move|p1a: Spinel|Instruct|p1: Kyanite|[notarget]\n|-fail|p1a: Spinel\n|\n|upkeep\n|\n|t:|1788262699\n|switch|p1b: Amber|Raichu, L50, M, shiny|100/100\n|turn|6\n|\n|t:|1788262711\n|move|p2b: Gerald|Protect|p2b: Gerald\n|-singleturn|p2b: Gerald|Protect\n|move|p2a: Master Oogway|Protect|p2a: Master Oogway\n|-singleturn|p2a: Master Oogway|Protect\n|move|p1b: Amber|Fake Out|p2a: Master Oogway\n|-activate|p2a: Master Oogway|move: Protect\n|move|p1a: Spinel|Hyper Voice|p2a: Master Oogway|[spread] \n|-activate|p2a: Master Oogway|move: Protect\n|-activate|p2b: Gerald|move: Protect\n|\n|upkeep\n|turn|7\n|\n|t:|1788262739\n|move|p2b: Gerald|Sucker Punch||[still]\n|-fail|p2b: Gerald\n|move|p1b: Amber|Charm|p2a: Master Oogway\n|-unboost|p2a: Master Oogway|atk|2\n|move|p2a: Master Oogway|High Horsepower|p1b: Amber\n|-supereffective|p1b: Amber|1\n|-damage|p1b: Amber|25/100\n|move|p1a: Spinel|Encore|p2b: Gerald\n|-start|p2b: Gerald|Encore\n|\n|upkeep\n|turn|8\n|\n|t:|1788262771\n|move|p2b: Gerald|Sucker Punch||[still]\n|-fail|p2b: Gerald\n|move|p1b: Amber|Charm|p2b: Gerald\n|-unboost|p2b: Gerald|atk|2\n|move|p2a: Master Oogway|Headlong Rush|p1a: Spinel\n|-damage|p1a: Spinel|57/100\n|-unboost|p2a: Master Oogway|def|1\n|-unboost|p2a: Master Oogway|spd|1\n|move|p1a: Spinel|Hyper Voice|p2a: Master Oogway|[spread] p2a,p2b\n|-crit|p2b: Gerald\n|-damage|p2a: Master Oogway|12/100\n|-damage|p2b: Gerald|8/100\n|\n|upkeep\n|turn|9\n|\n|t:|1788262811\n|move|p2b: Gerald|Sucker Punch|p1a: Spinel\n|-supereffective|p1a: Spinel|1\n|-damage|p1a: Spinel|20/100y\n|-enditem|p1a: Spinel|Sitrus Berry|[eat]\n|-heal|p1a: Spinel|45/100|[from] item: Sitrus Berry\n|-damage|p2b: Gerald|0 fnt|[from] item: Life Orb\n|faint|p2b: Gerald\n|move|p1b: Amber|Charm|p2a: Master Oogway\n|-unboost|p2a: Master Oogway|atk|2\n|move|p2a: Master Oogway|Headlong Rush|p1b: Amber\n|-supereffective|p1b: Amber|1\n|-damage|p1b: Amber|0 fnt\n|-unboost|p2a: Master Oogway|def|1\n|-unboost|p2a: Master Oogway|spd|1\n|faint|p1b: Amber\n|move|p1a: Spinel|Hyper Voice|p2a: Master Oogway\n|-damage|p2a: Master Oogway|0 fnt\n|faint|p2a: Master Oogway\n|\n|win|Darkblazeken\n|inactive|Darkblazeken has 30 seconds to confirm battle start!\n|inactive|true-infinity has 30 seconds to confirm battle start!\n|c|☆Darkblazeken|ggs\n||Darkblazeken is ready for game 3.\n|inactive|true-infinity has 20 seconds to confirm battle start!\n|l|☆true-infinity\n|player|p2|\n|inactive|true-infinity has 10 seconds to confirm battle start!\n|uhtml|next|Next: <a href=\"/battle-gen9championsvgc2026regmbbo3-2673817215\"><strong>Game 3 of 3</strong></a>\n|l| Poe Jar\n|l|☆Darkblazeken\n|player|p1|\n|j| jarichb\n|l| jarichb\n|j|☆true-infinity\n|player|p2|true-infinity|li|\n","uploadtime":1788263840,"views":"18","formatid":"gen9championsvgc2026regmbbo3","rating":null,"private":0,"password":null}