{"id":"gen9championsvgc2026regmbbo3-2674770296","format":"[Gen 9 Champions] VGC 2026 Reg M-B (Bo3)","players":["mocha gob","VTGTries"],"log":"|j|☆mocha gob\n|j|☆VTGTries\n|html|<table width=\"100%\"><tr><td align=\"left\">mocha gob</td><td align=\"right\">VTGTries</tr><tr><td align=\"left\"><i class=\"fa fa-circle-o\"></i> <i class=\"fa fa-circle-o\"></i> </td><td align=\"right\"><i class=\"fa fa-circle-o\"></i> <i class=\"fa fa-circle\"></i> </tr></table>\n|uhtml|bestof|<h2><strong>Game 2</strong> of <a href=\"/game-bestof3-gen9championsvgc2026regmbbo3-2674769215\">a best-of-3</a></h2>\n|t:|1788403531\n|gametype|doubles\n|player|p1|mocha gob|hiker|1052\n|player|p2|VTGTries|170|1235\n|gen|9\n|tier|[Gen 9 Champions] VGC 2026 Reg M-B (Bo3)\n|rated|\n|rule|Species Clause: Limit one of each Pokémon\n|rule|Item Clause: Limit 1 of each item\n|clearpoke\n|poke|p1|Glimmora, L50, F|\n|poke|p1|Staraptor, L50, F|\n|poke|p1|Whimsicott, L50, F|\n|poke|p1|Weavile, L50, M|\n|poke|p1|Incineroar, L50, F|\n|poke|p1|Venusaur, L50, F|\n|poke|p2|Staraptor, L50, F|\n|poke|p2|Sinistcha, L50|\n|poke|p2|Whimsicott, L50, F|\n|poke|p2|Basculegion, L50, M|\n|poke|p2|Kingambit, L50, M|\n|poke|p2|Dragonite, L50, M|\n|teampreview|4\n|showteam|p1|Glimmora||Glimmoranite|ToxicDebris|PowerGem,EarthPower,SludgeBomb,SpikyShield|Modest||F|||50|]Staraptor||Staraptite|Intimidate|CloseCombat,BraveBird,Roost,Protect|Adamant||F|||50|]Whimsicott||MentalHerb|Prankster|Tailwind,SunnyDay,Moonblast,Charm|Bold||F|||50|]Weavile||FocusSash|Pressure|FakeOut,IceSpinner,KnockOff,IceShard|Jolly||M|||50|]Incineroar||SitrusBerry|Intimidate|FakeOut,FlareBlitz,DarkestLariat,PartingShot|Adamant||F|||50|]Venusaur||LifeOrb|Chlorophyll|EnergyBall,WeatherBall,SleepPowder,Protect|Modest||F|||50|\n|showteam|p2|Staraptor||Staraptite|Intimidate|CloseCombat,BraveBird,QuickAttack,Tailwind|Adamant||F|||50|]Sinistcha||LifeOrb|Hospitality|MatchaGotcha,ShadowBall,RagePowder,TrickRoom|Modest|||||50|]Whimsicott||FocusSash|Prankster|Moonblast,Tailwind,Encore,Protect|Timid||F|||50|]Basculegion||ChoiceScarf|Adaptability|WaveCrash,LastRespects,FlipTurn,AquaJet|Jolly||M|||50|]Kingambit||BlackGlasses|Defiant|KowtowCleave,SuckerPunch,IronHead,Protect|Adamant||M|||50|]Dragonite||Dragoninite|Multiscale|DragonPulse,HeatWave,ExtremeSpeed,Roost|Modest||M|||50|\n|inactive|Battle timer is ON: inactive players will automatically lose when time's up. (requested by mocha gob)\n|\n|t:|1788403546\n|teamsize|p1|4\n|teamsize|p2|4\n|start\n|switch|p1a: Whimsicott|Whimsicott, L50, F|100/100\n|switch|p1b: Venusaur|Venusaur, L50, F|100/100\n|switch|p2a: Basculegion|Basculegion, L50, M|100/100\n|switch|p2b: Kingambit|Kingambit, L50, M|100/100\n|turn|1\n|\n|t:|1788403561\n|switch|p2a: Staraptor|Staraptor, L50, F|100/100\n|-ability|p2a: Staraptor|Intimidate|boost\n|-unboost|p1a: Whimsicott|atk|1\n|-unboost|p1b: Venusaur|atk|1\n|move|p1a: Whimsicott|Sunny Day|p1a: Whimsicott\n|-weather|SunnyDay\n|move|p1b: Venusaur|Weather Ball|p2b: Kingambit\n|-supereffective|p2b: Kingambit|1\n|-damage|p2b: Kingambit|0 fnt\n|faint|p2b: Kingambit\n|-damage|p1b: Venusaur|90/100|[from] item: Life Orb\n|\n|-weather|SunnyDay|[upkeep]\n|upkeep\n|\n|t:|1788403580\n|switch|p2b: Whimsicott|Whimsicott, L50, F|100/100\n|turn|2\n|\n|t:|1788403596\n|switch|p1b: Staraptor|Staraptor, L50, F|100/100\n|-ability|p1b: Staraptor|Intimidate|boost\n|-unboost|p2a: Staraptor|atk|1\n|-unboost|p2b: Whimsicott|atk|1\n|detailschange|p2a: Staraptor|Staraptor-Mega, L50, F\n|-mega|p2a: Staraptor|Staraptor|Staraptite\n|move|p2b: Whimsicott|Protect|p2b: Whimsicott\n|-singleturn|p2b: Whimsicott|Protect\n|move|p2a: Staraptor|Brave Bird|p1b: Staraptor\n|-damage|p1b: Staraptor|46/100\n|-damage|p2a: Staraptor|81/100|[from] Recoil\n|move|p1a: Whimsicott|Moonblast|p2a: Staraptor\n|-supereffective|p2a: Staraptor|1\n|-damage|p2a: Staraptor|16/100\n|-boost|p2a: Staraptor|spa|1\n|\n|-weather|SunnyDay|[upkeep]\n|upkeep\n|turn|3\n|inactive|mocha gob has 30 seconds left.\n|inactive|VTGTries has 30 seconds left.\n|\n|t:|1788403626\n|detailschange|p1b: Staraptor|Staraptor-Mega, L50, F\n|-mega|p1b: Staraptor|Staraptor|Staraptite\n|move|p2b: Whimsicott|Tailwind|p2b: Whimsicott\n|-sidestart|p2: VTGTries|move: Tailwind\n|move|p1a: Whimsicott|Tailwind|p1a: Whimsicott\n|-sidestart|p1: mocha gob|move: Tailwind\n|move|p2a: Staraptor|Close Combat|p1b: Staraptor\n|-resisted|p1b: Staraptor|1\n|-damage|p1b: Staraptor|25/100\n|-boost|p2a: Staraptor|def|1\n|-boost|p2a: Staraptor|spd|1\n|move|p1b: Staraptor|Close Combat|p2a: Staraptor\n|-resisted|p2a: Staraptor|1\n|-damage|p2a: Staraptor|0 fnt\n|-boost|p1b: Staraptor|def|1\n|-boost|p1b: Staraptor|spd|1\n|faint|p2a: Staraptor\n|\n|-weather|SunnyDay|[upkeep]\n|upkeep\n|\n|t:|1788403634\n|switch|p2a: Basculegion|Basculegion, L50, M|100/100\n|turn|4\n|\n|t:|1788403649\n|move|p1b: Staraptor|Protect|p1b: Staraptor\n|-singleturn|p1b: Staraptor|Protect\n|move|p2b: Whimsicott|Encore|p1a: Whimsicott\n|-start|p1a: Whimsicott|Encore\n|-enditem|p1a: Whimsicott|Mental Herb\n|-end|p1a: Whimsicott|Encore\n|move|p1a: Whimsicott|Charm|p2a: Basculegion\n|-unboost|p2a: Basculegion|atk|2\n|move|p2a: Basculegion|Last Respects|p1b: Staraptor\n|-activate|p1b: Staraptor|move: Protect\n|\n|-weather|SunnyDay|[upkeep]\n|upkeep\n|turn|5\n|\n|t:|1788403665\n|move|p1a: Whimsicott|Charm|p2a: Basculegion\n|-unboost|p2a: Basculegion|atk|2\n|move|p2a: Basculegion|Last Respects|p1b: Staraptor\n|-damage|p1b: Staraptor|4/100\n|move|p2b: Whimsicott|Moonblast|p1a: Whimsicott\n|-damage|p1a: Whimsicott|58/100\n|move|p1b: Staraptor|Roost|p1b: Staraptor\n|-heal|p1b: Staraptor|54/100\n|-singleturn|p1b: Staraptor|move: Roost\n|\n|-weather|none\n|upkeep\n|turn|6\n|\n|t:|1788403682\n|move|p1b: Staraptor|Protect|p1b: Staraptor\n|-singleturn|p1b: Staraptor|Protect\n|move|p2b: Whimsicott|Encore|p1b: Staraptor\n|-activate|p1b: Staraptor|move: Protect\n|move|p1a: Whimsicott|Sunny Day|p1a: Whimsicott\n|-weather|SunnyDay\n|move|p2a: Basculegion|Last Respects|p1a: Whimsicott\n|-damage|p1a: Whimsicott|24/100\n|\n|-weather|SunnyDay|[upkeep]\n|-sideend|p1: mocha gob|move: Tailwind\n|-sideend|p2: VTGTries|move: Tailwind\n|upkeep\n|turn|7\n|\n|t:|1788403695\n|switch|p1b: Venusaur|Venusaur, L50, F|90/100\n|move|p2b: Whimsicott|Encore||[still]\n|-fail|p2b: Whimsicott\n|move|p1a: Whimsicott|Tailwind|p1a: Whimsicott\n|-sidestart|p1: mocha gob|move: Tailwind\n|move|p2a: Basculegion|Last Respects|p1a: Whimsicott\n|-damage|p1a: Whimsicott|0 fnt\n|faint|p1a: Whimsicott\n|\n|-weather|SunnyDay|[upkeep]\n|upkeep\n|\n|t:|1788403704\n|switch|p1a: Weavile|Weavile, L50, M|100/100\n|-ability|p1a: Weavile|Pressure\n|turn|8\n|\n|t:|1788403711\n|move|p1a: Weavile|Fake Out|p2b: Whimsicott\n|-damage|p2b: Whimsicott|81/100\n|cant|p2b: Whimsicott|flinch\n|move|p1b: Venusaur|Energy Ball|p2a: Basculegion\n|-supereffective|p2a: Basculegion|1\n|-damage|p2a: Basculegion|0 fnt\n|faint|p2a: Basculegion\n|-damage|p1b: Venusaur|80/100|[from] item: Life Orb\n|\n|-weather|SunnyDay|[upkeep]\n|upkeep\n|turn|9\n|\n|t:|1788403721\n|move|p1b: Venusaur|Weather Ball|p2b: Whimsicott\n|-supereffective|p2b: Whimsicott|1\n|-damage|p2b: Whimsicott|0 fnt\n|faint|p2b: Whimsicott\n|-damage|p1b: Venusaur|70/100|[from] item: Life Orb\n|\n|win|mocha gob\n||VTGTries is ready for game 3.\n||mocha gob is ready for game 3.\n|uhtml|next|Next: <a href=\"/battle-gen9championsvgc2026regmbbo3-2674771418\"><strong>Game 3 of 3</strong></a>\n|l|☆mocha gob\n|player|p1|\n","uploadtime":1788404001,"views":"1","formatid":"gen9championsvgc2026regmbbo3","rating":null,"private":0,"password":null}