{"id":"gen9championsvgc2026regmbbo3-2674887007","format":"[Gen 9 Champions] VGC 2026 Reg M-B (Bo3)","players":["tgate","wqa423weraew"],"log":"|j|☆tgate\n|j|☆wqa423weraew\n|html|<table width=\"100%\"><tr><td align=\"left\">tgate</td><td align=\"right\">wqa423weraew</tr><tr><td align=\"left\"><i class=\"fa fa-circle-o\"></i> <i class=\"fa fa-circle-o\"></i> </td><td align=\"right\"><i class=\"fa fa-circle-o\"></i> <i class=\"fa fa-circle-o\"></i> </tr></table>\n|uhtml|bestof|<h2><strong>Game 1</strong> of <a href=\"/game-bestof3-gen9championsvgc2026regmbbo3-2674887004\">a best-of-3</a></h2>\n|t:|1788429388\n|gametype|doubles\n|player|p1|tgate|picnicker|1000\n|player|p2|wqa423weraew|266|1008\n|gen|9\n|tier|[Gen 9 Champions] VGC 2026 Reg M-B (Bo3)\n|rated|\n|rule|Species Clause: Limit one of each Pokémon\n|rule|Item Clause: Limit 1 of each item\n|clearpoke\n|poke|p1|Oranguru, L50, M|\n|poke|p1|Drampa, L50, M|\n|poke|p1|Aggron, L50, M|\n|poke|p1|Incineroar, L50, M|\n|poke|p1|Scizor, L50, M|\n|poke|p1|Sinistcha, L50|\n|poke|p2|Toucannon, L50, M|\n|poke|p2|Sneasler, L50, F|\n|poke|p2|Pelipper, L50, M|\n|poke|p2|Dragonite, L50, M|\n|poke|p2|Sableye, L50, F|\n|poke|p2|Scovillain, L50, F|\n|teampreview|4\n|showteam|p1|Oranguru||MentalHerb|InnerFocus|Psychic,TrickRoom,Instruct,Protect|Quiet||M|||50|]Drampa||Drampanite|CloudNine|HyperVoice,DragonPulse,Substitute,Protect|Quiet||M|||50|]Aggron||Aggronite|RockHead|HeavySlam,HeadSmash,IronDefense,Protect|Brave||M|||50|]Incineroar||Charcoal|Intimidate|FakeOut,FlareBlitz,DarkestLariat,PartingShot|Adamant||M|||50|]Scizor||Leftovers|Technician|BulletPunch,BugBite,SwordsDance,Protect|Brave||M|||50|]Sinistcha||FocusSash|Hospitality|MatchaGotcha,ShadowBall,RagePowder,Protect|Relaxed|||||50|\n|showteam|p2|Toucannon||SharpBeak|SheerForce|BeakBlast,Facade,SwordsDance,Tailwind|Jolly||M|||50|]Sneasler||WhiteHerb|Unburden|Coaching,FakeOut,DireClaw,CloseCombat|Impish||F|||50|]Pelipper||ChartiBerry|Drizzle|WeatherBall,WideGuard,Tailwind,Uturn|Serious||M|||50|]Dragonite||Dragoninite|Multiscale|Hurricane,Thunder,DracoMeteor,Protect|Serious||M|||50|]Sableye||Sablenite|Prankster|WonderRoom,Quash,IcyWind,MeanLook|Serious||F|||50|]Scovillain||Scovillainite|Moody|GigaDrain,Flamethrower,LeechSeed,Protect|Calm||F|||50|\n|inactive|Battle timer is ON: inactive players will automatically lose when time's up. (requested by tgate)\n|\n|t:|1788429412\n|teamsize|p1|4\n|teamsize|p2|4\n|start\n|switch|p1a: Oranguru|Oranguru, L50, M|100/100\n|switch|p1b: Drampa|Drampa, L50, M|100/100\n|switch|p2a: Toucannon|Toucannon, L50, M|100/100\n|switch|p2b: Sneasler|Sneasler, L50, F|100/100\n|-ability|p1b: Drampa|Cloud Nine\n|turn|1\n|\n|t:|1788429428\n|move|p1b: Drampa|Protect|p1b: Drampa\n|-singleturn|p1b: Drampa|Protect\n|move|p2b: Sneasler|Coaching|p2a: Toucannon\n|-boost|p2a: Toucannon|atk|1\n|-boost|p2a: Toucannon|def|1\n|move|p2a: Toucannon|Tailwind|p2a: Toucannon\n|-sidestart|p2: wqa423weraew|move: Tailwind\n|move|p1a: Oranguru|Psychic|p2b: Sneasler\n|-supereffective|p2b: Sneasler|2\n|-damage|p2b: Sneasler|0 fnt\n|faint|p2b: Sneasler\n|\n|upkeep\n|\n|t:|1788429440\n|switch|p2b: Pelipper|Pelipper, L50, M|100/100\n|-weather|RainDance|[from] ability: Drizzle|[of] p2b: Pelipper\n|turn|2\n|inactive|wqa423weraew has 30 seconds left.\n|\n|t:|1788429468\n|-singleturn|p2a: Toucannon|move: Beak Blast\n|move|p2b: Pelipper|Wide Guard|p2b: Pelipper\n|-singleturn|p2b: Pelipper|Wide Guard\n|move|p1b: Drampa|Substitute|p1b: Drampa\n|-start|p1b: Drampa|Substitute\n|-damage|p1b: Drampa|75/100\n|move|p2a: Toucannon|Beak Blast|p1b: Drampa\n|-end|p1b: Drampa|Substitute\n|move|p1a: Oranguru|Trick Room|p1a: Oranguru\n|-fieldstart|move: Trick Room|[of] p1a: Oranguru\n|\n|-weather|RainDance|[upkeep]\n|upkeep\n|turn|3\n|\n|t:|1788429490\n|-singleturn|p2a: Toucannon|move: Beak Blast\n|move|p1b: Drampa|Dragon Pulse|p2b: Pelipper\n|-damage|p2b: Pelipper|29/100\n|move|p1a: Oranguru|Instruct|p1b: Drampa\n|-singleturn|p1b: Drampa|move: Instruct|[of] p1a: Oranguru\n|move|p1b: Drampa|Dragon Pulse|p2b: Pelipper\n|-damage|p2b: Pelipper|0 fnt\n|faint|p2b: Pelipper\n|move|p2a: Toucannon|Beak Blast|p1b: Drampa\n|-damage|p1b: Drampa|0 fnt\n|faint|p1b: Drampa\n|\n|-weather|RainDance|[upkeep]\n|upkeep\n|inactive|tgate has 30 seconds left.\n|\n|t:|1788429516\n|switch|p1b: Incineroar|Incineroar, L50, M|100/100\n|switch|p2b: Dragonite|Dragonite, L50, M|100/100\n|-ability|p1b: Incineroar|Intimidate|boost\n|-unboost|p2a: Toucannon|atk|1\n|-unboost|p2b: Dragonite|atk|1\n|turn|4\n|inactive|wqa423weraew has 30 seconds left.\n|inactive|wqa423weraew has 20 seconds left.\n|inactive|wqa423weraew has 15 seconds left.\n|inactive|wqa423weraew has 10 seconds left.\n|\n|t:|1788429564\n|move|p2b: Dragonite|Protect|p2b: Dragonite\n|-singleturn|p2b: Dragonite|Protect\n|move|p1b: Incineroar|Fake Out|p2b: Dragonite\n|-activate|p2b: Dragonite|move: Protect\n|move|p1a: Oranguru|Psychic|p2b: Dragonite\n|-activate|p2b: Dragonite|move: Protect\n|move|p2a: Toucannon|Swords Dance|p2a: Toucannon\n|-boost|p2a: Toucannon|atk|2\n|\n|-weather|RainDance|[upkeep]\n|-sideend|p2: wqa423weraew|move: Tailwind\n|upkeep\n|turn|5\n|inactive|wqa423weraew has 30 seconds left.\n|\n|t:|1788429599\n|detailschange|p2b: Dragonite|Dragonite-Mega, L50, M\n|-mega|p2b: Dragonite|Dragonite|Dragoninite\n|-singleturn|p2a: Toucannon|move: Beak Blast\n|move|p1a: Oranguru|Psychic|p2a: Toucannon\n|-damage|p2a: Toucannon|36/100\n|move|p1b: Incineroar|Parting Shot|p2a: Toucannon\n|-unboost|p2a: Toucannon|atk|1\n|-unboost|p2a: Toucannon|spa|1\n|\n|t:|1788429606\n|switch|p1b: Sinistcha|Sinistcha, L50|100/100|[from] Parting Shot\n|move|p2b: Dragonite|Thunder|p1a: Oranguru\n|-damage|p1a: Oranguru|64/100\n|move|p2a: Toucannon|Beak Blast|p1a: Oranguru\n|-damage|p1a: Oranguru|0 fnt\n|faint|p1a: Oranguru\n|\n|-weather|RainDance|[upkeep]\n|upkeep\n|\n|t:|1788429614\n|switch|p1a: Incineroar|Incineroar, L50, M|100/100\n|-ability|p1a: Incineroar|Intimidate|boost\n|-unboost|p2a: Toucannon|atk|1\n|-unboost|p2b: Dragonite|atk|1\n|turn|6\n|\n|t:|1788429627\n|-singleturn|p2a: Toucannon|move: Beak Blast\n|move|p1b: Sinistcha|Rage Powder|p1b: Sinistcha\n|-singleturn|p1b: Sinistcha|move: Rage Powder\n|move|p1a: Incineroar|Darkest Lariat|p2a: Toucannon\n|-damage|p2a: Toucannon|0 fnt\n|faint|p2a: Toucannon\n|move|p2b: Dragonite|Hurricane|p1b: Sinistcha\n|-supereffective|p1b: Sinistcha|1\n|-enditem|p1b: Sinistcha|Focus Sash\n|-damage|p1b: Sinistcha|1/100\n|\n|-weather|none\n|-fieldend|move: Trick Room\n|upkeep\n|turn|7\n|inactive|wqa423weraew has 30 seconds left.\n|\n|t:|1788429656\n|move|p1b: Sinistcha|Protect|p1b: Sinistcha\n|-singleturn|p1b: Sinistcha|Protect\n|move|p2b: Dragonite|Hurricane|p1b: Sinistcha\n|-activate|p1b: Sinistcha|move: Protect\n|move|p1a: Incineroar|Parting Shot|p2b: Dragonite\n|-unboost|p2b: Dragonite|atk|1\n|-unboost|p2b: Dragonite|spa|1\n|\n|upkeep\n|turn|8\n|\n|t:|1788429673\n|move|p2b: Dragonite|Hurricane|p1b: Sinistcha\n|-supereffective|p1b: Sinistcha|1\n|-damage|p1b: Sinistcha|0 fnt\n|faint|p1b: Sinistcha\n|move|p1a: Incineroar|Parting Shot|p2b: Dragonite\n|-unboost|p2b: Dragonite|atk|1\n|-unboost|p2b: Dragonite|spa|1\n|\n|upkeep\n|turn|9\n|\n|t:|1788429681\n|move|p2b: Dragonite|Draco Meteor|p1a: Incineroar\n|-damage|p1a: Incineroar|66/100\n|-unboost|p2b: Dragonite|spa|2\n|move|p1a: Incineroar|Parting Shot|p2b: Dragonite\n|-unboost|p2b: Dragonite|atk|1\n|-unboost|p2b: Dragonite|spa|1\n|\n|upkeep\n|turn|10\n|\n|t:|1788429689\n|move|p2b: Dragonite|Draco Meteor|p1a: Incineroar\n|-damage|p1a: Incineroar|46/100\n|-unboost|p2b: Dragonite|spa|1\n|move|p1a: Incineroar|Darkest Lariat|p2b: Dragonite\n|-damage|p2b: Dragonite|78/100\n|\n|upkeep\n|turn|11\n|\n|t:|1788429697\n|move|p2b: Dragonite|Draco Meteor|p1a: Incineroar\n|-damage|p1a: Incineroar|28/100\n|move|p1a: Incineroar|Darkest Lariat|p2b: Dragonite\n|-damage|p2b: Dragonite|35/100\n|\n|upkeep\n|turn|12\n|\n|t:|1788429705\n|move|p2b: Dragonite|Draco Meteor|p1a: Incineroar\n|-damage|p1a: Incineroar|11/100\n|move|p1a: Incineroar|Darkest Lariat|p2b: Dragonite\n|-damage|p2b: Dragonite|0 fnt\n|faint|p2b: Dragonite\n|\n|win|tgate\n|l|☆wqa423weraew\n|player|p2|\n||wqa423weraew is ready for game 2.\n||tgate is ready for game 2.\n|uhtml|next|Next: <a href=\"/battle-gen9championsvgc2026regmbbo3-2674888470\"><strong>Game 2 of 3</strong></a>\n","uploadtime":1788429712,"views":"2","formatid":"gen9championsvgc2026regmbbo3","rating":null,"private":0,"password":null}