{"id":"gen9championsvgc2026regmbbo3-2673659161","format":"[Gen 9 Champions] VGC 2026 Reg M-B (Bo3)","players":["bernardomgj","Junction7"],"log":"|j|☆bernardomgj\n|j|☆Junction7\n|html|<table width=\"100%\"><tr><td align=\"left\">bernardomgj</td><td align=\"right\">Junction7</tr><tr><td align=\"left\"><i class=\"fa fa-circle-o\"></i> <i class=\"fa fa-circle-o\"></i> </td><td align=\"right\"><i class=\"fa fa-circle-o\"></i> <i class=\"fa fa-circle-o\"></i> </tr></table>\n|uhtml|bestof|<h2><strong>Game 1</strong> of <a href=\"/game-bestof3-gen9championsvgc2026regmbbo3-2673659160\">a best-of-3</a></h2>\n|t:|1788228569\n|gametype|doubles\n|player|p1|bernardomgj|169|1077\n|player|p2|Junction7|drayden|1027\n|gen|9\n|tier|[Gen 9 Champions] VGC 2026 Reg M-B (Bo3)\n|rated|\n|rule|Species Clause: Limit one of each Pokémon\n|rule|Item Clause: Limit 1 of each item\n|clearpoke\n|poke|p1|Garchomp, L50, F|\n|poke|p1|Tyranitar, L50, F|\n|poke|p1|Excadrill, L50, M|\n|poke|p1|Sinistcha, L50|\n|poke|p1|Rotom-Wash, L50|\n|poke|p1|Milotic, L50, F, shiny|\n|poke|p2|Charizard, L50, F, shiny|\n|poke|p2|Venusaur, L50, F, shiny|\n|poke|p2|Sinistcha, L50|\n|poke|p2|Garchomp, L50, M, shiny|\n|poke|p2|Whimsicott, L50, M|\n|poke|p2|Raichu, L50, F, shiny|\n|teampreview|4\n|showteam|p1|Garchomp||Garchompite|SandVeil|EarthPower,PowerGem,DracoMeteor,Protect|Modest||F|||50|]Tyranitar||ChopleBerry|SandStream|RockSlide,LowKick,DragonDance,Protect|Adamant||F|||50|]Excadrill||FocusSash|SandRush|HighHorsepower,IronHead,RockSlide,Protect|Jolly||M|||50|]Sinistcha||ColburBerry|Hospitality|MatchaGotcha,TrickRoom,RagePowder,Protect|Bold|||||50|]Rotom-Wash||SitrusBerry|Levitate|HydroPump,VoltSwitch,WillOWisp,Protect|Modest|||||50|]Milotic||Leftovers|Competitive|Scald,IceBeam,Recover,Protect|Bold||F|||50|\n|showteam|p2|Charizard||CharizarditeY|SolarPower|HeatWave,SolarBeam,ScorchingSands,Protect|Timid||F|||50|]Venusaur||LifeOrb|Chlorophyll|SolarBeam,SludgeBomb,WeatherBall,Synthesis|Modest||F|||50|]Sinistcha||Leftovers|Hospitality|MatchaGotcha,RagePowder,Hex,StrengthSap|Modest|||||50|]Garchomp||ExpertBelt|RoughSkin|SwordsDance,Earthquake,DragonClaw,RockSlide|Adamant||M|||50|]Whimsicott||FocusSash|Prankster|Encore,DazzlingGleam,Tailwind,HelpingHand|Bold||M|||50|]Raichu||RaichuniteY|LightningRod|ZapCannon,AlluringVoice,FocusBlast,Surf|Timid||F|||50|\n|inactive|Battle timer is ON: inactive players will automatically lose when time's up. (requested by Junction7)\n|\n|t:|1788228584\n|teamsize|p1|4\n|teamsize|p2|4\n|start\n|switch|p1a: Tyranitar|Tyranitar, L50, F|100/100\n|switch|p1b: Rotom|Rotom-Wash, L50|100/100\n|switch|p2a: Raichu|Raichu, L50, F, shiny|100/100\n|switch|p2b: Whimsicott|Whimsicott, L50, M|100/100\n|-weather|Sandstorm|[from] ability: Sand Stream|[of] p1a: Tyranitar\n|turn|1\n|inactive|Junction7 has 30 seconds left.\n|\n|t:|1788228610\n|switch|p1a: Sinistcha|Sinistcha, L50|100/100\n|detailschange|p2a: Raichu|Raichu-Mega-Y, L50, F, shiny\n|-mega|p2a: Raichu|Raichu|Raichunite Y\n|move|p2b: Whimsicott|Tailwind|p2b: Whimsicott\n|-sidestart|p2: Junction7|move: Tailwind\n|move|p2a: Raichu|Focus Blast|p1a: Sinistcha\n|-immune|p1a: Sinistcha\n|move|p1b: Rotom|Will-O-Wisp|p2b: Whimsicott|[miss]\n|-miss|p1b: Rotom|p2b: Whimsicott\n|\n|-weather|Sandstorm|[upkeep]\n|-damage|p2a: Raichu|94/100|[from] Sandstorm\n|-damage|p2b: Whimsicott|94/100|[from] Sandstorm\n|-damage|p1b: Rotom|94/100|[from] Sandstorm\n|-damage|p1a: Sinistcha|93/100|[from] Sandstorm\n|upkeep\n|turn|2\n|\n|t:|1788228633\n|move|p1b: Rotom|Protect|p1b: Rotom\n|-singleturn|p1b: Rotom|Protect\n|move|p2a: Raichu|Zap Cannon|p1b: Rotom\n|-activate|p1b: Rotom|move: Protect\n|move|p2b: Whimsicott|Dazzling Gleam|p1a: Sinistcha|[spread] p1a\n|-activate|p1b: Rotom|move: Protect\n|-damage|p1a: Sinistcha|74/100\n|move|p1a: Sinistcha|Trick Room|p1a: Sinistcha\n|-fieldstart|move: Trick Room|[of] p1a: Sinistcha\n|\n|-weather|Sandstorm|[upkeep]\n|-damage|p1a: Sinistcha|68/100|[from] Sandstorm\n|-damage|p1b: Rotom|88/100|[from] Sandstorm\n|-damage|p2b: Whimsicott|88/100|[from] Sandstorm\n|-damage|p2a: Raichu|88/100|[from] Sandstorm\n|upkeep\n|turn|3\n|\n|t:|1788228650\n|switch|p1a: Garchomp|Garchomp, L50, F|100/100\n|move|p2b: Whimsicott|Encore|p1b: Rotom\n|-start|p1b: Rotom|Encore\n|move|p1b: Rotom|Protect||[still]\n|-fail|p1b: Rotom\n|move|p2a: Raichu|Zap Cannon|p1b: Rotom\n|-damage|p1b: Rotom|11/100\n|-enditem|p1b: Rotom|Sitrus Berry|[eat]\n|-heal|p1b: Rotom|36/100|[from] item: Sitrus Berry\n|\n|-weather|Sandstorm|[upkeep]\n|-damage|p1b: Rotom|30/100|[from] Sandstorm\n|-damage|p2b: Whimsicott|82/100|[from] Sandstorm\n|-damage|p2a: Raichu|82/100|[from] Sandstorm\n|upkeep\n|turn|4\n|inactive|bernardomgj has 30 seconds left.\n|\n|t:|1788228680\n|switch|p1b: Sinistcha|Sinistcha, L50|68/100\n|switch|p2a: Sinistcha|Sinistcha, L50|100/100\n|-heal|p2b: Whimsicott|100/100|[from] ability: Hospitality|[of] p2a: Sinistcha\n|detailschange|p1a: Garchomp|Garchomp-Mega, L50, F\n|-mega|p1a: Garchomp|Garchomp|Garchompite\n|move|p1a: Garchomp|Power Gem|p2b: Whimsicott\n|-damage|p2b: Whimsicott|52/100\n|move|p2b: Whimsicott|Dazzling Gleam|p1a: Garchomp|[spread] p1a,p1b\n|-supereffective|p1a: Garchomp|1\n|-crit|p1b: Sinistcha\n|-damage|p1a: Garchomp|65/100\n|-damage|p1b: Sinistcha|35/100\n|\n|-weather|Sandstorm|[upkeep]\n|-damage|p1b: Sinistcha|29/100|[from] Sandstorm\n|-damage|p2a: Sinistcha|93/100|[from] Sandstorm\n|-damage|p2b: Whimsicott|46/100|[from] Sandstorm\n|-heal|p2a: Sinistcha|100/100|[from] item: Leftovers\n|-sideend|p2: Junction7|move: Tailwind\n|upkeep\n|turn|5\n|inactive|Junction7 has 30 seconds left.\n|\n|t:|1788228710\n|move|p2a: Sinistcha|Rage Powder|p2a: Sinistcha\n|-singleturn|p2a: Sinistcha|move: Rage Powder\n|move|p1b: Sinistcha|Matcha Gotcha|p2b: Whimsicott|[spread] p2a,p2b\n|-resisted|p2a: Sinistcha|1\n|-resisted|p2b: Whimsicott|1\n|-damage|p2a: Sinistcha|84/100\n|-heal|p1b: Sinistcha|37/100|[from] drain|[of] p2a: Sinistcha\n|-damage|p2b: Whimsicott|28/100\n|-heal|p1b: Sinistcha|46/100|[from] drain|[of] p2b: Whimsicott\n|move|p2b: Whimsicott|Dazzling Gleam|p1a: Garchomp|[spread] p1a,p1b\n|-supereffective|p1a: Garchomp|1\n|-damage|p1a: Garchomp|32/100\n|-damage|p1b: Sinistcha|26/100\n|move|p1a: Garchomp|Earth Power|p2a: Sinistcha\n|-resisted|p2a: Sinistcha|1\n|-damage|p2a: Sinistcha|45/100\n|\n|-weather|none\n|-heal|p2a: Sinistcha|51/100|[from] item: Leftovers\n|upkeep\n|turn|6\n|inactive|Junction7 has 30 seconds left.\n|\n|t:|1788228740\n|switch|p1b: Rotom|Rotom-Wash, L50|30/100\n|move|p1a: Garchomp|Protect|p1a: Garchomp\n|-singleturn|p1a: Garchomp|Protect\n|move|p2a: Sinistcha|Strength Sap|p1a: Garchomp\n|-activate|p1a: Garchomp|move: Protect\n|move|p2b: Whimsicott|Dazzling Gleam|p1b: Rotom|[spread] p1b\n|-activate|p1a: Garchomp|move: Protect\n|-crit|p1b: Rotom\n|-damage|p1b: Rotom|3/100\n|\n|-heal|p2a: Sinistcha|57/100|[from] item: Leftovers\n|-fieldend|move: Trick Room\n|upkeep\n|turn|7\n|\n|t:|1788228760\n|switch|p1b: Sinistcha|Sinistcha, L50|26/100\n|-heal|p1a: Garchomp|57/100|[from] ability: Hospitality|[of] p1b: Sinistcha\n|move|p2b: Whimsicott|Tailwind|p2b: Whimsicott\n|-sidestart|p2: Junction7|move: Tailwind\n|move|p2a: Sinistcha|Matcha Gotcha|p1a: Garchomp|[spread] p1a,p1b\n|-resisted|p1b: Sinistcha|1\n|-damage|p1a: Garchomp|24/100\n|-heal|p2a: Sinistcha|75/100|[from] drain|[of] p1a: Garchomp\n|-damage|p1b: Sinistcha|7/100\n|-heal|p2a: Sinistcha|85/100|[from] drain|[of] p1b: Sinistcha\n|move|p1a: Garchomp|Earth Power|p2b: Whimsicott\n|-resisted|p2b: Whimsicott|1\n|-damage|p2b: Whimsicott|0 fnt\n|faint|p2b: Whimsicott\n|\n|-heal|p2a: Sinistcha|91/100|[from] item: Leftovers\n|upkeep\n|\n|t:|1788228776\n|switch|p2b: Garchomp|Garchomp, L50, M, shiny|100/100\n|turn|8\n|\n|t:|1788228784\n|switch|p1b: Tyranitar|Tyranitar, L50, F|100/100\n|-weather|Sandstorm|[from] ability: Sand Stream|[of] p1b: Tyranitar\n|move|p1a: Garchomp|Protect|p1a: Garchomp\n|-singleturn|p1a: Garchomp|Protect\n|move|p2a: Sinistcha|Rage Powder|p2a: Sinistcha\n|-singleturn|p2a: Sinistcha|move: Rage Powder\n|move|p2b: Garchomp|Rock Slide|p1b: Tyranitar|[spread] p1b\n|-activate|p1a: Garchomp|move: Protect\n|-damage|p1b: Tyranitar|84/100\n|\n|-weather|Sandstorm|[upkeep]\n|-damage|p2a: Sinistcha|85/100|[from] Sandstorm\n|-heal|p2a: Sinistcha|91/100|[from] item: Leftovers\n|upkeep\n|turn|9\n|\n|t:|1788228801\n|switch|p1b: Sinistcha|Sinistcha, L50|7/100\n|-heal|p1a: Garchomp|48/100|[from] ability: Hospitality|[of] p1b: Sinistcha\n|move|p2b: Garchomp|Earthquake|p1b: Sinistcha|[spread] p2a,p1a,p1b\n|-resisted|p2a: Sinistcha|1\n|-resisted|p1b: Sinistcha|1\n|-damage|p2a: Sinistcha|71/100\n|-damage|p1a: Garchomp|14/100\n|-damage|p1b: Sinistcha|0 fnt\n|faint|p1b: Sinistcha\n|move|p2a: Sinistcha|Matcha Gotcha|p1a: Garchomp\n|-damage|p1a: Garchomp|0 fnt\n|-heal|p2a: Sinistcha|79/100|[from] drain|[of] p1a: Garchomp\n|faint|p1a: Garchomp\n|\n|-weather|Sandstorm|[upkeep]\n|-damage|p2a: Sinistcha|73/100|[from] Sandstorm\n|-heal|p2a: Sinistcha|79/100|[from] item: Leftovers\n|upkeep\n|\n|t:|1788228817\n|switch|p1a: Tyranitar|Tyranitar, L50, F|84/100\n|switch|p1b: Rotom|Rotom-Wash, L50|3/100\n|turn|10\n|\n|t:|1788228829\n|move|p1a: Tyranitar|Protect|p1a: Tyranitar\n|-singleturn|p1a: Tyranitar|Protect\n|move|p2b: Garchomp|Earthquake|p1a: Tyranitar|[spread] p2a\n|-activate|p1a: Tyranitar|move: Protect\n|-immune|p1b: Rotom|[from] ability: Levitate\n|-resisted|p2a: Sinistcha|1\n|-damage|p2a: Sinistcha|58/100\n|move|p2a: Sinistcha|Matcha Gotcha|p1a: Tyranitar|[spread] p1b\n|-activate|p1a: Tyranitar|move: Protect\n|-supereffective|p1b: Rotom|1\n|-damage|p1b: Rotom|0 fnt\n|-heal|p2a: Sinistcha|60/100|[from] drain|[of] p1b: Rotom\n|faint|p1b: Rotom\n|\n|-weather|Sandstorm|[upkeep]\n|-damage|p2a: Sinistcha|53/100|[from] Sandstorm\n|-heal|p2a: Sinistcha|60/100|[from] item: Leftovers\n|-sideend|p2: Junction7|move: Tailwind\n|upkeep\n|turn|11\n|\n|t:|1788228853\n|move|p2b: Garchomp|Earthquake|p1a: Tyranitar|[spread] p2a,p1a\n|-resisted|p2a: Sinistcha|1\n|-supereffective|p1a: Tyranitar|1\n|-damage|p2a: Sinistcha|38/100\n|-damage|p1a: Tyranitar|14/100\n|move|p2a: Sinistcha|Strength Sap|p1a: Tyranitar\n|-unboost|p1a: Tyranitar|atk|1\n|-heal|p2a: Sinistcha|100/100\n|move|p1a: Tyranitar|Dragon Dance|p1a: Tyranitar\n|-boost|p1a: Tyranitar|atk|1\n|-boost|p1a: Tyranitar|spe|1\n|\n|-weather|Sandstorm|[upkeep]\n|-damage|p2a: Sinistcha|93/100|[from] Sandstorm\n|-heal|p2a: Sinistcha|100/100|[from] item: Leftovers\n|upkeep\n|turn|12\n|\n|t:|1788228870\n|move|p2b: Garchomp|Earthquake|p1a: Tyranitar|[spread] p2a,p1a\n|-resisted|p2a: Sinistcha|1\n|-supereffective|p1a: Tyranitar|1\n|-damage|p2a: Sinistcha|78/100\n|-damage|p1a: Tyranitar|0 fnt\n|faint|p1a: Tyranitar\n|\n|win|Junction7\n||bernardomgj is ready for game 2.\n||Junction7 is ready for game 2.\n|uhtml|next|Next: <a href=\"/battle-gen9championsvgc2026regmbbo3-2673661076\"><strong>Game 2 of 3</strong></a>\n|l|☆Junction7\n|player|p2|\n","uploadtime":1788229294,"views":"0","formatid":"gen9championsvgc2026regmbbo3","rating":null,"private":0,"password":null}