{"id":"gen9championsvgc2026regmb-2674827285","format":"[Gen 9 Champions] VGC 2026 Reg M-B","players":["ethalem","Organic_Malk"],"log":"|j|☆ethalem\n|j|☆Organic_Malk\n|t:|1788415279\n|gametype|doubles\n|player|p1|ethalem|acetrainer-gen4dp|1507\n|player|p2|Organic_Malk|pokemaniac|1523\n|gen|9\n|tier|[Gen 9 Champions] VGC 2026 Reg M-B\n|rated|\n|rule|Species Clause: Limit one of each Pokémon\n|rule|Item Clause: Limit 1 of each item\n|clearpoke\n|poke|p1|Dragonite, L50, F|\n|poke|p1|Sneasler, L50, F|\n|poke|p1|Basculegion, L50, M|\n|poke|p1|Kingambit, L50, F|\n|poke|p1|Garchomp, L50, F|\n|poke|p1|Floette-Eternal, L50, F|\n|poke|p2|Glimmora, L50, M|\n|poke|p2|Delphox, L50, F|\n|poke|p2|Decidueye-Hisui, L50, F|\n|poke|p2|Dragonite, L50, F|\n|poke|p2|Basculegion, L50, M|\n|poke|p2|Kingambit, L50, M|\n|teampreview|4\n|inactive|Battle timer is ON: inactive players will automatically lose when time's up. (requested by Organic_Malk)\n|inactive|ethalem also wants the timer to be on.\nOrganic_Malk has agreed to open team sheets.\n|inactive|Organic_Malk has 60 seconds left.\n|\n|t:|1788415322\n|teamsize|p1|4\n|teamsize|p2|4\n|start\n|switch|p1a: Floette|Floette-Eternal, L50, F|100/100\n|switch|p1b: Kingambit|Kingambit, L50, F|100/100\n|switch|p2a: Glimmora|Glimmora, L50, M|100/100\n|switch|p2b: Dragonite|Dragonite, L50, F|100/100\n|turn|1\n|inactive|Organic_Malk has 30 seconds left.\n|\n|t:|1788415357\n|detailschange|p2a: Glimmora|Glimmora-Mega, L50, M\n|-mega|p2a: Glimmora|Glimmora|Glimmoranite\n|detailschange|p1a: Floette|Floette-Mega, L50, F\n|-mega|p1a: Floette|Floette|Floettite\n|-ability|p1a: Floette|Fairy Aura\n|move|p1a: Floette|Protect|p1a: Floette\n|-singleturn|p1a: Floette|Protect\n|move|p1b: Kingambit|Sucker Punch|p2a: Glimmora\n|-damage|p2a: Glimmora|58/100\n|move|p2a: Glimmora|Earth Power|p1b: Kingambit\n|-supereffective|p1b: Kingambit|1\n|-damage|p1b: Kingambit|36/100\n|move|p2b: Dragonite|Dragon Claw|p1a: Floette\n|-activate|p1a: Floette|move: Protect\n|\n|upkeep\n|turn|2\n|inactive|Organic_Malk has 30 seconds left.\n|\n|t:|1788415382\n|move|p2a: Glimmora|Spiky Shield|p2a: Glimmora\n|-singleturn|p2a: Glimmora|move: Protect\n|move|p1b: Kingambit|Sucker Punch||[still]\n|-fail|p1b: Kingambit\n|move|p1a: Floette|Dazzling Gleam|p2b: Dragonite|[spread] p2b\n|-activate|p2a: Glimmora|move: Protect\n|-supereffective|p2b: Dragonite|1\n|-damage|p2b: Dragonite|60/100\n|move|p2b: Dragonite|Tailwind|p2b: Dragonite\n|-sidestart|p2: Organic_Malk|move: Tailwind\n|\n|upkeep\n|turn|3\n|j| zacattack110\n|\n|t:|1788415402\n|move|p1a: Floette|Protect|p1a: Floette\n|-singleturn|p1a: Floette|Protect\n|move|p1b: Kingambit|Sucker Punch|p2b: Dragonite\n|-damage|p2b: Dragonite|21/100\n|move|p2a: Glimmora|Earth Power|p1b: Kingambit\n|-supereffective|p1b: Kingambit|1\n|-damage|p1b: Kingambit|0 fnt\n|faint|p1b: Kingambit\n|move|p2b: Dragonite|Dragon Claw|p1a: Floette\n|-activate|p1a: Floette|move: Protect\n|\n|upkeep\n|\n|t:|1788415410\n|switch|p1b: Basculegion|Basculegion, L50, M|100/100\n|turn|4\n|\n|t:|1788415428\n|move|p1b: Basculegion|Aqua Jet|p2a: Glimmora\n|-supereffective|p2a: Glimmora|1\n|-damage|p2a: Glimmora|0 fnt\n|faint|p2a: Glimmora\n|-damage|p1b: Basculegion|90/100|[from] item: Life Orb\n|move|p2b: Dragonite|Dragon Claw|p1b: Basculegion\n|-damage|p1b: Basculegion|22/100\n|move|p1a: Floette|Dazzling Gleam|p2b: Dragonite\n|-supereffective|p2b: Dragonite|1\n|-damage|p2b: Dragonite|0 fnt\n|faint|p2b: Dragonite\n|\n|upkeep\n|\n|t:|1788415439\n|switch|p2a: Basculegion|Basculegion, L50, M|100/100\n|switch|p2b: Decidueye|Decidueye-Hisui, L50, F|100/100\n|turn|5\n|\n|t:|1788415449\n|move|p1a: Floette|Protect|p1a: Floette\n|-singleturn|p1a: Floette|Protect\n|move|p1b: Basculegion|Protect|p1b: Basculegion\n|-singleturn|p1b: Basculegion|Protect\n|move|p2a: Basculegion|Last Respects|p1a: Floette\n|-activate|p1a: Floette|move: Protect\n|move|p2b: Decidueye|Leaf Blade|p1b: Basculegion\n|-activate|p1b: Basculegion|move: Protect\n|\n|-sideend|p2: Organic_Malk|move: Tailwind\n|upkeep\n|turn|6\n|\n|t:|1788415465\n|move|p2b: Decidueye|Sucker Punch|p1b: Basculegion\n|-supereffective|p1b: Basculegion|1\n|-damage|p1b: Basculegion|0 fnt\n|faint|p1b: Basculegion\n|move|p1a: Floette|Light of Ruin|p2a: Basculegion\n|-damage|p2a: Basculegion|0 fnt\n|faint|p2a: Basculegion\n|-damage|p1a: Floette|34/100|[from] Recoil\n|\n|upkeep\n|\n|t:|1788415471\n|switch|p1b: Sneasler|Sneasler, L50, F|100/100\n|turn|7\n|-message|Organic_Malk forfeited.\n|\n|win|ethalem\n|raw|ethalem's rating: 1507 &rarr; <strong>1528</strong><br />(+21 for winning)\n|raw|Organic_Malk's rating: 1523 &rarr; <strong>1502</strong><br />(-21 for losing)\n|l|☆Organic_Malk\n|player|p2|\n","uploadtime":1788415476,"views":"5","formatid":"gen9championsvgc2026regmb","rating":1502,"private":0,"password":null}