{"id":"gen9championsvgc2026regmb-2674850635","format":"[Gen 9 Champions] VGC 2026 Reg M-B","players":["yamisukhehiro","carrotbeafsteak"],"log":"|j|☆yamisukhehiro\n|j|☆carrotbeafsteak\n|t:|1788420988\n|gametype|doubles\n|player|p1|yamisukhehiro|266|1320\n|player|p2|carrotbeafsteak|1|1341\n|gen|9\n|tier|[Gen 9 Champions] VGC 2026 Reg M-B\n|rated|\n|rule|Species Clause: Limit one of each Pokémon\n|rule|Item Clause: Limit 1 of each item\n|clearpoke\n|poke|p1|Venusaur, L50, F|\n|poke|p1|Weavile, L50, F|\n|poke|p1|Charizard, L50, M|\n|poke|p1|Milotic, L50, F|\n|poke|p1|Kingambit, L50, F|\n|poke|p1|Floette-Eternal, L50, F|\n|poke|p2|Simipour, L50, M|\n|poke|p2|Simisage, L50, F|\n|poke|p2|Simisear, L50, M|\n|poke|p2|Pelipper, L50, F|\n|poke|p2|Torkoal, L50, F|\n|poke|p2|Gyarados, L50, F|\n|teampreview|4\n|inactive|Battle timer is ON: inactive players will automatically lose when time's up. (requested by yamisukhehiro)\n|\n|t:|1788421033\n|teamsize|p1|4\n|teamsize|p2|4\n|start\n|switch|p1a: Weavile|Weavile, L50, F|100/100\n|switch|p1b: Kingambit|Kingambit, L50, F|100/100\n|switch|p2a: Simisage|Simisage, L50, F|100/100\n|switch|p2b: Simisear|Simisear, L50, M|100/100\n|turn|1\n|inactive|carrotbeafsteak has 30 seconds left.\n|\n|t:|1788421068\n|move|p1a: Weavile|Fake Out|p2b: Simisear\n|-damage|p2b: Simisear|75/100\n|move|p2a: Simisage|Low Kick|p1b: Kingambit\n|-supereffective|p1b: Kingambit|2\n|-damage|p1b: Kingambit|0 fnt\n|faint|p1b: Kingambit\n|-damage|p2a: Simisage|90/100|[from] item: Life Orb\n|cant|p2b: Simisear|flinch\n|\n|upkeep\n|inactive|yamisukhehiro has 30 seconds left.\n|\n|t:|1788421102\n|switch|p1b: Charizard|Charizard, L50, M|100/100\n|turn|2\n|\n|t:|1788421116\n|switch|p2b: Gyarados|Gyarados, L50, F|100/100\n|-ability|p2b: Gyarados|Intimidate|boost\n|-unboost|p1a: Weavile|atk|1\n|-unboost|p1b: Charizard|atk|1\n|detailschange|p1b: Charizard|Charizard-Mega-Y, L50, M\n|-mega|p1b: Charizard|Charizard|Charizardite Y\n|-weather|SunnyDay|[from] ability: Drought|[of] p1b: Charizard\n|move|p1a: Weavile|Knock Off|p2b: Gyarados\n|-crit|p2b: Gyarados\n|-damage|p2b: Gyarados|42/100\n|move|p2a: Simisage|Rock Slide|p1a: Weavile|[spread] p1a,p1b\n|-supereffective|p1a: Weavile|1\n|-supereffective|p1b: Charizard|2\n|-damage|p1a: Weavile|27/100\n|-damage|p1b: Charizard|0 fnt\n|faint|p1b: Charizard\n|-damage|p2a: Simisage|80/100|[from] item: Life Orb\n|\n|-weather|SunnyDay|[upkeep]\n|upkeep\n|\n|t:|1788421133\n|switch|p1b: Venusaur|Venusaur, L50, F|100/100\n|turn|3\n|\n|t:|1788421155\n|move|p1b: Venusaur|Sludge Bomb|p2a: Simisage\n|-supereffective|p2a: Simisage|1\n|-damage|p2a: Simisage|0 fnt\n|faint|p2a: Simisage\n|move|p1a: Weavile|Ice Spinner|p2b: Gyarados\n|-damage|p2b: Gyarados|12/100\n|move|p2b: Gyarados|Waterfall|p1a: Weavile\n|-damage|p1a: Weavile|0 fnt\n|faint|p1a: Weavile\n|\n|-weather|SunnyDay|[upkeep]\n|upkeep\n|\n|t:|1788421167\n|switch|p2a: Simisear|Simisear, L50, M|75/100\n|turn|4\n|\n|t:|1788421174\n|switch|p2b: Torkoal|Torkoal, L50, F|100/100\n|move|p2a: Simisear|Fake Out|p1b: Venusaur\n|-damage|p1b: Venusaur|90/100\n|cant|p1b: Venusaur|flinch\n|\n|-weather|SunnyDay|[upkeep]\n|upkeep\n|turn|5\n|\n|t:|1788421181\n|move|p1b: Venusaur|Earth Power|p2b: Torkoal\n|-supereffective|p2b: Torkoal|1\n|-damage|p2b: Torkoal|41/100\n|move|p2a: Simisear|Heat Wave|p1b: Venusaur\n|-supereffective|p1b: Venusaur|1\n|-enditem|p1b: Venusaur|Occa Berry|[eat]\n|-enditem|p1b: Venusaur|Occa Berry|[weaken]\n|-damage|p1b: Venusaur|19/100\n|move|p2b: Torkoal|Eruption|p1b: Venusaur\n|-supereffective|p1b: Venusaur|1\n|-damage|p1b: Venusaur|0 fnt\n|faint|p1b: Venusaur\n|\n|win|carrotbeafsteak\n|raw|yamisukhehiro's rating: 1320 &rarr; <strong>1301</strong><br />(-19 for losing)\n|raw|carrotbeafsteak's rating: 1341 &rarr; <strong>1360</strong><br />(+19 for winning)\n","uploadtime":1788421188,"views":"0","formatid":"gen9championsvgc2026regmb","rating":1301,"private":0,"password":null}