{"id":"gen9championsvgc2026regmb-2675008976","format":"[Gen 9 Champions] VGC 2026 Reg M-B","players":["lebesta","blamesaint"],"log":"|j|☆lebesta\n|j|☆blamesaint\n|t:|1788448197\n|gametype|doubles\n|player|p1|lebesta|101|1291\n|player|p2|blamesaint|blue|1369\n|gen|9\n|tier|[Gen 9 Champions] VGC 2026 Reg M-B\n|rated|\n|rule|Species Clause: Limit one of each Pokémon\n|rule|Item Clause: Limit 1 of each item\n|clearpoke\n|poke|p1|Hydreigon, L50, F|\n|poke|p1|Dragonite, L50, M|\n|poke|p1|Sinistcha, L50|\n|poke|p1|Salazzle, L50, F|\n|poke|p1|Lucario, L50, M|\n|poke|p1|Basculegion, L50, M|\n|poke|p2|Kangaskhan, L50, F, shiny|\n|poke|p2|Whimsicott, L50, F, shiny|\n|poke|p2|Charizard, L50, M, shiny|\n|poke|p2|Garchomp, L50, F|\n|poke|p2|Rotom-Wash, L50, shiny|\n|poke|p2|Farigiraf, L50, F, shiny|\n|teampreview|4\n|inactive|Battle timer is ON: inactive players will automatically lose when time's up. (requested by lebesta)\n|\n|t:|1788448221\n|teamsize|p1|4\n|teamsize|p2|4\n|start\n|switch|p1a: Salazzle|Salazzle, L50, F|100/100\n|switch|p1b: Dragonite|Dragonite, L50, M|100/100\n|switch|p2a: Q-Tip|Whimsicott, L50, F, shiny|100/100\n|switch|p2b: Child Soldier|Kangaskhan, L50, F, shiny|100/100\n|turn|1\n|inactive|lebesta has 30 seconds left.\n|inactive|lebesta has 20 seconds left.\n|\n|t:|1788448258\n|detailschange|p2b: Child Soldier|Kangaskhan-Mega, L50, F, shiny\n|-mega|p2b: Child Soldier|Kangaskhan|Kangaskhanite\n|move|p2b: Child Soldier|Fake Out|p1b: Dragonite\n|-damage|p1b: Dragonite|77/100\n|-damage|p1b: Dragonite|72/100\n|-hitcount|p1b: Dragonite|2\n|move|p2a: Q-Tip|Tailwind|p2a: Q-Tip\n|-sidestart|p2: blamesaint|move: Tailwind\n|move|p1a: Salazzle|Acid Spray|p2a: Q-Tip\n|-supereffective|p2a: Q-Tip|2\n|-enditem|p2a: Q-Tip|Focus Sash\n|-damage|p2a: Q-Tip|1/100\n|-unboost|p2a: Q-Tip|spd|2\n|move|p1b: Dragonite|Air Cutter|p2b: Child Soldier|[spread] p2a,p2b\n|-supereffective|p2a: Q-Tip|1\n|-crit|p2b: Child Soldier\n|-damage|p2a: Q-Tip|0 fnt\n|-damage|p2b: Child Soldier|78/100\n|faint|p2a: Q-Tip\n|\n|upkeep\n|\n|t:|1788448279\n|switch|p2a: Cynthia's Daughter|Garchomp, L50, F|100/100\n|turn|2\n|inactive|blamesaint has 30 seconds left.\n|inactive|blamesaint has 20 seconds left.\n|\n|t:|1788448316\n|detailschange|p1b: Dragonite|Dragonite-Mega, L50, M\n|-mega|p1b: Dragonite|Dragonite|Dragoninite\n|move|p2a: Cynthia's Daughter|Rock Slide|p1b: Dragonite|[spread] p1a\n|-miss|p2a: Cynthia's Daughter|p1b: Dragonite\n|-supereffective|p1a: Salazzle|1\n|-damage|p1a: Salazzle|21/100\n|move|p2b: Child Soldier|Ice Punch|p1b: Dragonite\n|-supereffective|p1b: Dragonite|2\n|-damage|p1b: Dragonite|0 fnt\n|faint|p1b: Dragonite\n|move|p1a: Salazzle|Acid Spray|p2a: Cynthia's Daughter\n|-resisted|p2a: Cynthia's Daughter|1\n|-damage|p2a: Cynthia's Daughter|89/100\n|-unboost|p2a: Cynthia's Daughter|spd|2\n|\n|upkeep\n|\n|t:|1788448325\n|switch|p1b: Basculegion|Basculegion, L50, M|100/100\n|turn|3\n|\n|t:|1788448343\n|switch|p1b: Hydreigon|Hydreigon, L50, F|100/100\n|move|p2a: Cynthia's Daughter|Rock Slide|p1b: Hydreigon|[spread] p1a,p1b\n|-supereffective|p1a: Salazzle|1\n|-damage|p1a: Salazzle|0 fnt\n|-damage|p1b: Hydreigon|73/100\n|faint|p1a: Salazzle\n|move|p2b: Child Soldier|Thunder Punch|p1b: Hydreigon\n|-resisted|p1b: Hydreigon|1\n|-damage|p1b: Hydreigon|58/100\n|-status|p1b: Hydreigon|par\n|-resisted|p1b: Hydreigon|1\n|-damage|p1b: Hydreigon|54/100 par\n|-hitcount|p1b: Hydreigon|2\n|\n|upkeep\n|\n|t:|1788448352\n|switch|p1a: Basculegion|Basculegion, L50, M|100/100\n|turn|4\n|\n|t:|1788448372\n|move|p2a: Cynthia's Daughter|Rock Slide|p1b: Hydreigon|[spread] p1a,p1b\n|-damage|p1a: Basculegion|73/100\n|-damage|p1b: Hydreigon|31/100 par\n|move|p2b: Child Soldier|Drain Punch|p1b: Hydreigon\n|-supereffective|p1b: Hydreigon|1\n|-damage|p1b: Hydreigon|0 fnt\n|-heal|p2b: Child Soldier|90/100|[from] drain|[of] p1b: Hydreigon\n|faint|p1b: Hydreigon\n|cant|p1a: Basculegion|flinch\n|\n|-sideend|p2: blamesaint|move: Tailwind\n|upkeep\n|turn|5\n|c|☆blamesaint|absolutely read\n|\n|t:|1788448385\n|move|p1a: Basculegion|Last Respects|p2b: Child Soldier\n|-immune|p2b: Child Soldier\n|move|p2a: Cynthia's Daughter|Rock Slide|p1a: Basculegion\n|-damage|p1a: Basculegion|38/100\n|move|p2b: Child Soldier|Thunder Punch|p1a: Basculegion\n|-supereffective|p1a: Basculegion|1\n|-damage|p1a: Basculegion|0 fnt\n|faint|p1a: Basculegion\n|\n|win|blamesaint\n|raw|lebesta's rating: 1291 &rarr; <strong>1272</strong><br />(-19 for losing)\n|raw|blamesaint's rating: 1369 &rarr; <strong>1385</strong><br />(+16 for winning)\n|c|☆blamesaint|LMFAOOOOOOOOOOOOOOOOO\n|c|☆blamesaint|last respects on a normal type\n","uploadtime":1788448407,"views":"2","formatid":"gen9championsvgc2026regmb","rating":1272,"private":0,"password":null}