{"id":"gen9championsvgc2026regmbbo3-2674255037","format":"[Gen 9 Champions] VGC 2026 Reg M-B (Bo3)","players":["bronzongbroomsvgc","we all love urshf"],"log":"|j|☆bronzongbroomsvgc\n|j|☆we all love urshf\n|html|<table width=\"100%\"><tr><td align=\"left\">bronzongbroomsvgc</td><td align=\"right\">we all love urshf</tr><tr><td align=\"left\"><i class=\"fa fa-circle\"></i> <i class=\"fa fa-circle-o\"></i> </td><td align=\"right\"><i class=\"fa fa-circle-o\"></i> <i class=\"fa fa-circle-o\"></i> </tr></table>\n|uhtml|bestof|<h2><strong>Game 2</strong> of <a href=\"/game-bestof3-gen9championsvgc2026regmbbo3-2674253609\">a best-of-3</a></h2>\n|t:|1788324415\n|gametype|doubles\n|player|p1|bronzongbroomsvgc|1|1194\n|player|p2|we all love urshf|ingo|1305\n|gen|9\n|tier|[Gen 9 Champions] VGC 2026 Reg M-B (Bo3)\n|rated|\n|rule|Species Clause: Limit one of each Pokémon\n|rule|Item Clause: Limit 1 of each item\n|clearpoke\n|poke|p1|Charizard, L50, F|\n|poke|p1|Garchomp, L50, M|\n|poke|p1|Basculegion, L50, M|\n|poke|p1|Whimsicott, L50, M|\n|poke|p1|Floette-Eternal, L50, F|\n|poke|p1|Kingambit, L50, M|\n|poke|p2|Charizard, L50, M|\n|poke|p2|Venusaur, L50, M|\n|poke|p2|Toxapex, L50, F|\n|poke|p2|Hydreigon, L50, M|\n|poke|p2|Metagross, L50|\n|poke|p2|Incineroar, L50, M|\n|teampreview|4\n|showteam|p1|Charizard||CharizarditeY|Blaze|HeatWave,AncientPower,WeatherBall,Protect|Timid||F|||50|]Garchomp||SitrusBerry|RoughSkin|DragonClaw,RockSlide,Earthquake,Protect|Jolly||M|||50|]Basculegion||LifeOrb|Adaptability|WaveCrash,AquaJet,LastRespects,Protect|Adamant||M|||50|]Whimsicott||FocusSash|Prankster|Moonblast,Encore,Tailwind,Protect|Timid||M|||50|]Floette-Eternal||Floettite|FlowerVeil|Moonblast,DazzlingGleam,LightofRuin,Protect|Modest||F|||50|]Kingambit||OccaBerry|Defiant|KowtowCleave,SuckerPunch,IronHead,LowKick|Adamant||M|||50|\n|showteam|p2|Charizard||CharizarditeY|Blaze|HeatWave,WeatherBall,AncientPower,Protect|Timid||M|||50|]Venusaur||FocusSash|Chlorophyll|LeafStorm,SludgeBomb,SleepPowder,Protect|Modest||M|||50|]Toxapex||Leftovers|Regenerator|Toxic,Infestation,WideGuard,BanefulBunker|Bold||F|||50|]Hydreigon||ChoiceScarf|Levitate|DarkPulse,Snarl,DracoMeteor,HeatWave|Modest||M|||50|]Metagross||Metagrossite|ClearBody|IronHead,PsychicFangs,IcePunch,Protect|Jolly|||||50|]Incineroar||SitrusBerry|Intimidate|FakeOut,PartingShot,FlareBlitz,ThroatChop|Impish||M|||50|\n|inactive|Battle timer is ON: inactive players will automatically lose when time's up. (requested by we all love urshf)\n|\n|t:|1788324445\n|teamsize|p1|4\n|teamsize|p2|4\n|start\n|switch|p1a: Charizard|Charizard, L50, F|100/100\n|switch|p1b: Whimsicott|Whimsicott, L50, M|100/100\n|switch|p2a: Metagross|Metagross, L50|100/100\n|switch|p2b: Hydreigon|Hydreigon, L50, M|100/100\n|turn|1\n|\n|t:|1788324457\n|switch|p2a: Toxapex|Toxapex, L50, F|100/100\n|move|p1a: Charizard|Protect|p1a: Charizard\n|-singleturn|p1a: Charizard|Protect\n|move|p2b: Hydreigon|Heat Wave|p1a: Charizard|[spread] p1b\n|-activate|p1a: Charizard|move: Protect\n|-supereffective|p1b: Whimsicott|1\n|-damage|p1b: Whimsicott|12/100\n|move|p1b: Whimsicott|Moonblast|p2b: Hydreigon\n|-supereffective|p2b: Hydreigon|2\n|-damage|p2b: Hydreigon|0 fnt\n|faint|p2b: Hydreigon\n|\n|upkeep\n|\n|t:|1788324462\n|switch|p2b: Incineroar|Incineroar, L50, M|100/100\n|-ability|p2b: Incineroar|Intimidate|boost\n|-unboost|p1a: Charizard|atk|1\n|-unboost|p1b: Whimsicott|atk|1\n|turn|2\n|\n|t:|1788324479\n|switch|p1b: Garchomp|Garchomp, L50, M|100/100\n|detailschange|p1a: Charizard|Charizard-Mega-Y, L50, F\n|-mega|p1a: Charizard|Charizard|Charizardite Y\n|-weather|SunnyDay|[from] ability: Drought|[of] p1a: Charizard\n|move|p2b: Incineroar|Fake Out|p1a: Charizard\n|-damage|p1a: Charizard|87/100\n|cant|p1a: Charizard|flinch\n|move|p2a: Toxapex|Infestation|p1a: Charizard\n|-resisted|p1a: Charizard|2\n|-damage|p1a: Charizard|87/100\n|-activate|p1a: Charizard|move: Infestation|[of] p2a: Toxapex\n|\n|-weather|SunnyDay|[upkeep]\n|-damage|p1a: Charizard|75/100|[from] move: Infestation|[partiallytrapped]\n|upkeep\n|turn|3\n|inactive|bronzongbroomsvgc has 30 seconds left.\n|\n|t:|1788324513\n|move|p2a: Toxapex|Wide Guard|p2a: Toxapex\n|-singleturn|p2a: Toxapex|Wide Guard\n|move|p1b: Garchomp|Earthquake|p2b: Incineroar|[spread] \n|-activate|p2a: Toxapex|move: Wide Guard\n|-activate|p2b: Incineroar|move: Wide Guard\n|-immune|p1a: Charizard\n|move|p1a: Charizard|Weather Ball|p2b: Incineroar\n|-resisted|p2b: Incineroar|1\n|-damage|p2b: Incineroar|66/100\n|move|p2b: Incineroar|Parting Shot|p1a: Charizard\n|-unboost|p1a: Charizard|atk|1\n|-unboost|p1a: Charizard|spa|1\n|\n|t:|1788324523\n|switch|p2b: Metagross|Metagross, L50|100/100|[from] Parting Shot\n|\n|-weather|SunnyDay|[upkeep]\n|-damage|p1a: Charizard|63/100|[from] move: Infestation|[partiallytrapped]\n|upkeep\n|turn|4\n|\n|t:|1788324547\n|switch|p1b: Basculegion|Basculegion, L50, M|100/100\n|move|p2b: Metagross|Protect|p2b: Metagross\n|-singleturn|p2b: Metagross|Protect\n|move|p1a: Charizard|Weather Ball|p2b: Metagross\n|-activate|p2b: Metagross|move: Protect\n|move|p2a: Toxapex|Infestation|p1b: Basculegion\n|-resisted|p1b: Basculegion|1\n|-damage|p1b: Basculegion|98/100\n|-activate|p1b: Basculegion|move: Infestation|[of] p2a: Toxapex\n|\n|-weather|SunnyDay|[upkeep]\n|-damage|p1a: Charizard|50/100g|[from] move: Infestation|[partiallytrapped]\n|-damage|p1b: Basculegion|86/100|[from] move: Infestation|[partiallytrapped]\n|upkeep\n|turn|5\n|\n|t:|1788324565\n|detailschange|p2b: Metagross|Metagross-Mega, L50\n|-mega|p2b: Metagross|Metagross|Metagrossite\n|move|p1b: Basculegion|Protect|p1b: Basculegion\n|-singleturn|p1b: Basculegion|Protect\n|move|p2b: Metagross|Psychic Fangs|p1a: Charizard\n|-crit|p1a: Charizard\n|-damage|p1a: Charizard|0 fnt\n|faint|p1a: Charizard\n|move|p2a: Toxapex|Toxic|p1b: Basculegion\n|-activate|p1b: Basculegion|move: Protect\n|\n|-weather|SunnyDay|[upkeep]\n|-damage|p1b: Basculegion|74/100|[from] move: Infestation|[partiallytrapped]\n|upkeep\n|\n|t:|1788324572\n|switch|p1a: Whimsicott|Whimsicott, L50, M|12/100\n|turn|6\n|inactive|we all love urshf has 30 seconds left.\n|\n|t:|1788324603\n|move|p1a: Whimsicott|Tailwind|p1a: Whimsicott\n|-sidestart|p1: bronzongbroomsvgc|move: Tailwind\n|move|p1b: Basculegion|Last Respects|p2b: Metagross\n|-supereffective|p2b: Metagross|1\n|-damage|p2b: Metagross|0 fnt\n|faint|p2b: Metagross\n|-damage|p1b: Basculegion|64/100|[from] item: Life Orb\n|move|p2a: Toxapex|Toxic|p1b: Basculegion\n|-status|p1b: Basculegion|tox\n|\n|-weather|none\n|-damage|p1b: Basculegion|58/100 tox|[from] psn\n|-damage|p1b: Basculegion|46/100 tox|[from] move: Infestation|[partiallytrapped]\n|upkeep\n|\n|t:|1788324608\n|switch|p2b: Incineroar|Incineroar, L50, M|66/100\n|-ability|p2b: Incineroar|Intimidate|boost\n|-unboost|p1a: Whimsicott|atk|1\n|-unboost|p1b: Basculegion|atk|1\n|turn|7\n|\n|t:|1788324628\n|move|p1a: Whimsicott|Encore|p2a: Toxapex\n|-start|p2a: Toxapex|Encore\n|move|p1b: Basculegion|Wave Crash|p2b: Incineroar\n|-supereffective|p2b: Incineroar|1\n|-damage|p2b: Incineroar|0 fnt\n|faint|p2b: Incineroar\n|-damage|p1b: Basculegion|24/100 tox|[from] Recoil\n|-damage|p1b: Basculegion|15/100 tox|[from] item: Life Orb\n|move|p2a: Toxapex|Toxic|p1a: Whimsicott\n|-status|p1a: Whimsicott|tox\n|\n|-damage|p1a: Whimsicott|6/100 tox|[from] psn\n|-damage|p1b: Basculegion|3/100 tox|[from] psn\n|-damage|p1b: Basculegion|0 fnt|[from] move: Infestation|[partiallytrapped]\n|faint|p1b: Basculegion\n|upkeep\n|\n|t:|1788324633\n|switch|p1b: Garchomp|Garchomp, L50, M|100/100\n|turn|8\n|-message|we all love urshf forfeited.\n|\n|win|bronzongbroomsvgc\n|raw|bronzongbroomsvgc's rating: 1194 &rarr; <strong>1227</strong><br />(+33 for winning)\n|raw|we all love urshf's rating: 1305 &rarr; <strong>1279</strong><br />(-26 for losing)\n|l|☆we all love urshf\n|player|p2|\n","uploadtime":1788324655,"views":"2","formatid":"gen9championsvgc2026regmbbo3","rating":1227,"private":0,"password":null}