{"id":"gen9championsvgc2026regmb-2674709184","format":"[Gen 9 Champions] VGC 2026 Reg M-B","players":["randomtieflinggirl","Oioinopo"],"log":"|j|☆randomtieflinggirl\n|j|‽Oioinopo\n|t:|1788393954\n|gametype|doubles\n|player|p1|randomtieflinggirl|170|1216\n|player|p2|Oioinopo|veteran|1144\n|gen|9\n|tier|[Gen 9 Champions] VGC 2026 Reg M-B\n|rated|\n|rule|Species Clause: Limit one of each Pokémon\n|rule|Item Clause: Limit 1 of each item\n|clearpoke\n|poke|p1|Lycanroc-Dusk, L50, F|\n|poke|p1|Froslass, L50, F|\n|poke|p1|Scovillain, L50, F|\n|poke|p1|Basculegion, L50, M|\n|poke|p1|Kingambit, L50, M|\n|poke|p1|Sneasler, L50, M|\n|poke|p2|Tyranitar, L50, M|\n|poke|p2|Garchomp, L50, M|\n|poke|p2|Kingambit, L50, M|\n|poke|p2|Medicham, L50, F|\n|poke|p2|Whimsicott, L50, M|\n|poke|p2|Rotom-Heat, L50|\n|teampreview|4\n|inactive|Battle timer is ON: inactive players will automatically lose when time's up. (requested by Oioinopo)\nrandomtieflinggirl has agreed to open team sheets.\n|inactive|randomtieflinggirl has 60 seconds left.\n|inactive|Oioinopo has 60 seconds left.\n|\n|t:|1788393994\n|teamsize|p1|4\n|teamsize|p2|4\n|start\n|switch|p1a: Froslass|Froslass, L50, F|100/100\n|switch|p1b: Sneasler|Sneasler, L50, M|100/100\n|switch|p2a: Whimsicott|Whimsicott, L50, M|100/100\n|switch|p2b: Kingambit|Kingambit, L50, M|100/100\n|turn|1\n|inactive|randomtieflinggirl has 30 seconds left.\n|inactive|Oioinopo has 30 seconds left.\n|inactive|randomtieflinggirl has 20 seconds left.\n|\n|t:|1788394029\n|switch|p1a: Basculegion|Basculegion, L50, M|100/100\n|move|p2a: Whimsicott|Taunt|p1a: Basculegion\n|-start|p1a: Basculegion|move: Taunt\n|move|p1b: Sneasler|Dire Claw|p2a: Whimsicott\n|-supereffective|p2a: Whimsicott|2\n|-damage|p2a: Whimsicott|0 fnt\n|faint|p2a: Whimsicott\n|move|p2b: Kingambit|Kowtow Cleave|p1b: Sneasler\n|-resisted|p1b: Sneasler|1\n|-damage|p1b: Sneasler|72/100\n|\n|upkeep\n|\n|t:|1788394043\n|switch|p2a: Medicham|Medicham, L50, F|100/100\n|turn|2\n|inactive|randomtieflinggirl has 30 seconds left.\n|\n|t:|1788394074\n|switch|p1a: Lycanroc|Lycanroc-Dusk, L50, F|100/100\n|move|p2a: Medicham|Fake Out|p1b: Sneasler\n|-damage|p1b: Sneasler|61/100\n|move|p2b: Kingambit|Sucker Punch||[still]\n|-fail|p2b: Kingambit\n|cant|p1b: Sneasler|flinch\n|\n|upkeep\n|turn|3\n|\n|t:|1788394087\n|detailschange|p2a: Medicham|Medicham-Mega, L50, F\n|-mega|p2a: Medicham|Medicham|Medichamite\n|move|p1b: Sneasler|Protect|p1b: Sneasler\n|-singleturn|p1b: Sneasler|Protect\n|move|p2b: Kingambit|Protect|p2b: Kingambit\n|-singleturn|p2b: Kingambit|Protect\n|move|p1a: Lycanroc|Close Combat|p2b: Kingambit\n|-activate|p2b: Kingambit|move: Protect\n|move|p2a: Medicham|Drain Punch|p1a: Lycanroc\n|-supereffective|p1a: Lycanroc|1\n|-enditem|p1a: Lycanroc|Focus Sash\n|-damage|p1a: Lycanroc|1/100\n|\n|upkeep\n|turn|4\n|inactive|randomtieflinggirl has 30 seconds left.\n|\n|t:|1788394117\n|switch|p1a: Basculegion|Basculegion, L50, M|100/100\n|switch|p2b: Garchomp|Garchomp, L50, M|100/100\n|move|p1b: Sneasler|Close Combat|p2b: Garchomp\n|-crit|p2b: Garchomp\n|-damage|p2b: Garchomp|17/100\n|-unboost|p1b: Sneasler|def|1\n|-unboost|p1b: Sneasler|spd|1\n|-damage|p1b: Sneasler|48/100|[from] ability: Rough Skin|[of] p2b: Garchomp\n|-enditem|p1b: Sneasler|White Herb\n|-clearnegativeboost|p1b: Sneasler|[silent]\n|move|p2a: Medicham|Drain Punch|p1b: Sneasler\n|-resisted|p1b: Sneasler|1\n|-damage|p1b: Sneasler|12/100\n|\n|upkeep\n|turn|5\n|\n|t:|1788394140\n|move|p1b: Sneasler|Protect|p1b: Sneasler\n|-singleturn|p1b: Sneasler|Protect\n|move|p2a: Medicham|Protect|p2a: Medicham\n|-singleturn|p2a: Medicham|Protect\n|move|p1a: Basculegion|Aqua Jet|p2b: Garchomp\n|-damage|p2b: Garchomp|0 fnt\n|-damage|p1a: Basculegion|87/100|[from] ability: Rough Skin|[of] p2b: Garchomp\n|faint|p2b: Garchomp\n|\n|upkeep\n|\n|t:|1788394150\n|switch|p2b: Kingambit|Kingambit, L50, M|100/100\n|turn|6\n|\n|t:|1788394157\n|move|p1a: Basculegion|Aqua Jet|p2a: Medicham\n|-damage|p2a: Medicham|63/100\n|move|p1b: Sneasler|Close Combat|p2a: Medicham\n|-resisted|p2a: Medicham|1\n|-damage|p2a: Medicham|23/100\n|-unboost|p1b: Sneasler|def|1\n|-unboost|p1b: Sneasler|spd|1\n|move|p2a: Medicham|Drain Punch|p1b: Sneasler\n|-resisted|p1b: Sneasler|1\n|-damage|p1b: Sneasler|0 fnt\n|-heal|p2a: Medicham|30/100|[from] drain|[of] p1b: Sneasler\n|faint|p1b: Sneasler\n|move|p2b: Kingambit|Kowtow Cleave|p1a: Basculegion\n|-supereffective|p1a: Basculegion|1\n|-damage|p1a: Basculegion|0 fnt\n|faint|p1a: Basculegion\n|\n|upkeep\n|\n|t:|1788394174\n|switch|p1b: Lycanroc|Lycanroc-Dusk, L50, F|1/100\n|switch|p1a: Froslass|Froslass, L50, F|100/100\n|turn|7\n|\n|t:|1788394197\n|detailschange|p1a: Froslass|Froslass-Mega, L50, F\n|-mega|p1a: Froslass|Froslass|Froslassite\n|-weather|Snowscape|[from] ability: Snow Warning|[of] p1a: Froslass\n|move|p2a: Medicham|Protect|p2a: Medicham\n|-singleturn|p2a: Medicham|Protect\n|move|p1b: Lycanroc|Accelerock|p2a: Medicham\n|-activate|p2a: Medicham|move: Protect\n|move|p2b: Kingambit|Sucker Punch||[still]\n|-fail|p2b: Kingambit\n|move|p1a: Froslass|Aurora Veil|p1a: Froslass\n|-sidestart|p1: randomtieflinggirl|move: Aurora Veil\n|\n|-weather|Snowscape|[upkeep]\n|upkeep\n|turn|8\n|\n|t:|1788394213\n|move|p2a: Medicham|Helping Hand|p2b: Kingambit\n|-singleturn|p2b: Kingambit|Helping Hand|[of] p2a: Medicham\n|move|p1a: Froslass|Protect|p1a: Froslass\n|-singleturn|p1a: Froslass|Protect\n|move|p1b: Lycanroc|Accelerock|p2a: Medicham\n|-resisted|p2a: Medicham|1\n|-damage|p2a: Medicham|13/100\n|move|p2b: Kingambit|Iron Head|p1a: Froslass\n|-activate|p1a: Froslass|move: Protect\n|\n|-weather|Snowscape|[upkeep]\n|upkeep\n|turn|9\n|inactive|randomtieflinggirl has 30 seconds left.\n|\n|t:|1788394240\n|move|p1b: Lycanroc|Protect|p1b: Lycanroc\n|-singleturn|p1b: Lycanroc|Protect\n|move|p1a: Froslass|Blizzard|p2a: Medicham|[spread] p2a,p2b\n|-resisted|p2b: Kingambit|1\n|-damage|p2a: Medicham|0 fnt\n|-damage|p2b: Kingambit|81/100\n|faint|p2a: Medicham\n|move|p2b: Kingambit|Kowtow Cleave|p1a: Froslass\n|-supereffective|p1a: Froslass|1\n|-damage|p1a: Froslass|47/100\n|\n|-weather|Snowscape|[upkeep]\n|upkeep\n|turn|10\n|inactive|randomtieflinggirl has 30 seconds left.\n|\n|t:|1788394267\n|move|p2b: Kingambit|Protect|p2b: Kingambit\n|-singleturn|p2b: Kingambit|Protect\n|move|p1b: Lycanroc|Accelerock|p2b: Kingambit\n|-activate|p2b: Kingambit|move: Protect\n|move|p1a: Froslass|Blizzard|p2b: Kingambit\n|-activate|p2b: Kingambit|move: Protect\n|\n|-weather|Snowscape|[upkeep]\n|upkeep\n|turn|11\n|\n|t:|1788394285\n|move|p1b: Lycanroc|Close Combat|p2b: Kingambit\n|-supereffective|p2b: Kingambit|2\n|-enditem|p2b: Kingambit|Chople Berry|[eat]\n|-enditem|p2b: Kingambit|Chople Berry|[weaken]\n|-damage|p2b: Kingambit|4/100\n|-unboost|p1b: Lycanroc|def|1\n|-unboost|p1b: Lycanroc|spd|1\n|move|p1a: Froslass|Blizzard|p2b: Kingambit\n|-resisted|p2b: Kingambit|1\n|-damage|p2b: Kingambit|0 fnt\n|faint|p2b: Kingambit\n|\n|win|randomtieflinggirl\n|raw|randomtieflinggirl's rating: 1216 &rarr; <strong>1236</strong><br />(+20 for winning)\n|raw|Oioinopo's rating: 1144 &rarr; <strong>1124</strong><br />(-20 for losing)\n|l|‽Oioinopo\n|player|p2|\n|c|☆randomtieflinggirl|gg\n","uploadtime":1788394299,"views":"1","formatid":"gen9championsvgc2026regmb","rating":1124,"private":0,"password":null}