{"id":"gen9championsvgc2026regmb-2674745023","format":"[Gen 9 Champions] VGC 2026 Reg M-B","players":["EmprOfIceCream","WrstEGirl"],"log":"|j|☆EmprOfIceCream\n|j|☆WrstEGirl\n|t:|1788399539\n|gametype|doubles\n|player|p1|EmprOfIceCream|lance|1234\n|player|p2|WrstEGirl|dawn|1315\n|gen|9\n|tier|[Gen 9 Champions] VGC 2026 Reg M-B\n|rated|\n|rule|Species Clause: Limit one of each Pokémon\n|rule|Item Clause: Limit 1 of each item\n|clearpoke\n|poke|p1|Scizor, L50, M, shiny|\n|poke|p1|Farigiraf, L50, F|\n|poke|p1|Hydrapple, L50, M, shiny|\n|poke|p1|Tyranitar, L50, M, shiny|\n|poke|p1|Basculegion, L50, M|\n|poke|p1|Excadrill, L50, F, shiny|\n|poke|p2|Basculegion, L50, M|\n|poke|p2|Meganium, L50, M|\n|poke|p2|Aerodactyl, L50, M|\n|poke|p2|Gholdengo, L50|\n|poke|p2|Tyranitar, L50, F|\n|poke|p2|Gallade, L50, M|\n|teampreview|4\nWrstEGirl rejected open team sheets.\n|inactive|Battle timer is ON: inactive players will automatically lose when time's up. (requested by WrstEGirl)\n|inactive|WrstEGirl has 60 seconds left.\n|\n|t:|1788399586\n|teamsize|p1|4\n|teamsize|p2|4\n|start\n|switch|p1a: Mrs. Claws|Excadrill, L50, F, shiny|100/100\n|switch|p1b: Basculegion|Basculegion, L50, M|100/100\n|switch|p2a: Aerodactyl|Aerodactyl, L50, M|100/100\n|switch|p2b: Basculegion|Basculegion, L50, M|100/100\n|-ability|p2a: Aerodactyl|Unnerve\n|turn|1\n|inactive|WrstEGirl has 30 seconds left.\n|\n|t:|1788399613\n|move|p1b: Basculegion|Flip Turn|p2a: Aerodactyl\n|-supereffective|p2a: Aerodactyl|1\n|-enditem|p2a: Aerodactyl|Focus Sash\n|-damage|p2a: Aerodactyl|1/100\n|\n|t:|1788399618\n|switch|p1b: Zilla|Tyranitar, L50, M, shiny|100/100|[from] Flip Turn\n|-weather|Sandstorm|[from] ability: Sand Stream|[of] p1b: Zilla\n|move|p1a: Mrs. Claws|Iron Head|p2a: Aerodactyl\n|-supereffective|p2a: Aerodactyl|1\n|-damage|p2a: Aerodactyl|0 fnt\n|faint|p2a: Aerodactyl\n|move|p2b: Basculegion|Wave Crash|p1a: Mrs. Claws\n|-supereffective|p1a: Mrs. Claws|1\n|-enditem|p1a: Mrs. Claws|Focus Sash\n|-damage|p1a: Mrs. Claws|1/100\n|-damage|p2b: Basculegion|69/100|[from] Recoil\n|-damage|p2b: Basculegion|59/100|[from] item: Life Orb\n|\n|-weather|Sandstorm|[upkeep]\n|-damage|p2b: Basculegion|53/100|[from] Sandstorm\n|upkeep\n|\n|t:|1788399632\n|switch|p2a: Gallade|Gallade, L50, M|100/100\n|turn|2\n|inactive|EmprOfIceCream has 30 seconds left.\n|\n|t:|1788399667\n|detailschange|p1b: Zilla|Tyranitar-Mega, L50, M, shiny\n|-mega|p1b: Zilla|Tyranitar|Tyranitarite\n|move|p1b: Zilla|Protect|p1b: Zilla\n|-singleturn|p1b: Zilla|Protect\n|move|p2b: Basculegion|Aqua Jet|p1a: Mrs. Claws\n|-supereffective|p1a: Mrs. Claws|1\n|-damage|p1a: Mrs. Claws|0 fnt\n|faint|p1a: Mrs. Claws\n|-damage|p2b: Basculegion|43/100|[from] item: Life Orb\n|move|p2a: Gallade|Sacred Sword|p1b: Zilla\n|-activate|p1b: Zilla|move: Protect\n|\n|-weather|Sandstorm|[upkeep]\n|-damage|p2b: Basculegion|37/100|[from] Sandstorm\n|-damage|p2a: Gallade|94/100|[from] Sandstorm\n|upkeep\n|\n|t:|1788399680\n|switch|p1a: Basculegion|Basculegion, L50, M|100/100\n|turn|3\n|\n|t:|1788399696\n|move|p1a: Basculegion|Last Respects|p2b: Basculegion\n|-supereffective|p2b: Basculegion|1\n|-damage|p2b: Basculegion|0 fnt\n|faint|p2b: Basculegion\n|move|p2a: Gallade|Sacred Sword|p1b: Zilla\n|-supereffective|p1b: Zilla|2\n|-damage|p1b: Zilla|0 fnt\n|faint|p1b: Zilla\n|\n|-weather|Sandstorm|[upkeep]\n|-damage|p1a: Basculegion|93/100|[from] Sandstorm\n|-damage|p2a: Gallade|88/100|[from] Sandstorm\n|upkeep\n|\n|t:|1788399706\n|switch|p2b: Meganium|Meganium, L50, M|100/100\n|switch|p1b: Zorak|Scizor, L50, M, shiny|100/100\n|turn|4\n|\n|t:|1788399718\n|detailschange|p2b: Meganium|Meganium-Mega, L50, M\n|-mega|p2b: Meganium|Meganium|Meganiumite\n|move|p2b: Meganium|Protect|p2b: Meganium\n|-singleturn|p2b: Meganium|Protect\n|move|p1a: Basculegion|Last Respects|p2b: Meganium\n|-activate|p2b: Meganium|move: Protect\n|move|p1b: Zorak|Swords Dance|p1b: Zorak\n|-boost|p1b: Zorak|atk|2\n|move|p2a: Gallade|Trick Room|p2a: Gallade\n|-fieldstart|move: Trick Room|[of] p2a: Gallade\n|\n|-weather|Sandstorm|[upkeep]\n|-damage|p2b: Meganium|93/100|[from] Sandstorm\n|-damage|p2a: Gallade|82/100|[from] Sandstorm\n|-damage|p1a: Basculegion|87/100|[from] Sandstorm\n|upkeep\n|turn|5\n|\n|t:|1788399741\n|move|p1b: Zorak|Bug Bite|p2b: Meganium\n|-damage|p2b: Meganium|2/100\n|move|p2b: Meganium|Solar Beam||[still]\n|-prepare|p2b: Meganium|Solar Beam\n|-activate|p2b: Meganium|ability: Mega Sol\n|-anim|p2b: Meganium|Solar Beam|p1a: Basculegion\n|-supereffective|p1a: Basculegion|1\n|-damage|p1a: Basculegion|0 fnt\n|faint|p1a: Basculegion\n|move|p2a: Gallade|Sacred Sword|p1b: Zorak\n|-damage|p1b: Zorak|28/100\n|\n|-weather|none\n|upkeep\n|turn|6\n|\n|t:|1788399756\n|move|p1b: Zorak|Protect|p1b: Zorak\n|-singleturn|p1b: Zorak|Protect\n|move|p2b: Meganium|Weather Ball|p1b: Zorak\n|-activate|p1b: Zorak|move: Protect\n|move|p2a: Gallade|Sacred Sword|p1b: Zorak\n|-activate|p1b: Zorak|move: Protect\n|\n|upkeep\n|turn|7\n|c|☆WrstEGirl|gg\n|\n|t:|1788399772\n|move|p1b: Zorak|Bullet Punch|p2b: Meganium\n|-supereffective|p2b: Meganium|1\n|-damage|p2b: Meganium|0 fnt\n|faint|p2b: Meganium\n|move|p2a: Gallade|Sacred Sword|p1b: Zorak\n|-damage|p1b: Zorak|0 fnt\n|faint|p1b: Zorak\n|\n|win|WrstEGirl\n|raw|EmprOfIceCream's rating: 1234 &rarr; <strong>1215</strong><br />(-19 for losing)\n|raw|WrstEGirl's rating: 1315 &rarr; <strong>1330</strong><br />(+15 for winning)\n|l|☆EmprOfIceCream\n|player|p1|\n","uploadtime":1788399781,"views":"1","formatid":"gen9championsvgc2026regmb","rating":1215,"private":0,"password":null}