{"id":"gen9championsvgc2026regmb-2674783559","format":"[Gen 9 Champions] VGC 2026 Reg M-B","players":["slyvesterccd","Champions ZU"],"log":"|j|☆slyvesterccd\n|j|☆Champions ZU\n|t:|1788406020\n|gametype|doubles\n|player|p1|slyvesterccd|266|1044\n|player|p2|Champions ZU|selene|1131\n|gen|9\n|tier|[Gen 9 Champions] VGC 2026 Reg M-B\n|rated|\n|rule|Species Clause: Limit one of each Pokémon\n|rule|Item Clause: Limit 1 of each item\n|clearpoke\n|poke|p1|Crabominable, L50, M|\n|poke|p1|Mr. Rime, L50, M|\n|poke|p1|Sinistcha, L50|\n|poke|p1|Empoleon, L50, M, shiny|\n|poke|p1|Slowking, L50, F|\n|poke|p1|Incineroar, L50, M|\n|poke|p2|Tyranitar, L50, F|\n|poke|p2|Garchomp, L50, M|\n|poke|p2|Corviknight, L50, F|\n|poke|p2|Gholdengo, L50|\n|poke|p2|Lopunny, L50, M|\n|poke|p2|Gyarados, L50, F|\n|teampreview|4\n|inactive|Battle timer is ON: inactive players will automatically lose when time's up. (requested by Champions ZU)\n|\n|t:|1788406049\n|teamsize|p1|4\n|teamsize|p2|4\n|start\n|switch|p1a: Slowking|Slowking, L50, F|100/100\n|switch|p1b: Empoleon|Empoleon, L50, M, shiny|100/100\n|switch|p2a: Gyarados|Gyarados, L50, F|100/100\n|switch|p2b: Lopunny|Lopunny, L50, M|100/100\n|-ability|p2a: Gyarados|Intimidate|boost\n|-unboost|p1a: Slowking|atk|1\n|-unboost|p1b: Empoleon|atk|1\n|-ability|p1b: Empoleon|Competitive|boost\n|-boost|p1b: Empoleon|spa|2\n|turn|1\n|\n|t:|1788406063\n|detailschange|p2b: Lopunny|Lopunny-Mega, L50, M\n|-mega|p2b: Lopunny|Lopunny|Lopunnite\n|move|p1b: Empoleon|Vacuum Wave|p2b: Lopunny\n|-supereffective|p2b: Lopunny|1\n|-damage|p2b: Lopunny|11/100\n|-damage|p1b: Empoleon|90/100|[from] item: Life Orb\n|move|p2b: Lopunny|Close Combat|p1b: Empoleon\n|-supereffective|p1b: Empoleon|1\n|-damage|p1b: Empoleon|0 fnt\n|-unboost|p2b: Lopunny|def|1\n|-unboost|p2b: Lopunny|spd|1\n|faint|p1b: Empoleon\n|move|p2a: Gyarados|Taunt|p1a: Slowking\n|-start|p1a: Slowking|move: Taunt\n|cant|p1a: Slowking|move: Taunt|Trick Room\n|\n|upkeep\n|\n|t:|1788406079\n|switch|p1b: Crabominable|Crabominable, L50, M|100/100\n|turn|2\n|\n|t:|1788406093\n|move|p2b: Lopunny|Protect|p2b: Lopunny\n|-singleturn|p2b: Lopunny|Protect\n|move|p1b: Crabominable|Protect|p1b: Crabominable\n|-singleturn|p1b: Crabominable|Protect\n|move|p2a: Gyarados|Power Whip|p1a: Slowking\n|-supereffective|p1a: Slowking|1\n|-damage|p1a: Slowking|8/100\n|move|p1a: Slowking|Psyshock|p2b: Lopunny\n|-activate|p2b: Lopunny|move: Protect\n|\n|upkeep\n|turn|3\n|\n|t:|1788406113\n|switch|p1b: Sinistcha|Sinistcha, L50|100/100\n|-heal|p1a: Slowking|33/100|[from] ability: Hospitality|[of] p1b: Sinistcha\n|move|p2b: Lopunny|Encore||[still]\n|-fail|p2b: Lopunny\n|move|p2a: Gyarados|Waterfall|p1a: Slowking\n|-resisted|p1a: Slowking|1\n|-damage|p1a: Slowking|8/100\n|move|p1a: Slowking|Psyshock|p2b: Lopunny\n|-supereffective|p2b: Lopunny|1\n|-damage|p2b: Lopunny|0 fnt\n|faint|p2b: Lopunny\n|\n|-end|p1a: Slowking|move: Taunt\n|upkeep\n|\n|t:|1788406131\n|switch|p2b: Gholdengo|Gholdengo, L50|100/100\n|turn|4\n|\n|t:|1788406138\n|move|p2b: Gholdengo|Make It Rain|p1b: Sinistcha|[spread] p1a,p1b\n|-resisted|p1a: Slowking|1\n|-damage|p1a: Slowking|0 fnt\n|-damage|p1b: Sinistcha|48/100\n|-unboost|p2b: Gholdengo|spa|2\n|-enditem|p1b: Sinistcha|Sitrus Berry|[eat]\n|-heal|p1b: Sinistcha|72/100|[from] item: Sitrus Berry\n|faint|p1a: Slowking\n|-enditem|p2b: Gholdengo|White Herb\n|-clearnegativeboost|p2b: Gholdengo|[silent]\n|move|p2a: Gyarados|Taunt|p1b: Sinistcha\n|-start|p1b: Sinistcha|move: Taunt\n|move|p1b: Sinistcha|Matcha Gotcha|p2a: Gyarados|[spread] p2a,p2b\n|-resisted|p2b: Gholdengo|1\n|-damage|p2a: Gyarados|73/100\n|-heal|p1b: Sinistcha|86/100|[from] drain|[of] p2a: Gyarados\n|-damage|p2b: Gholdengo|85/100\n|-heal|p1b: Sinistcha|93/100|[from] drain|[of] p2b: Gholdengo\n|\n|upkeep\n|\n|t:|1788406145\n|switch|p1a: Crabominable|Crabominable, L50, M|100/100\n|turn|5\n|\n|t:|1788406161\n|detailschange|p1a: Crabominable|Crabominable-Mega, L50, M\n|-mega|p1a: Crabominable|Crabominable|Crabominite\n|move|p2b: Gholdengo|Protect|p2b: Gholdengo\n|-singleturn|p2b: Gholdengo|Protect\n|move|p2a: Gyarados|Taunt|p1a: Crabominable\n|-start|p1a: Crabominable|move: Taunt\n|move|p1b: Sinistcha|Matcha Gotcha|p2a: Gyarados|[spread] p2a\n|-activate|p2b: Gholdengo|move: Protect\n|-damage|p2a: Gyarados|49/100\n|-heal|p1b: Sinistcha|100/100|[from] drain|[of] p2a: Gyarados\n|-enditem|p2a: Gyarados|Sitrus Berry|[eat]\n|-heal|p2a: Gyarados|74/100|[from] item: Sitrus Berry\n|move|p1a: Crabominable|Thunder Punch|p2a: Gyarados\n|-supereffective|p2a: Gyarados|2\n|-damage|p2a: Gyarados|0 fnt\n|faint|p2a: Gyarados\n|\n|upkeep\n|\n|t:|1788406165\n|switch|p2a: Corviknight|Corviknight, L50, F|100/100\n|turn|6\n|\n|t:|1788406186\n|move|p2b: Gholdengo|Make It Rain|p1a: Crabominable|[spread] p1a,p1b\n|-supereffective|p1a: Crabominable|1\n|-damage|p1a: Crabominable|25/100\n|-damage|p1b: Sinistcha|50/100y\n|-unboost|p2b: Gholdengo|spa|2\n|move|p1b: Sinistcha|Matcha Gotcha|p2b: Gholdengo|[spread] p2a,p2b\n|-resisted|p2a: Corviknight|2\n|-resisted|p2b: Gholdengo|1\n|-damage|p2a: Corviknight|95/100\n|-heal|p1b: Sinistcha|52/100|[from] drain|[of] p2a: Corviknight\n|-damage|p2b: Gholdengo|70/100\n|-heal|p1b: Sinistcha|60/100|[from] drain|[of] p2b: Gholdengo\n|-status|p2a: Corviknight|brn\n|move|p2a: Corviknight|Brave Bird|p1a: Crabominable\n|-supereffective|p1a: Crabominable|1\n|-damage|p1a: Crabominable|0 fnt\n|faint|p1a: Crabominable\n|-damage|p2a: Corviknight|87/100 brn|[from] Recoil\n|\n|-heal|p2a: Corviknight|93/100 brn|[from] item: Leftovers\n|-damage|p2a: Corviknight|87/100 brn|[from] brn\n|-end|p1b: Sinistcha|move: Taunt\n|upkeep\n|turn|7\n|\n|t:|1788406211\n|move|p2b: Gholdengo|Shadow Ball|p1b: Sinistcha\n|-supereffective|p1b: Sinistcha|1\n|-damage|p1b: Sinistcha|11/100\n|move|p1b: Sinistcha|Life Dew|p1b: Sinistcha\n|-heal|p1b: Sinistcha|36/100\n|move|p2a: Corviknight|Brave Bird|p1b: Sinistcha\n|-supereffective|p1b: Sinistcha|1\n|-damage|p1b: Sinistcha|6/100\n|-damage|p2a: Corviknight|79/100 brn|[from] Recoil\n|\n|-heal|p2a: Corviknight|84/100 brn|[from] item: Leftovers\n|-damage|p2a: Corviknight|79/100 brn|[from] brn\n|upkeep\n|turn|8\n|\n|t:|1788406221\n|move|p2b: Gholdengo|Shadow Ball|p1b: Sinistcha\n|-supereffective|p1b: Sinistcha|1\n|-damage|p1b: Sinistcha|0 fnt\n|faint|p1b: Sinistcha\n|\n|win|Champions ZU\n|raw|slyvesterccd's rating: 1044 &rarr; <strong>1031</strong><br />(-13 for losing)\n|raw|Champions ZU's rating: 1131 &rarr; <strong>1150</strong><br />(+19 for winning)\n|l|☆slyvesterccd\n|player|p1|\n","uploadtime":1788406234,"views":"4","formatid":"gen9championsvgc2026regmb","rating":1031,"private":0,"password":null}