{"id":"gen9championsvgc2026regmb-2674401231","format":"[Gen 9 Champions] VGC 2026 Reg M-B","players":["shockye","cancelo"],"log":"|j|☆shockye\n|j|☆cancelo\n|t:|1788355166\n|gametype|doubles\n|player|p1|shockye|drayden|1334\n|player|p2|cancelo|2|1283\n|gen|9\n|tier|[Gen 9 Champions] VGC 2026 Reg M-B\n|rated|\n|rule|Species Clause: Limit one of each Pokémon\n|rule|Item Clause: Limit 1 of each item\n|clearpoke\n|poke|p1|Gholdengo, L50|\n|poke|p1|Staraptor, L50, F|\n|poke|p1|Tyranitar, L50, M|\n|poke|p1|Farigiraf, L50, F|\n|poke|p1|Whimsicott, L50, F, shiny|\n|poke|p1|Excadrill, L50, M, shiny|\n|poke|p2|Garchomp, L50, M|\n|poke|p2|Kingambit, L50, M|\n|poke|p2|Sneasler, L50, M|\n|poke|p2|Sinistcha, L50|\n|poke|p2|Incineroar, L50, M|\n|poke|p2|Floette-Eternal, L50, F|\n|teampreview|4\n|inactive|Battle timer is ON: inactive players will automatically lose when time's up. (requested by shockye)\n|inactive|shockye has 60 seconds left.\ncancelo rejected open team sheets.\n|inactive|shockye has 30 seconds left.\n|\n|t:|1788355233\n|teamsize|p1|4\n|teamsize|p2|4\n|start\n|switch|p1a: Tyranitar|Tyranitar, L50, M|100/100\n|switch|p1b: Staraptor|Staraptor, L50, F|100/100\n|switch|p2a: Incineroar|Incineroar, L50, M|100/100\n|switch|p2b: Floette|Floette-Eternal, L50, F|100/100\n|-ability|p1b: Staraptor|Intimidate|boost\n|-unboost|p2a: Incineroar|atk|1\n|-unboost|p2b: Floette|atk|1\n|-weather|Sandstorm|[from] ability: Sand Stream|[of] p1a: Tyranitar\n|-ability|p2a: Incineroar|Intimidate|boost\n|-unboost|p1a: Tyranitar|atk|1\n|-unboost|p1b: Staraptor|atk|1\n|turn|1\n|\n|t:|1788355249\n|switch|p1a: Gholdengo|Gholdengo, L50|100/100\n|detailschange|p1b: Staraptor|Staraptor-Mega, L50, F\n|-mega|p1b: Staraptor|Staraptor|Staraptite\n|detailschange|p2b: Floette|Floette-Mega, L50, F\n|-mega|p2b: Floette|Floette|Floettite\n|-ability|p2b: Floette|Fairy Aura\n|move|p2a: Incineroar|Fake Out|p1b: Staraptor\n|-damage|p1b: Staraptor|92/100\n|cant|p1b: Staraptor|flinch\n|move|p2b: Floette|Calm Mind|p2b: Floette\n|-boost|p2b: Floette|spa|1\n|-boost|p2b: Floette|spd|1\n|\n|-weather|Sandstorm|[upkeep]\n|-damage|p1b: Staraptor|86/100|[from] Sandstorm\n|-damage|p2b: Floette|94/100|[from] Sandstorm\n|-damage|p2a: Incineroar|94/100|[from] Sandstorm\n|-heal|p2a: Incineroar|100/100|[from] item: Leftovers\n|upkeep\n|turn|2\n|inactive|cancelo has 30 seconds left.\n|\n|t:|1788355276\n|move|p1b: Staraptor|Tailwind|p1b: Staraptor\n|-sidestart|p1: shockye|move: Tailwind\n|move|p1a: Gholdengo|Make It Rain|p2b: Floette|[spread] p2a,p2b\n|-resisted|p2a: Incineroar|1\n|-supereffective|p2b: Floette|1\n|-damage|p2a: Incineroar|78/100\n|-damage|p2b: Floette|30/100\n|-unboost|p1a: Gholdengo|spa|2\n|-damage|p1a: Gholdengo|90/100|[from] item: Life Orb\n|move|p2b: Floette|Draining Kiss|p1b: Staraptor\n|-supereffective|p1b: Staraptor|1\n|-damage|p1b: Staraptor|0 fnt\n|-heal|p2b: Floette|100/100|[from] drain|[of] p1b: Staraptor\n|faint|p1b: Staraptor\n|move|p2a: Incineroar|Flare Blitz|p1a: Gholdengo\n|-supereffective|p1a: Gholdengo|1\n|-damage|p1a: Gholdengo|25/100\n|-damage|p2a: Incineroar|60/100|[from] Recoil\n|\n|-weather|Sandstorm|[upkeep]\n|-damage|p2b: Floette|94/100|[from] Sandstorm\n|-damage|p2a: Incineroar|54/100|[from] Sandstorm\n|-heal|p2a: Incineroar|60/100|[from] item: Leftovers\n|upkeep\n|\n|t:|1788355295\n|switch|p1b: Excadrill|Excadrill, L50, M, shiny|100/100\n|turn|3\n|\n|t:|1788355304\n|switch|p1a: Tyranitar|Tyranitar, L50, M|100/100\n|switch|p2a: Sinistcha|Sinistcha, L50|100/100\n|-heal|p2b: Floette|100/100|[from] ability: Hospitality|[of] p2a: Sinistcha\n|move|p2b: Floette|Protect|p2b: Floette\n|-singleturn|p2b: Floette|Protect\n|move|p1b: Excadrill|Iron Head|p2b: Floette\n|-activate|p2b: Floette|move: Protect\n|\n|-weather|Sandstorm|[upkeep]\n|-damage|p2b: Floette|94/100|[from] Sandstorm\n|-damage|p2a: Sinistcha|93/100|[from] Sandstorm\n|upkeep\n|turn|4\n|\n|t:|1788355323\n|switch|p2a: Incineroar|Incineroar, L50, M|60/100\n|-ability|p2a: Incineroar|Intimidate|boost\n|-unboost|p1a: Tyranitar|atk|1\n|-unboost|p1b: Excadrill|atk|1\n|move|p1b: Excadrill|Iron Head|p2b: Floette\n|-supereffective|p2b: Floette|1\n|-damage|p2b: Floette|22/100\n|move|p1a: Tyranitar|Knock Off|p2a: Incineroar\n|-resisted|p2a: Incineroar|1\n|-damage|p2a: Incineroar|44/100\n|-enditem|p2a: Incineroar|Leftovers|[from] move: Knock Off|[of] p1a: Tyranitar\n|move|p2b: Floette|Draining Kiss|p1a: Tyranitar\n|-supereffective|p1a: Tyranitar|1\n|-damage|p1a: Tyranitar|42/100\n|-heal|p2b: Floette|76/100|[from] drain|[of] p1a: Tyranitar\n|\n|-weather|Sandstorm|[upkeep]\n|-damage|p2b: Floette|71/100|[from] Sandstorm\n|-damage|p2a: Incineroar|38/100|[from] Sandstorm\n|upkeep\n|turn|5\n|inactive|shockye has 30 seconds left.\n|inactive|cancelo has 30 seconds left.\n|\n|t:|1788355352\n|move|p2b: Floette|Protect|p2b: Floette\n|-singleturn|p2b: Floette|Protect\n|move|p2a: Incineroar|Fake Out|p1b: Excadrill\n|-resisted|p1b: Excadrill|1\n|-damage|p1b: Excadrill|94/100\n|cant|p1b: Excadrill|flinch\n|move|p1a: Tyranitar|Rock Slide|p2a: Incineroar|[spread] p2a\n|-activate|p2b: Floette|move: Protect\n|-supereffective|p2a: Incineroar|1\n|-damage|p2a: Incineroar|2/100\n|\n|-weather|none\n|-sideend|p1: shockye|move: Tailwind\n|upkeep\n|turn|6\n|\n|t:|1788355369\n|switch|p2a: Sinistcha|Sinistcha, L50|93/100\n|-heal|p2b: Floette|95/100|[from] ability: Hospitality|[of] p2a: Sinistcha\n|move|p1a: Tyranitar|Protect|p1a: Tyranitar\n|-singleturn|p1a: Tyranitar|Protect\n|move|p2b: Floette|Dazzling Gleam|p1b: Excadrill|[spread] p1b\n|-activate|p1a: Tyranitar|move: Protect\n|-resisted|p1b: Excadrill|1\n|-damage|p1b: Excadrill|60/100\n|move|p1b: Excadrill|Earthquake|p2a: Sinistcha|[spread] p2a,p2b\n|-activate|p1a: Tyranitar|move: Protect\n|-resisted|p2a: Sinistcha|1\n|-damage|p2a: Sinistcha|82/100\n|-damage|p2b: Floette|70/100\n|\n|upkeep\n|turn|7\n|\n|t:|1788355387\n|switch|p1a: Gholdengo|Gholdengo, L50|25/100\n|move|p2b: Floette|Dazzling Gleam|p1b: Excadrill|[spread] p1a,p1b\n|-resisted|p1a: Gholdengo|1\n|-resisted|p1b: Excadrill|1\n|-damage|p1a: Gholdengo|0 fnt\n|-damage|p1b: Excadrill|24/100\n|faint|p1a: Gholdengo\n|move|p1b: Excadrill|Iron Head|p2b: Floette\n|-supereffective|p2b: Floette|1\n|-damage|p2b: Floette|0 fnt\n|faint|p2b: Floette\n|move|p2a: Sinistcha|Matcha Gotcha|p1b: Excadrill\n|-damage|p1b: Excadrill|0 fnt\n|-heal|p2a: Sinistcha|96/100|[from] drain|[of] p1b: Excadrill\n|faint|p1b: Excadrill\n|\n|upkeep\n|\n|t:|1788355406\n|switch|p2b: Incineroar|Incineroar, L50, M|2/100\n|switch|p1b: Tyranitar|Tyranitar, L50, M|42/100\n|-weather|Sandstorm|[from] ability: Sand Stream|[of] p1b: Tyranitar\n|-ability|p2b: Incineroar|Intimidate|boost\n|-unboost|p1b: Tyranitar|atk|1\n|turn|8\n|\n|t:|1788355417\n|move|p1b: Tyranitar|Protect|p1b: Tyranitar\n|-singleturn|p1b: Tyranitar|Protect\n|move|p2b: Incineroar|Fake Out|p1b: Tyranitar\n|-activate|p1b: Tyranitar|move: Protect\n|move|p2a: Sinistcha|Matcha Gotcha|p1b: Tyranitar\n|-activate|p1b: Tyranitar|move: Protect\n|\n|-weather|Sandstorm|[upkeep]\n|-damage|p2a: Sinistcha|89/100|[from] Sandstorm\n|-damage|p2b: Incineroar|0 fnt|[from] Sandstorm\n|faint|p2b: Incineroar\n|upkeep\n|\n|t:|1788355419\n|switch|p2b: Garchomp|Garchomp, L50, M|100/100\n|turn|9\n|\n|t:|1788355433\n|move|p2a: Sinistcha|Protect|p2a: Sinistcha\n|-singleturn|p2a: Sinistcha|Protect\n|move|p2b: Garchomp|Earthquake|p1b: Tyranitar|[spread] p1b\n|-activate|p2a: Sinistcha|move: Protect\n|-supereffective|p1b: Tyranitar|1\n|-damage|p1b: Tyranitar|0 fnt\n|faint|p1b: Tyranitar\n|\n|win|cancelo\n|raw|shockye's rating: 1334 &rarr; <strong>1311</strong><br />(-23 for losing)\n|raw|cancelo's rating: 1283 &rarr; <strong>1312</strong><br />(+29 for winning)\n|l|☆shockye\n|player|p1|\n","uploadtime":1788355445,"views":"1","formatid":"gen9championsvgc2026regmb","rating":1311,"private":0,"password":null}