{"id":"gen9championsvgc2026regmbbo3-2673985751","format":"[Gen 9 Champions] VGC 2026 Reg M-B (Bo3)","players":["Pawah","wingblade33"],"log":"|j|☆Pawah\n|j|☆wingblade33\n|html|<table width=\"100%\"><tr><td align=\"left\">Pawah</td><td align=\"right\">wingblade33</tr><tr><td align=\"left\"><i class=\"fa fa-circle\"></i> <i class=\"fa fa-circle-o\"></i> </td><td align=\"right\"><i class=\"fa fa-circle-o\"></i> <i class=\"fa fa-circle\"></i> </tr></table>\n|uhtml|bestof|<h2><strong>Game 3</strong> of <a href=\"/game-bestof3-gen9championsvgc2026regmbbo3-2673980654\">a best-of-3</a></h2>\n|t:|1788285012\n|gametype|doubles\n|player|p1|Pawah|ethan|1204\n|player|p2|wingblade33|101|1109\n|gen|9\n|tier|[Gen 9 Champions] VGC 2026 Reg M-B (Bo3)\n|rated|\n|rule|Species Clause: Limit one of each Pokémon\n|rule|Item Clause: Limit 1 of each item\n|clearpoke\n|poke|p1|Froslass, L50, F|\n|poke|p1|Scovillain, L50, F, shiny|\n|poke|p1|Basculegion, L50, M|\n|poke|p1|Kingambit, L50, F|\n|poke|p1|Sneasler, L50, F|\n|poke|p1|Lycanroc-Dusk, L50, M|\n|poke|p2|Tyranitar, L50, F|\n|poke|p2|Basculegion, L50, M|\n|poke|p2|Farigiraf, L50, M|\n|poke|p2|Whimsicott, L50, F|\n|poke|p2|Excadrill, L50, F|\n|poke|p2|Staraptor, L50, M|\n|teampreview|4\n|showteam|p1|Froslass||Froslassite|CursedBody|Blizzard,ShadowBall,AuroraVeil,Protect|Modest||F|||50|]Scovillain||Scovillainite|Moody|GigaDrain,Overheat,RagePowder,Protect|Bold||F|||50|]Basculegion||SitrusBerry|Adaptability|WaveCrash,LastRespects,AquaJet,Protect|Adamant||M|||50|]Kingambit||BlackGlasses|Defiant|KowtowCleave,SuckerPunch,SwordsDance,Protect|Adamant||F|||50|]Sneasler||WhiteHerb|Unburden|CloseCombat,GunkShot,Protect,FakeOut|Adamant||F|||50|]Lycanroc-Dusk||FocusSash|ToughClaws|CloseCombat,Accelerock,RockSlide,Protect|Adamant||M|||50|\n|showteam|p2|Tyranitar||Tyranitarite|SandStream|KnockOff,LowKick,RockSlide,Protect|Adamant||F|||50|]Basculegion||LifeOrb|Adaptability|LastRespects,WaveCrash,AquaJet,Protect|Adamant||M|||50|]Farigiraf||SitrusBerry|ArmorTail|Psychic,TrickRoom,Roar,Thunderbolt|Modest||M|||50|]Whimsicott||FocusSash|Prankster|Moonblast,Tailwind,Charm,Encore|Timid||F|||50|]Excadrill||ExpertBelt|SandRush|HighHorsepower,IronHead,RockSlide,Protect|Adamant||F|||50|]Staraptor||Staraptite|Reckless|CloseCombat,BraveBird,Tailwind,Protect|Jolly||M|||50|\n|inactive|Battle timer is ON: inactive players will automatically lose when time's up. (requested by Pawah)\n|\n|t:|1788285022\n|teamsize|p1|4\n|teamsize|p2|4\n|start\n|switch|p1a: Scovillain|Scovillain, L50, F, shiny|100/100\n|switch|p1b: Kingambit|Kingambit, L50, F|100/100\n|switch|p2a: Whimsicott|Whimsicott, L50, F|100/100\n|switch|p2b: Staraptor|Staraptor, L50, M|100/100\n|turn|1\n|\n|t:|1788285041\n|detailschange|p2b: Staraptor|Staraptor-Mega, L50, M\n|-mega|p2b: Staraptor|Staraptor|Staraptite\n|detailschange|p1a: Scovillain|Scovillain-Mega, L50, F, shiny\n|-mega|p1a: Scovillain|Scovillain|Scovillainite\n|move|p1b: Kingambit|Protect|p1b: Kingambit\n|-singleturn|p1b: Kingambit|Protect\n|move|p2a: Whimsicott|Charm|p2b: Staraptor\n|-boost|p2b: Staraptor|atk|2\n|move|p2b: Staraptor|Close Combat|p1b: Kingambit\n|-activate|p1b: Kingambit|move: Protect\n|move|p1a: Scovillain|Overheat|p2a: Whimsicott\n|-supereffective|p2a: Whimsicott|1\n|-enditem|p2a: Whimsicott|Focus Sash\n|-damage|p2a: Whimsicott|1/100\n|-unboost|p1a: Scovillain|spa|2\n|\n|upkeep\n|turn|2\n|\n|t:|1788285064\n|switch|p1b: Sneasler|Sneasler, L50, F|100/100\n|move|p1a: Scovillain|Rage Powder|p1a: Scovillain\n|-singleturn|p1a: Scovillain|move: Rage Powder\n|move|p2a: Whimsicott|Charm|p2b: Staraptor\n|-boost|p2b: Staraptor|atk|2\n|move|p2b: Staraptor|Close Combat|p1a: Scovillain\n|-damage|p1a: Scovillain|0 fnt\n|-boost|p2b: Staraptor|def|1\n|-boost|p2b: Staraptor|spd|1\n|-status|p2b: Staraptor|brn|[from] ability: Spicy Spray|[of] p1a: Scovillain\n|faint|p1a: Scovillain\n|\n|-damage|p2b: Staraptor|93/100 brn|[from] brn\n|upkeep\n|\n|t:|1788285074\n|switch|p1a: Basculegion|Basculegion, L50, M|100/100\n|turn|3\n|\n|t:|1788285087\n|switch|p2a: Farigiraf|Farigiraf, L50, M|100/100\n|move|p1b: Sneasler|Protect|p1b: Sneasler\n|-singleturn|p1b: Sneasler|Protect\n|move|p2b: Staraptor|Brave Bird|p1b: Sneasler\n|-activate|p1b: Sneasler|move: Protect\n|move|p1a: Basculegion|Last Respects|p2b: Staraptor\n|-damage|p2b: Staraptor|45/100 brn\n|\n|-damage|p2b: Staraptor|39/100 brn|[from] brn\n|upkeep\n|turn|4\n|inactive|wingblade33 has 30 seconds left.\n|\n|t:|1788285119\n|switch|p1b: Kingambit|Kingambit, L50, F|100/100\n|move|p2b: Staraptor|Brave Bird|p1a: Basculegion\n|-damage|p1a: Basculegion|1/100\n|-enditem|p1a: Basculegion|Sitrus Berry|[eat]\n|-heal|p1a: Basculegion|25/100|[from] item: Sitrus Berry\n|-damage|p2b: Staraptor|0 fnt|[from] Recoil\n|faint|p2b: Staraptor\n|move|p1a: Basculegion|Last Respects|p2a: Farigiraf\n|-immune|p2a: Farigiraf\n|move|p2a: Farigiraf|Psychic|p1b: Kingambit\n|-immune|p1b: Kingambit\n|\n|upkeep\n|\n|t:|1788285133\n|switch|p2b: Basculegion|Basculegion, L50, M|100/100\n|turn|5\n|inactive|wingblade33 has 30 seconds left.\n|\n|t:|1788285164\n|switch|p1a: Sneasler|Sneasler, L50, F|100/100\n|move|p2b: Basculegion|Wave Crash|p1b: Kingambit\n|-damage|p1b: Kingambit|18/100\n|-damage|p2b: Basculegion|71/100|[from] Recoil\n|-damage|p2b: Basculegion|62/100|[from] item: Life Orb\n|move|p2a: Farigiraf|Thunderbolt|p1b: Kingambit\n|-damage|p1b: Kingambit|0 fnt\n|faint|p1b: Kingambit\n|\n|upkeep\n|\n|t:|1788285173\n|switch|p1b: Basculegion|Basculegion, L50, M|25/100\n|turn|6\n|\n|t:|1788285187\n|move|p2b: Basculegion|Protect|p2b: Basculegion\n|-singleturn|p2b: Basculegion|Protect\n|move|p1b: Basculegion|Protect|p1b: Basculegion\n|-singleturn|p1b: Basculegion|Protect\n|move|p1a: Sneasler|Gunk Shot|p2b: Basculegion\n|-activate|p2b: Basculegion|move: Protect\n|move|p2a: Farigiraf|Thunderbolt|p1b: Basculegion\n|-activate|p1b: Basculegion|move: Protect\n|\n|upkeep\n|turn|7\n|\n|t:|1788285209\n|move|p2b: Basculegion|Aqua Jet|p1b: Basculegion\n|-resisted|p1b: Basculegion|1\n|-damage|p1b: Basculegion|9/100\n|-damage|p2b: Basculegion|52/100|[from] item: Life Orb\n|move|p1a: Sneasler|Close Combat|p2a: Farigiraf\n|-damage|p2a: Farigiraf|54/100\n|-unboost|p1a: Sneasler|def|1\n|-unboost|p1a: Sneasler|spd|1\n|-enditem|p1a: Sneasler|White Herb\n|-clearnegativeboost|p1a: Sneasler|[silent]\n|move|p1b: Basculegion|Last Respects|p2b: Basculegion\n|-supereffective|p2b: Basculegion|1\n|-damage|p2b: Basculegion|0 fnt\n|faint|p2b: Basculegion\n|move|p2a: Farigiraf|Psychic|p1a: Sneasler\n|-supereffective|p1a: Sneasler|2\n|-damage|p1a: Sneasler|0 fnt\n|faint|p1a: Sneasler\n|\n|upkeep\n|\n|t:|1788285224\n|switch|p2b: Whimsicott|Whimsicott, L50, F|1/100\n|turn|8\n|\n|t:|1788285230\n|move|p2b: Whimsicott|Moonblast|p1b: Basculegion\n|-damage|p1b: Basculegion|0 fnt\n|faint|p1b: Basculegion\n|\n|win|wingblade33\n|raw|Pawah's rating: 1204 &rarr; <strong>1172</strong><br />(-32 for losing)\n|raw|wingblade33's rating: 1109 &rarr; <strong>1141</strong><br />(+32 for winning)\n","uploadtime":1788285230,"views":"3","formatid":"gen9championsvgc2026regmbbo3","rating":1141,"private":0,"password":null}