{"id":"gen9championsvgc2026regmbbo3-2674566530","format":"[Gen 9 Champions] VGC 2026 Reg M-B (Bo3)","players":["callanambulance206","looger02"],"log":"|j|☆callanambulance206\n|j|☆looger02\n|html|<table width=\"100%\"><tr><td align=\"left\">callanambulance206</td><td align=\"right\">looger02</tr><tr><td align=\"left\"><i class=\"fa fa-circle-o\"></i> <i class=\"fa fa-circle-o\"></i> </td><td align=\"right\"><i class=\"fa fa-circle-o\"></i> <i class=\"fa fa-circle-o\"></i> </tr></table>\n|uhtml|bestof|<h2><strong>Game 1</strong> of <a href=\"/game-bestof3-gen9championsvgc2026regmbbo3-2674566529\">a best-of-3</a></h2>\n|t:|1788374715\n|gametype|doubles\n|player|p1|callanambulance206|steven|1000\n|player|p2|looger02|gardenia|1095\n|gen|9\n|tier|[Gen 9 Champions] VGC 2026 Reg M-B (Bo3)\n|rated|\n|rule|Species Clause: Limit one of each Pokémon\n|rule|Item Clause: Limit 1 of each item\n|clearpoke\n|poke|p1|Barbaracle, L50, F|\n|poke|p1|Scolipede, L50, M|\n|poke|p1|Espathra, L50, F|\n|poke|p1|Chandelure, L50, F|\n|poke|p1|Sneasler, L50, F|\n|poke|p1|Sinistcha, L50|\n|poke|p2|Gyarados, L50, F, shiny|\n|poke|p2|Sinistcha, L50|\n|poke|p2|Weavile, L50, F|\n|poke|p2|Toxapex, L50, F, shiny|\n|poke|p2|Metagross, L50, shiny|\n|poke|p2|Kommo-o, L50, M, shiny|\n|teampreview|4\n|showteam|p1|Barbaracle||Barbaracite|ToughClaws|RockSlide,CloseCombat,Liquidation,Protect|Adamant||F|||50|]Scolipede||FocusSash|SpeedBoost|SwordsDance,BatonPass,Protect,Megahorn|Jolly||M|||50|]Espathra||ColburBerry|SpeedBoost|CalmMind,BatonPass,Protect,LuminaCrash|Modest||F|||50|]Chandelure||Chandelurite|FlashFire|ShadowBall,HeatWave,EnergyBall,Protect|Timid||F|||50|]Sneasler||WhiteHerb|Unburden|FakeOut,CloseCombat,DireClaw,Acrobatics|Jolly||F|||50|]Sinistcha||Leftovers|Hospitality|MatchaGotcha,Protect,LifeDew,RagePowder|Bold|||||50|\n|showteam|p2|Gyarados||Gyaradosite|Intimidate|Waterfall,LashOut,DragonDance,Protect|Adamant||F|||50|]Sinistcha||SitrusBerry|Hospitality|MatchaGotcha,RagePowder,StrengthSap,Protect|Calm|||||50|]Weavile||FocusSash|Pickpocket|FakeOut,KnockOff,TripleAxel,Protect|Jolly||F|||50|]Toxapex||Leftovers|Regenerator|Infestation,Toxic,BanefulBunker,WideGuard|Bold||F|||50|]Metagross||Metagrossite|ClearBody|PsychicFangs,BodyPress,BulletPunch,Protect|Jolly|||||50|]Kommo-o||HabanBerry|Bulletproof|AuraSphere,ClangingScales,VacuumWave,Protect|Modest||M|||50|\n|inactive|Battle timer is ON: inactive players will automatically lose when time's up. (requested by looger02)\n|inactive|callanambulance206 also wants the timer to be on.\n|inactive|looger02 has 60 seconds left.\n|\n|t:|1788374773\n|teamsize|p1|4\n|teamsize|p2|4\n|start\n|switch|p1a: Scolipede|Scolipede, L50, M|100/100\n|switch|p1b: Sneasler|Sneasler, L50, F|100/100\n|switch|p2a: Weavile|Weavile, L50, F|100/100\n|switch|p2b: Toxapex|Toxapex, L50, F, shiny|100/100\n|turn|1\n|\n|t:|1788374792\n|move|p2a: Weavile|Protect|p2a: Weavile\n|-singleturn|p2a: Weavile|Protect\n|move|p1b: Sneasler|Close Combat|p2a: Weavile\n|-activate|p2a: Weavile|move: Protect\n|move|p1a: Scolipede|Swords Dance|p1a: Scolipede\n|-boost|p1a: Scolipede|atk|2\n|move|p2b: Toxapex|Infestation|p1b: Sneasler\n|-resisted|p1b: Sneasler|2\n|-damage|p1b: Sneasler|98/100\n|-activate|p1b: Sneasler|move: Infestation|[of] p2b: Toxapex\n|\n|-damage|p1b: Sneasler|86/100|[from] move: Infestation|[partiallytrapped]\n|-ability|p1a: Scolipede|Speed Boost|boost\n|-boost|p1a: Scolipede|spe|1\n|upkeep\n|turn|2\n|\n|t:|1788374814\n|move|p1a: Scolipede|Swords Dance|p1a: Scolipede\n|-boost|p1a: Scolipede|atk|2\n|move|p2a: Weavile|Triple Axel|p1b: Sneasler\n|-damage|p1b: Sneasler|70/100\n|-hitcount|p1b: Sneasler|1\n|move|p1b: Sneasler|Close Combat|p2a: Weavile\n|-supereffective|p2a: Weavile|2\n|-enditem|p2a: Weavile|Focus Sash\n|-damage|p2a: Weavile|1/100\n|-unboost|p1b: Sneasler|def|1\n|-unboost|p1b: Sneasler|spd|1\n|-enditem|p1b: Sneasler|White Herb|[silent]|[from] ability: Pickpocket|[of] p1b: Sneasler\n|-item|p2a: Weavile|White Herb|[from] ability: Pickpocket|[of] p1b: Sneasler\n|move|p2b: Toxapex|Infestation|p1a: Scolipede\n|-resisted|p1a: Scolipede|1\n|-damage|p1a: Scolipede|97/100\n|-activate|p1a: Scolipede|move: Infestation|[of] p2b: Toxapex\n|\n|-damage|p1b: Sneasler|58/100|[from] move: Infestation|[partiallytrapped]\n|-damage|p1a: Scolipede|85/100|[from] move: Infestation|[partiallytrapped]\n|-ability|p1a: Scolipede|Speed Boost|boost\n|-boost|p1a: Scolipede|spe|1\n|upkeep\n|turn|3\n|inactive|looger02 has 30 seconds left.\n|inactive|looger02 has 20 seconds left.\n|inactive|looger02 has 15 seconds left.\n|\n|t:|1788374855\n|move|p2b: Toxapex|Baneful Bunker|p2b: Toxapex\n|-singleturn|p2b: Toxapex|move: Protect\n|move|p1b: Sneasler|Dire Claw|p2a: Weavile\n|-damage|p2a: Weavile|0 fnt\n|faint|p2a: Weavile\n|move|p1a: Scolipede|Baton Pass|p1a: Scolipede\n|\n|t:|1788374861\n|switch|p1a: Barbaracle|Barbaracle, L50, F|100/100|[from] Baton Pass\n|\n|-damage|p1b: Sneasler|46/100|[from] move: Infestation|[partiallytrapped]\n|-damage|p1a: Barbaracle|87/100|[from] move: Infestation|[partiallytrapped]\n|upkeep\n|\n|t:|1788374869\n|switch|p2a: Metagross|Metagross, L50, shiny|100/100\n|turn|4\n|\n|t:|1788374881\n|detailschange|p2a: Metagross|Metagross-Mega, L50, shiny\n|-mega|p2a: Metagross|Metagross|Metagrossite\n|move|p2a: Metagross|Protect|p2a: Metagross\n|-singleturn|p2a: Metagross|Protect\n|move|p1b: Sneasler|Close Combat|p2a: Metagross\n|-activate|p2a: Metagross|move: Protect\n|move|p1a: Barbaracle|Liquidation|p2a: Metagross\n|-activate|p2a: Metagross|move: Protect\n|move|p2b: Toxapex|Toxic|p1a: Barbaracle\n|-status|p1a: Barbaracle|tox\n|\n|-damage|p1a: Barbaracle|81/100 tox|[from] psn\n|-damage|p1b: Sneasler|34/100|[from] move: Infestation|[partiallytrapped]\n|-damage|p1a: Barbaracle|69/100 tox|[from] move: Infestation|[partiallytrapped]\n|upkeep\n|turn|5\n|inactive|looger02 has 30 seconds left.\n|\n|t:|1788374914\n|switch|p2a: Sinistcha|Sinistcha, L50|100/100\n|move|p2b: Toxapex|Baneful Bunker|p2b: Toxapex\n|-singleturn|p2b: Toxapex|move: Protect\n|move|p1b: Sneasler|Close Combat|p2a: Sinistcha\n|-immune|p2a: Sinistcha\n|move|p1a: Barbaracle|Liquidation|p2a: Sinistcha\n|-resisted|p2a: Sinistcha|1\n|-damage|p2a: Sinistcha|25/100\n|-enditem|p2a: Sinistcha|Sitrus Berry|[eat]\n|-heal|p2a: Sinistcha|50/100g|[from] item: Sitrus Berry\n|\n|-damage|p1a: Barbaracle|57/100 tox|[from] psn\n|-damage|p1b: Sneasler|22/100|[from] move: Infestation|[partiallytrapped]\n|-damage|p1a: Barbaracle|45/100 tox|[from] move: Infestation|[partiallytrapped]\n|upkeep\n|turn|6\n|inactive|looger02 has 30 seconds left.\n|inactive|looger02 has 20 seconds left.\n|inactive|looger02 has 15 seconds left.\n|inactive|looger02 has 10 seconds left.\n|\n|t:|1788374965\n|move|p2a: Sinistcha|Protect|p2a: Sinistcha\n|-singleturn|p2a: Sinistcha|Protect\n|move|p2b: Toxapex|Baneful Bunker||[still]\n|-fail|p2b: Toxapex\n|move|p1b: Sneasler|Acrobatics|p2b: Toxapex\n|-damage|p2b: Toxapex|74/100\n|move|p1a: Barbaracle|Rock Slide|p2b: Toxapex|[spread] \n|-activate|p2a: Sinistcha|move: Protect\n|-miss|p1a: Barbaracle|p2b: Toxapex\n|\n|-heal|p2b: Toxapex|80/100|[from] item: Leftovers\n|-damage|p1a: Barbaracle|27/100 tox|[from] psn\n|-end|p1b: Sneasler|Infestation|[partiallytrapped]\n|-damage|p1a: Barbaracle|15/100 tox|[from] move: Infestation|[partiallytrapped]\n|upkeep\n|turn|7\n|\n|t:|1788374985\n|move|p2a: Sinistcha|Rage Powder|p2a: Sinistcha\n|-singleturn|p2a: Sinistcha|move: Rage Powder\n|move|p1b: Sneasler|Acrobatics|p2a: Sinistcha\n|-supereffective|p2a: Sinistcha|1\n|-damage|p2a: Sinistcha|0 fnt\n|faint|p2a: Sinistcha\n|move|p1a: Barbaracle|Rock Slide|p2b: Toxapex\n|-damage|p2b: Toxapex|3/100\n|cant|p2b: Toxapex|flinch\n|\n|-heal|p2b: Toxapex|8/100|[from] item: Leftovers\n|-damage|p1a: Barbaracle|0 fnt|[from] psn\n|faint|p1a: Barbaracle\n|upkeep\n|\n|t:|1788375002\n|switch|p1a: Scolipede|Scolipede, L50, M|85/100\n|switch|p2a: Metagross|Metagross-Mega, L50, shiny|100/100\n|turn|8\n|\n|t:|1788375026\n|switch|p1b: Sinistcha|Sinistcha, L50|100/100\n|-heal|p1a: Scolipede|100/100|[from] ability: Hospitality|[of] p1b: Sinistcha\n|move|p2a: Metagross|Bullet Punch|p1b: Sinistcha\n|-damage|p1b: Sinistcha|78/100\n|move|p1a: Scolipede|Swords Dance|p1a: Scolipede\n|-boost|p1a: Scolipede|atk|2\n|move|p2b: Toxapex|Infestation|p1a: Scolipede\n|-resisted|p1a: Scolipede|1\n|-damage|p1a: Scolipede|97/100\n|-activate|p1a: Scolipede|move: Infestation|[of] p2b: Toxapex\n|\n|-heal|p1b: Sinistcha|84/100|[from] item: Leftovers\n|-heal|p2b: Toxapex|14/100|[from] item: Leftovers\n|-damage|p1a: Scolipede|85/100|[from] move: Infestation|[partiallytrapped]\n|-ability|p1a: Scolipede|Speed Boost|boost\n|-boost|p1a: Scolipede|spe|1\n|upkeep\n|turn|9\n|inactive|callanambulance206 has 30 seconds left.\n|\n|t:|1788375053\n|move|p1a: Scolipede|Megahorn|p2a: Metagross\n|-damage|p2a: Metagross|33/100\n|move|p2a: Metagross|Psychic Fangs|p1a: Scolipede\n|-supereffective|p1a: Scolipede|1\n|-damage|p1a: Scolipede|0 fnt\n|faint|p1a: Scolipede\n|move|p1b: Sinistcha|Matcha Gotcha|p2a: Metagross|[spread] p2a\n|-miss|p1b: Sinistcha|p2b: Toxapex\n|-resisted|p2a: Metagross|1\n|-damage|p2a: Metagross|21/100\n|-heal|p1b: Sinistcha|89/100|[from] drain|[of] p2a: Metagross\n|-status|p2a: Metagross|brn\n|move|p2b: Toxapex|Toxic|p1b: Sinistcha\n|-status|p1b: Sinistcha|tox\n|\n|-heal|p1b: Sinistcha|95/100 tox|[from] item: Leftovers\n|-heal|p2b: Toxapex|20/100y|[from] item: Leftovers\n|-damage|p1b: Sinistcha|89/100 tox|[from] psn\n|-damage|p2a: Metagross|15/100 brn|[from] brn\n|upkeep\n|\n|t:|1788375061\n|switch|p1a: Sneasler|Sneasler, L50, F|22/100\n|turn|10\n|inactive|looger02 has 30 seconds left.\n|\n|t:|1788375086\n|move|p2a: Metagross|Protect|p2a: Metagross\n|-singleturn|p2a: Metagross|Protect\n|move|p1a: Sneasler|Fake Out|p2a: Metagross\n|-activate|p2a: Metagross|move: Protect\n|move|p1b: Sinistcha|Matcha Gotcha|p2b: Toxapex|[spread] p2b\n|-activate|p2a: Metagross|move: Protect\n|-crit|p2b: Toxapex\n|-damage|p2b: Toxapex|0 fnt\n|-heal|p1b: Sinistcha|98/100 tox|[from] drain|[of] p2b: Toxapex\n|faint|p2b: Toxapex\n|\n|-heal|p1b: Sinistcha|100/100 tox|[from] item: Leftovers\n|-damage|p1b: Sinistcha|87/100 tox|[from] psn\n|-damage|p2a: Metagross|10/100 brn|[from] brn\n|upkeep\n|turn|11\n|\n|t:|1788375103\n|move|p1b: Sinistcha|Rage Powder|p1b: Sinistcha\n|-singleturn|p1b: Sinistcha|move: Rage Powder\n|move|p2a: Metagross|Bullet Punch|p1b: Sinistcha\n|-damage|p1b: Sinistcha|76/100 tox\n|move|p1a: Sneasler|Close Combat|p2a: Metagross\n|-crit|p2a: Metagross\n|-damage|p2a: Metagross|0 fnt\n|-unboost|p1a: Sneasler|def|1\n|-unboost|p1a: Sneasler|spd|1\n|faint|p2a: Metagross\n|\n|win|callanambulance206\n||callanambulance206 is ready for game 2.\n","uploadtime":1788375113,"views":"1","formatid":"gen9championsvgc2026regmbbo3","rating":null,"private":0,"password":null}