{"id":"gen9championsvgc2026regmb-2674181354","format":"[Gen 9 Champions] VGC 2026 Reg M-B","players":["legit4u","hondourpoker"],"log":"|j|☆legit4u\n|j|☆hondourpoker\n|t:|1788311407\n|gametype|doubles\n|player|p1|legit4u|clown|\n|player|p2|hondourpoker|170|\n|gen|9\n|tier|[Gen 9 Champions] VGC 2026 Reg M-B\n|rule|Species Clause: Limit one of each Pokémon\n|rule|Item Clause: Limit 1 of each item\n|clearpoke\n|poke|p1|Spiritomb, L50, F|\n|poke|p1|Slowbro, L50, M|\n|poke|p1|Rampardos, L50, F|\n|poke|p1|Alakazam, L50, M|\n|poke|p1|Meowstic, L50, M|\n|poke|p1|Kingambit, L50, F|\n|poke|p2|Sableye, L50, M|\n|poke|p2|Gengar, L50, M|\n|poke|p2|Dragapult, L50, F|\n|poke|p2|Tinkaton, L50, F|\n|poke|p2|Incineroar, L50, F|\n|poke|p2|Primarina, L50, F|\n|teampreview|4\n|\n|t:|1788311433\n|teamsize|p1|4\n|teamsize|p2|4\n|start\n|switch|p1a: Alakazam|Alakazam, L50, M|100/100\n|switch|p1b: Kingambit|Kingambit, L50, F|100/100\n|switch|p2a: Sableye|Sableye, L50, M|100/100\n|switch|p2b: Gengar|Gengar, L50, M|100/100\n|turn|1\n|\n|t:|1788311481\n|switch|p2a: Primarina|Primarina, L50, F|100/100\n|detailschange|p1a: Alakazam|Alakazam-Mega, L50, M\n|-mega|p1a: Alakazam|Alakazam|Alakazite\n|-ability|p1a: Alakazam|Cursed Body|Trace|[from] ability: Trace|[of] p2b: Gengar\n|detailschange|p2b: Gengar|Gengar-Mega, L50, M\n|-mega|p2b: Gengar|Gengar|Gengarite\n|move|p2b: Gengar|Protect|p2b: Gengar\n|-singleturn|p2b: Gengar|Protect\n|move|p1a: Alakazam|Expanding Force|p2b: Gengar\n|-activate|p2b: Gengar|move: Protect\n|move|p1b: Kingambit|Kowtow Cleave|p2a: Primarina\n|-resisted|p2a: Primarina|1\n|-crit|p2a: Primarina\n|-damage|p2a: Primarina|67/100\n|\n|-heal|p2a: Primarina|73/100|[from] item: Leftovers\n|upkeep\n|turn|2\n|\n|t:|1788311516\n|switch|p2b: Sableye|Sableye, L50, M|100/100\n|move|p1a: Alakazam|Expanding Force|p2a: Primarina\n|-damage|p2a: Primarina|27/100\n|move|p2a: Primarina|Perish Song|p2a: Primarina\n|-start|p1a: Alakazam|perish3|[silent]\n|-start|p1b: Kingambit|perish3|[silent]\n|-start|p2a: Primarina|perish3|[silent]\n|-start|p2b: Sableye|perish3|[silent]\n|-fieldactivate|move: Perish Song\n|move|p1b: Kingambit|Iron Head|p2a: Primarina\n|-damage|p2a: Primarina|0 fnt\n|faint|p2a: Primarina\n|\n|-start|p1a: Alakazam|perish3\n|-start|p2b: Sableye|perish3\n|-start|p1b: Kingambit|perish3\n|upkeep\n|\n|t:|1788311536\n|switch|p2a: Gengar|Gengar-Mega, L50, M|100/100\n|turn|3\n|\n|t:|1788311572\n|switch|p2b: Incineroar|Incineroar, L50, F|100/100\n|-ability|p2b: Incineroar|Intimidate|boost\n|-unboost|p1a: Alakazam|atk|1\n|-unboost|p1b: Kingambit|atk|1\n|-ability|p1b: Kingambit|Defiant|boost\n|-boost|p1b: Kingambit|atk|2\n|move|p2a: Gengar|Protect|p2a: Gengar\n|-singleturn|p2a: Gengar|Protect\n|move|p1a: Alakazam|Expanding Force|p2a: Gengar\n|-activate|p2a: Gengar|move: Protect\n|move|p1b: Kingambit|Kowtow Cleave|p2b: Incineroar\n|-resisted|p2b: Incineroar|1\n|-damage|p2b: Incineroar|70/100\n|\n|-start|p1a: Alakazam|perish2\n|-start|p1b: Kingambit|perish2\n|upkeep\n|turn|4\n|\n|t:|1788311601\n|switch|p2a: Sableye|Sableye, L50, M|100/100\n|move|p1a: Alakazam|Focus Blast|p2b: Incineroar\n|-supereffective|p2b: Incineroar|1\n|-damage|p2b: Incineroar|0 fnt\n|faint|p2b: Incineroar\n|move|p1b: Kingambit|Kowtow Cleave|p2a: Sableye\n|-damage|p2a: Sableye|2/100\n|\n|-start|p1a: Alakazam|perish1\n|-start|p1b: Kingambit|perish1\n|upkeep\n|\n|t:|1788311611\n|switch|p2b: Gengar|Gengar-Mega, L50, M|100/100\n|turn|5\n|\n|t:|1788311627\n|move|p2a: Sableye|Protect|p2a: Sableye\n|-singleturn|p2a: Sableye|Protect\n|move|p2b: Gengar|Protect|p2b: Gengar\n|-singleturn|p2b: Gengar|Protect\n|move|p1a: Alakazam|Expanding Force|p2b: Gengar\n|-activate|p2b: Gengar|move: Protect\n|move|p1b: Kingambit|Kowtow Cleave|p2a: Sableye\n|-activate|p2a: Sableye|move: Protect\n|\n|-start|p1a: Alakazam|perish0\n|-start|p1b: Kingambit|perish0\n|faint|p1a: Alakazam\n|faint|p1b: Kingambit\n|upkeep\n|\n|t:|1788311631\n|switch|p1a: Rampardos|Rampardos, L50, F|100/100\n|switch|p1b: Spiritomb|Spiritomb, L50, F|100/100\n|turn|6\n|\n|t:|1788311650\n|move|p2a: Sableye|Protect||[still]\n|-fail|p2a: Sableye\n|move|p2b: Gengar|Shadow Ball|p1a: Rampardos\n|-damage|p1a: Rampardos|33/100\n|move|p1a: Rampardos|Rock Slide|p2a: Sableye|[spread] p2a,p2b\n|-damage|p2a: Sableye|0 fnt\n|-damage|p2b: Gengar|37/100\n|faint|p2a: Sableye\n|move|p1b: Spiritomb|Snarl|p2b: Gengar\n|-supereffective|p2b: Gengar|1\n|-damage|p2b: Gengar|0 fnt\n|faint|p2b: Gengar\n|\n|win|legit4u\n|l|☆legit4u\n|player|p1|\n","uploadtime":1788311871,"views":"2","formatid":"gen9championsvgc2026regmb","rating":null,"private":0,"password":null}