{"id":"gen9championsvgc2026regmbbo3-2673737362","format":"[Gen 9 Champions] VGC 2026 Reg M-B (Bo3)","players":["kingsrowbajax","Darknight918"],"log":"|j|☆kingsrowbajax\n|j|☆Darknight918\n|html|<table width=\"100%\"><tr><td align=\"left\">kingsrowbajax</td><td align=\"right\">Darknight918</tr><tr><td align=\"left\"><i class=\"fa fa-circle-o\"></i> <i class=\"fa fa-circle-o\"></i> </td><td align=\"right\"><i class=\"fa fa-circle-o\"></i> <i class=\"fa fa-circle\"></i> </tr></table>\n|uhtml|bestof|<h2><strong>Game 2</strong> of <a href=\"/game-bestof3-gen9championsvgc2026regmbbo3-2673736173\">a best-of-3</a></h2>\n|t:|1788244319\n|gametype|doubles\n|player|p1|kingsrowbajax|170|1232\n|player|p2|Darknight918|will|1332\n|gen|9\n|tier|[Gen 9 Champions] VGC 2026 Reg M-B (Bo3)\n|rated|\n|rule|Species Clause: Limit one of each Pokémon\n|rule|Item Clause: Limit 1 of each item\n|clearpoke\n|poke|p1|Blastoise, L50, F|\n|poke|p1|Delphox, L50, F|\n|poke|p1|Sinistcha, L50|\n|poke|p1|Kingambit, L50, M|\n|poke|p1|Sneasler, L50, M|\n|poke|p1|Incineroar, L50, M|\n|poke|p2|Staraptor, L50, F|\n|poke|p2|Arcanine-Hisui, L50, M|\n|poke|p2|Kingambit, L50, F, shiny|\n|poke|p2|Sylveon, L50, F|\n|poke|p2|Farigiraf, L50, M|\n|poke|p2|Raichu, L50, M, shiny|\n|teampreview|4\n|showteam|p1|Blastoise||Blastoisinite|RainDish|WaterSpout,DarkPulse,ShellSmash,Protect|Modest||F|||50|]Delphox||Delphoxite|Blaze|HeatWave,Psychic,NastyPlot,Protect|Timid||F|||50|]Sinistcha||ColburBerry|Hospitality|MatchaGotcha,RagePowder,TrickRoom,Protect|Bold|||||50|]Kingambit||LifeOrb|Defiant|KowtowCleave,SuckerPunch,SwordsDance,Protect|Adamant||M|||50|]Sneasler||FocusSash|PoisonTouch|FakeOut,PoisonJab,CloseCombat,QuickGuard|Jolly||M|||50|]Incineroar||SitrusBerry|Intimidate|FakeOut,FlareBlitz,ThroatChop,PartingShot|Careful||M|||50|\n|showteam|p2|Staraptor||Staraptite|Intimidate|Protect,CloseCombat,DualWingbeat,Tailwind|Jolly||F|||50|]Arcanine-Hisui||FocusSash|RockHead|Protect,ExtremeSpeed,FlareBlitz,HeadSmash|Jolly||M|||50|]Kingambit||LifeOrb|Defiant|Protect,SwordsDance,KowtowCleave,SuckerPunch|Adamant||F|||50|]Sylveon||FairyFeather|Pixilate|Detect,HyperVoice,HyperBeam,QuickAttack|Modest||F|||50|]Farigiraf||SitrusBerry|ArmorTail|Psychic,HelpingHand,TrickRoom,Protect|Calm||M|||50|]Raichu||RaichuniteY|LightningRod|Protect,FakeOut,ZapCannon,FocusBlast|Timid||M|||50|\n|inactive|Battle timer is ON: inactive players will automatically lose when time's up. (requested by Darknight918)\n|\n|t:|1788244347\n|teamsize|p1|4\n|teamsize|p2|4\n|start\n|switch|p1a: Delphox|Delphox, L50, F|100/100\n|switch|p1b: Sneasler|Sneasler, L50, M|100/100\n|switch|p2a: Chonka|Raichu, L50, M, shiny|100/100\n|switch|p2b: Oden|Kingambit, L50, F, shiny|100/100\n|turn|1\n|inactive|kingsrowbajax has 30 seconds left.\n|inactive|Darknight918 has 30 seconds left.\n|\n|t:|1788244379\n|switch|p2b: InDaTrees|Farigiraf, L50, M|100/100\n|detailschange|p1a: Delphox|Delphox-Mega, L50, F\n|-mega|p1a: Delphox|Delphox|Delphoxite\n|detailschange|p2a: Chonka|Raichu-Mega-Y, L50, M, shiny\n|-mega|p2a: Chonka|Raichu|Raichunite Y\n|move|p1b: Sneasler|Fake Out||[still]\n|cant|p2b: InDaTrees|ability: Armor Tail|Fake Out|[of] p1b: Sneasler\n|move|p1a: Delphox|Heat Wave|p2b: InDaTrees|[spread] p2a,p2b\n|-damage|p2a: Chonka|50/100g\n|-damage|p2b: InDaTrees|68/100\n|move|p2a: Chonka|Zap Cannon|p1a: Delphox\n|-damage|p1a: Delphox|39/100\n|-status|p1a: Delphox|par\n|\n|upkeep\n|turn|2\n|inactive|kingsrowbajax has 30 seconds left.\n|inactive|Darknight918 has 30 seconds left.\n|\n|t:|1788244411\n|switch|p1b: Incineroar|Incineroar, L50, M|100/100\n|-ability|p1b: Incineroar|Intimidate|boost\n|-unboost|p2a: Chonka|atk|1\n|-unboost|p2b: InDaTrees|atk|1\n|move|p2a: Chonka|Protect|p2a: Chonka\n|-singleturn|p2a: Chonka|Protect\n|move|p1a: Delphox|Protect|p1a: Delphox\n|-singleturn|p1a: Delphox|Protect\n|move|p2b: InDaTrees|Psychic|p1b: Incineroar\n|-immune|p1b: Incineroar\n|\n|upkeep\n|turn|3\n|inactive|kingsrowbajax has 30 seconds left.\n|inactive|kingsrowbajax has 20 seconds left.\n|\n|t:|1788244448\n|switch|p1a: Sinistcha|Sinistcha, L50|100/100\n|switch|p2b: Oden|Kingambit, L50, F, shiny|100/100\n|move|p2a: Chonka|Zap Cannon|p1a: Sinistcha\n|-resisted|p1a: Sinistcha|1\n|-damage|p1a: Sinistcha|69/100\n|-status|p1a: Sinistcha|par\n|move|p1b: Incineroar|Flare Blitz|p2a: Chonka\n|-damage|p2a: Chonka|0 fnt\n|faint|p2a: Chonka\n|-damage|p1b: Incineroar|85/100|[from] Recoil\n|\n|upkeep\n|\n|t:|1788244460\n|switch|p2a: Hayate|Arcanine-Hisui, L50, M|100/100\n|turn|4\n|\n|t:|1788244482\n|move|p2b: Oden|Protect|p2b: Oden\n|-singleturn|p2b: Oden|Protect\n|move|p1a: Sinistcha|Rage Powder|p1a: Sinistcha\n|-singleturn|p1a: Sinistcha|move: Rage Powder\n|move|p2a: Hayate|Flare Blitz|p1a: Sinistcha\n|-supereffective|p1a: Sinistcha|1\n|-damage|p1a: Sinistcha|0 fnt\n|faint|p1a: Sinistcha\n|move|p1b: Incineroar|Flare Blitz|p2b: Oden\n|-activate|p2b: Oden|move: Protect\n|\n|upkeep\n|\n|t:|1788244499\n|switch|p1a: Sneasler|Sneasler, L50, M|100/100\n|turn|5\n|\n|t:|1788244510\n|switch|p2b: InDaTrees|Farigiraf, L50, M|68/100\n|move|p1a: Sneasler|Fake Out||[still]\n|cant|p2b: InDaTrees|ability: Armor Tail|Fake Out|[of] p1a: Sneasler\n|move|p2a: Hayate|Head Smash|p1b: Incineroar|[miss]\n|-miss|p2a: Hayate|p1b: Incineroar\n|move|p1b: Incineroar|Flare Blitz|p2b: InDaTrees\n|-damage|p2b: InDaTrees|25/100\n|-enditem|p2b: InDaTrees|Sitrus Berry|[eat]\n|-heal|p2b: InDaTrees|50/100g|[from] item: Sitrus Berry\n|-damage|p1b: Incineroar|69/100|[from] Recoil\n|\n|upkeep\n|turn|6\n|inactive|kingsrowbajax has 30 seconds left.\n|inactive|kingsrowbajax has 20 seconds left.\n|\n|t:|1788244545\n|move|p1a: Sneasler|Close Combat|p2a: Hayate\n|-supereffective|p2a: Hayate|1\n|-enditem|p2a: Hayate|Focus Sash\n|-damage|p2a: Hayate|1/100\n|-unboost|p1a: Sneasler|def|1\n|-unboost|p1a: Sneasler|spd|1\n|move|p2a: Hayate|Head Smash|p1b: Incineroar|[miss]\n|-miss|p2a: Hayate|p1b: Incineroar\n|move|p1b: Incineroar|Flare Blitz|p2a: Hayate\n|-resisted|p2a: Hayate|2\n|-damage|p2a: Hayate|0 fnt\n|faint|p2a: Hayate\n|-damage|p1b: Incineroar|69/100|[from] Recoil\n|move|p2b: InDaTrees|Psychic|p1a: Sneasler\n|-supereffective|p1a: Sneasler|2\n|-enditem|p1a: Sneasler|Focus Sash\n|-damage|p1a: Sneasler|1/100\n|\n|upkeep\n|inactive|Darknight918 has 30 seconds left.\n|\n|t:|1788244573\n|switch|p2a: Oden|Kingambit, L50, F, shiny|100/100\n|turn|7\n|\n|t:|1788244595\n|switch|p1a: Delphox|Delphox-Mega, L50, F|39/100 par\n|move|p2a: Oden|Protect|p2a: Oden\n|-singleturn|p2a: Oden|Protect\n|move|p1b: Incineroar|Throat Chop|p2b: InDaTrees\n|-supereffective|p2b: InDaTrees|1\n|-damage|p2b: InDaTrees|0 fnt\n|faint|p2b: InDaTrees\n|\n|upkeep\n|turn|8\n|-message|Darknight918 forfeited.\n|\n|win|kingsrowbajax\n","uploadtime":1788244609,"views":"3","formatid":"gen9championsvgc2026regmbbo3","rating":null,"private":0,"password":null}