{"id":"gen9championsvgc2026regmb-2674713691","format":"[Gen 9 Champions] VGC 2026 Reg M-B","players":["element111","EPL Lane"],"log":"|j|☆element111\n|j|☆EPL Lane\n|t:|1788394654\n|gametype|doubles\n|player|p1|element111|169|1378\n|player|p2|EPL Lane|hilbert-wonderlauncher|1372\n|gen|9\n|tier|[Gen 9 Champions] VGC 2026 Reg M-B\n|rated|\n|rule|Species Clause: Limit one of each Pokémon\n|rule|Item Clause: Limit 1 of each item\n|clearpoke\n|poke|p1|Scovillain, L50, M, shiny|\n|poke|p1|Basculegion, L50, M|\n|poke|p1|Kingambit, L50, M|\n|poke|p1|Sneasler, L50, M|\n|poke|p1|Lycanroc-Dusk, L50, M|\n|poke|p1|Froslass, L50, F|\n|poke|p2|Pyroar, L50, M, shiny|\n|poke|p2|Araquanid, L50, F, shiny|\n|poke|p2|Scrafty, L50, F|\n|poke|p2|Froslass, L50, F|\n|poke|p2|Vivillon-Garden, L50, F|\n|poke|p2|Ninetales-Alola, L50, M, shiny|\n|teampreview|4\n|inactive|Battle timer is ON: inactive players will automatically lose when time's up. (requested by element111)\n|\n|t:|1788394695\n|teamsize|p1|4\n|teamsize|p2|4\n|start\n|switch|p1a: The Deathdealing|Sneasler, L50, M|100/100\n|switch|p1b: The Almighty|Kingambit, L50, M|100/100\n|switch|p2a: Vivillon|Vivillon-Garden, L50, F|100/100\n|switch|p2b: Araquanid|Araquanid, L50, F, shiny|100/100\n|turn|1\n|inactive|EPL Lane has 30 seconds left.\n|inactive|EPL Lane has 20 seconds left.\n|inactive|EPL Lane has 15 seconds left.\n|\n|t:|1788394737\n|move|p1a: The Deathdealing|Fake Out|p2a: Vivillon\n|-damage|p2a: Vivillon|83/100\n|cant|p2a: Vivillon|flinch\n|move|p1b: The Almighty|Kowtow Cleave|p2b: Araquanid\n|-damage|p2b: Araquanid|36/100\n|move|p2b: Araquanid|Liquidation|p1b: The Almighty\n|-damage|p1b: The Almighty|50/100g\n|\n|upkeep\n|turn|2\n|inactive|element111 has 30 seconds left.\n|inactive|EPL Lane has 30 seconds left.\n|inactive|element111 has 20 seconds left.\n|\n|t:|1788394776\n|move|p2a: Vivillon|Sleep Powder|p1b: The Almighty\n|-status|p1b: The Almighty|slp|[from] move: Sleep Powder\n|move|p1a: The Deathdealing|Dire Claw|p2b: Araquanid\n|-damage|p2b: Araquanid|0 fnt\n|faint|p2b: Araquanid\n|cant|p1b: The Almighty|slp\n|\n|upkeep\n|\n|t:|1788394790\n|switch|p2b: Pyroar|Pyroar, L50, M, shiny|100/100\n|-ability|p2b: Pyroar|Unnerve\n|turn|3\n|\n|t:|1788394805\n|detailschange|p2b: Pyroar|Pyroar-Mega, L50, M, shiny\n|-mega|p2b: Pyroar|Pyroar|Pyroarite\n|move|p1a: The Deathdealing|Protect|p1a: The Deathdealing\n|-singleturn|p1a: The Deathdealing|Protect\n|cant|p1b: The Almighty|slp\n|move|p2a: Vivillon|Sleep Powder|p1a: The Deathdealing\n|-activate|p1a: The Deathdealing|move: Protect\n|move|p2b: Pyroar|Heat Wave|p1a: The Deathdealing|[spread] p1b\n|-activate|p1a: The Deathdealing|move: Protect\n|-supereffective|p1b: The Almighty|1\n|-damage|p1b: The Almighty|0 fnt\n|faint|p1b: The Almighty\n|\n|upkeep\n|\n|t:|1788394821\n|switch|p1b: The Miracle|Basculegion, L50, M|100/100\n|turn|4\n|\n|t:|1788394830\n|switch|p2a: Scrafty|Scrafty, L50, F|100/100\n|-ability|p2a: Scrafty|Intimidate|boost\n|-unboost|p1a: The Deathdealing|atk|1\n|-unboost|p1b: The Miracle|atk|1\n|-enditem|p1a: The Deathdealing|White Herb\n|-clearnegativeboost|p1a: The Deathdealing|[silent]\n|move|p2b: Pyroar|Protect|p2b: Pyroar\n|-singleturn|p2b: Pyroar|Protect\n|move|p1a: The Deathdealing|Close Combat|p2b: Pyroar\n|-activate|p2b: Pyroar|move: Protect\n|move|p1b: The Miracle|Last Respects|p2a: Scrafty\n|-resisted|p2a: Scrafty|1\n|-damage|p2a: Scrafty|77/100\n|-damage|p1b: The Miracle|90/100|[from] item: Life Orb\n|\n|upkeep\n|turn|5\n|inactive|EPL Lane has 30 seconds left.\n|inactive|EPL Lane has 20 seconds left.\n|inactive|EPL Lane has 15 seconds left.\n|inactive|EPL Lane has 10 seconds left.\n|\n|t:|1788394878\n|switch|p2b: Vivillon|Vivillon-Garden, L50, F|83/100\n|move|p1a: The Deathdealing|Protect|p1a: The Deathdealing\n|-singleturn|p1a: The Deathdealing|Protect\n|move|p2a: Scrafty|Fake Out|p1a: The Deathdealing\n|-activate|p1a: The Deathdealing|move: Protect\n|move|p1b: The Miracle|Wave Crash|p2b: Vivillon\n|-damage|p2b: Vivillon|0 fnt\n|faint|p2b: Vivillon\n|-damage|p1b: The Miracle|64/100|[from] Recoil\n|-damage|p1b: The Miracle|54/100|[from] item: Life Orb\n|\n|upkeep\n|\n|t:|1788394890\n|switch|p2b: Pyroar|Pyroar-Mega, L50, M, shiny|100/100\n|turn|6\n|inactive|EPL Lane has 30 seconds left.\n|\n|t:|1788394920\n|switch|p1b: The Antithesis|Froslass, L50, F|100/100\n|move|p1a: The Deathdealing|Close Combat|p2a: Scrafty\n|-supereffective|p2a: Scrafty|1\n|-damage|p2a: Scrafty|0 fnt\n|-unboost|p1a: The Deathdealing|def|1\n|-unboost|p1a: The Deathdealing|spd|1\n|faint|p2a: Scrafty\n|move|p2b: Pyroar|Overheat|p1b: The Antithesis\n|-supereffective|p1b: The Antithesis|1\n|-damage|p1b: The Antithesis|0 fnt\n|-unboost|p2b: Pyroar|spa|2\n|faint|p1b: The Antithesis\n|\n|upkeep\n|\n|t:|1788394930\n|switch|p1b: The Miracle|Basculegion, L50, M|54/100\n|turn|7\n|\n|t:|1788394935\n|move|p1a: The Deathdealing|Close Combat|p2b: Pyroar\n|-supereffective|p2b: Pyroar|1\n|-damage|p2b: Pyroar|0 fnt\n|-unboost|p1a: The Deathdealing|def|1\n|-unboost|p1a: The Deathdealing|spd|1\n|faint|p2b: Pyroar\n|\n|win|element111\n|raw|element111's rating: 1378 &rarr; <strong>1398</strong><br />(+20 for winning)\n|raw|EPL Lane's rating: 1372 &rarr; <strong>1352</strong><br />(-20 for losing)\n|c|☆element111|gg\n|c|☆EPL Lane|gg\n|l|☆EPL Lane\n|player|p2|\n","uploadtime":1788394946,"views":"1","formatid":"gen9championsvgc2026regmb","rating":1352,"private":0,"password":null}