{"id":"gen9championsvgc2026regmbbo3-2674065068","format":"[Gen 9 Champions] VGC 2026 Reg M-B (Bo3)","players":["DINOLONK","hilloyou"],"log":"|j|☆DINOLONK\n|j|☆hilloyou\n|html|<table width=\"100%\"><tr><td align=\"left\">DINOLONK</td><td align=\"right\">hilloyou</tr><tr><td align=\"left\"><i class=\"fa fa-circle-o\"></i> <i class=\"fa fa-circle-o\"></i> </td><td align=\"right\"><i class=\"fa fa-circle-o\"></i> <i class=\"fa fa-circle\"></i> </tr></table>\n|uhtml|bestof|<h2><strong>Game 2</strong> of <a href=\"/game-bestof3-gen9championsvgc2026regmbbo3-2674064010\">a best-of-3</a></h2>\n|t:|1788294444\n|gametype|doubles\n|player|p1|DINOLONK|parasollady-gen4|1346\n|player|p2|hilloyou|1|1254\n|gen|9\n|tier|[Gen 9 Champions] VGC 2026 Reg M-B (Bo3)\n|rated|\n|rule|Species Clause: Limit one of each Pokémon\n|rule|Item Clause: Limit 1 of each item\n|clearpoke\n|poke|p1|Dragonite, L50, M|\n|poke|p1|Sneasler, L50, M|\n|poke|p1|Kingambit, L50, F|\n|poke|p1|Basculegion, L50, M|\n|poke|p1|Whimsicott, L50, M|\n|poke|p1|Floette-Eternal, L50, F|\n|poke|p2|Dragonite, L50, M|\n|poke|p2|Sylveon, L50, F|\n|poke|p2|Sneasler, L50, M|\n|poke|p2|Metagross, L50|\n|poke|p2|Kingambit, L50, M|\n|poke|p2|Hydreigon, L50, F|\n|teampreview|4\n|showteam|p1|Dragonite||Dragoninite|InnerFocus|DragonPulse,HeatWave,Thunderbolt,Protect|Modest||M|||50|]Sneasler||WhiteHerb|Unburden|DireClaw,CloseCombat,RockSlide,FakeOut|Jolly||M|||50|]Kingambit||ChopleBerry|Defiant|KowtowCleave,SuckerPunch,LowKick,IronHead|Adamant||F|||50|]Basculegion||LifeOrb|Adaptability|WaveCrash,LastRespects,AquaJet,Protect|Adamant||M|||50|]Whimsicott||FocusSash|Prankster|Moonblast,Tailwind,Encore,Protect|Timid||M|||50|]Floette-Eternal||Floettite|FlowerVeil|Moonblast,DazzlingGleam,LightofRuin,Protect|Timid||F|||50|\n|showteam|p2|Dragonite||Dragoninite|Multiscale|Protect,HeatWave,DragonPulse,ExtremeSpeed|Modest||M|||50|]Sylveon||FairyFeather|Pixilate|Protect,HyperBeam,HyperVoice,QuickAttack|Modest||F|||50|]Sneasler||FocusSash|PoisonTouch|FakeOut,Feint,PoisonJab,CloseCombat|Jolly||M|||50|]Metagross||Metagrossite|ClearBody|Protect,PsychicFangs,IronHead,StompingTantrum|Jolly|||||50|]Kingambit||ChopleBerry|Defiant|Protect,KowtowCleave,LowKick,SuckerPunch|Adamant||M|||50|]Hydreigon||ChoiceScarf|Levitate|Snarl,DarkPulse,DracoMeteor,EarthPower|Modest||F|||50|\n|inactive|Battle timer is ON: inactive players will automatically lose when time's up. (requested by DINOLONK)\n|inactive|hilloyou has 60 seconds left.\n|\n|t:|1788294482\n|teamsize|p1|4\n|teamsize|p2|4\n|start\n|switch|p1a: Dragonite|Dragonite, L50, M|100/100\n|switch|p1b: Sneasler|Sneasler, L50, M|100/100\n|switch|p2a: Metagross|Metagross, L50|100/100\n|switch|p2b: Hydreigon|Hydreigon, L50, F|100/100\n|turn|1\n|\n|t:|1788294504\n|detailschange|p2a: Metagross|Metagross-Mega, L50\n|-mega|p2a: Metagross|Metagross|Metagrossite\n|detailschange|p1a: Dragonite|Dragonite-Mega, L50, M\n|-mega|p1a: Dragonite|Dragonite|Dragoninite\n|move|p1b: Sneasler|Fake Out|p2b: Hydreigon\n|-damage|p2b: Hydreigon|82/100\n|cant|p2b: Hydreigon|flinch\n|move|p2a: Metagross|Psychic Fangs|p1b: Sneasler\n|-supereffective|p1b: Sneasler|2\n|-damage|p1b: Sneasler|0 fnt\n|faint|p1b: Sneasler\n|move|p1a: Dragonite|Heat Wave|p2b: Hydreigon|[spread] p2b\n|-miss|p1a: Dragonite|p2a: Metagross\n|-resisted|p2b: Hydreigon|1\n|-damage|p2b: Hydreigon|66/100\n|\n|upkeep\n|\n|t:|1788294516\n|switch|p1b: Kingambit|Kingambit, L50, F|100/100\n|turn|2\n|inactive|hilloyou has 30 seconds left.\n|inactive|hilloyou has 20 seconds left.\n|\n|t:|1788294553\n|move|p1a: Dragonite|Protect|p1a: Dragonite\n|-singleturn|p1a: Dragonite|Protect\n|move|p2b: Hydreigon|Draco Meteor|p1a: Dragonite\n|-activate|p1a: Dragonite|move: Protect\n|move|p2a: Metagross|Psychic Fangs|p1a: Dragonite\n|-activate|p1a: Dragonite|move: Protect\n|move|p1b: Kingambit|Low Kick|p2b: Hydreigon\n|-supereffective|p2b: Hydreigon|1\n|-damage|p2b: Hydreigon|0 fnt\n|faint|p2b: Hydreigon\n|\n|upkeep\n|\n|t:|1788294566\n|switch|p2b: Sneasler|Sneasler, L50, M|100/100\n|turn|3\n|inactive|hilloyou has 30 seconds left.\n|\n|t:|1788294594\n|move|p2b: Sneasler|Fake Out|p1a: Dragonite\n|-damage|p1a: Dragonite|93/100\n|move|p1b: Kingambit|Sucker Punch|p2a: Metagross\n|-supereffective|p2a: Metagross|1\n|-damage|p2a: Metagross|42/100\n|move|p2a: Metagross|Stomping Tantrum|p1b: Kingambit\n|-supereffective|p1b: Kingambit|1\n|-damage|p1b: Kingambit|46/100\n|cant|p1a: Dragonite|flinch\n|\n|upkeep\n|turn|4\n|\n|t:|1788294618\n|switch|p1b: Basculegion|Basculegion, L50, M|100/100\n|move|p2a: Metagross|Protect|p2a: Metagross\n|-singleturn|p2a: Metagross|Protect\n|move|p2b: Sneasler|Close Combat|p1b: Basculegion\n|-immune|p1b: Basculegion\n|move|p1a: Dragonite|Heat Wave|p2a: Metagross|[spread] p2b\n|-activate|p2a: Metagross|move: Protect\n|-damage|p2b: Sneasler|60/100\n|\n|upkeep\n|turn|5\n|inactive|hilloyou has 30 seconds left.\n|\n|t:|1788294648\n|move|p2b: Sneasler|Poison Jab|p1b: Basculegion\n|-resisted|p1b: Basculegion|1\n|-damage|p1b: Basculegion|78/100\n|-status|p1b: Basculegion|psn\n|move|p2a: Metagross|Iron Head|p1a: Dragonite\n|-damage|p1a: Dragonite|32/100\n|move|p1a: Dragonite|Heat Wave|p2a: Metagross|[spread] p2a,p2b\n|-supereffective|p2a: Metagross|1\n|-damage|p2a: Metagross|0 fnt\n|-damage|p2b: Sneasler|16/100\n|faint|p2a: Metagross\n|move|p1b: Basculegion|Last Respects|p2b: Sneasler\n|-damage|p2b: Sneasler|0 fnt\n|faint|p2b: Sneasler\n|-damage|p1b: Basculegion|68/100 psn|[from] item: Life Orb\n|\n|-damage|p1b: Basculegion|56/100 psn|[from] psn\n|upkeep\n|\n|t:|1788294666\n|switch|p2a: Kingambit|Kingambit, L50, M|100/100\n|turn|6\n|\n|t:|1788294697\n|move|p2a: Kingambit|Sucker Punch|p1a: Dragonite\n|-damage|p1a: Dragonite|0 fnt\n|faint|p1a: Dragonite\n|move|p1b: Basculegion|Wave Crash|p2a: Kingambit\n|-damage|p2a: Kingambit|24/100\n|-damage|p1b: Basculegion|30/100 psn|[from] Recoil\n|-damage|p1b: Basculegion|20/100y psn|[from] item: Life Orb\n|\n|-damage|p1b: Basculegion|8/100 psn|[from] psn\n|upkeep\n|\n|t:|1788294704\n|switch|p1a: Kingambit|Kingambit, L50, F|46/100\n|turn|7\n|\n|t:|1788294715\n|move|p2a: Kingambit|Protect|p2a: Kingambit\n|-singleturn|p2a: Kingambit|Protect\n|move|p1b: Basculegion|Aqua Jet|p2a: Kingambit\n|-activate|p2a: Kingambit|move: Protect\n|move|p1a: Kingambit|Low Kick|p2a: Kingambit\n|-activate|p2a: Kingambit|move: Protect\n|\n|-damage|p1b: Basculegion|0 fnt|[from] psn\n|faint|p1b: Basculegion\n|upkeep\n|turn|8\n|\n|t:|1788294728\n|move|p1a: Kingambit|Low Kick|p2a: Kingambit\n|-supereffective|p2a: Kingambit|2\n|-enditem|p2a: Kingambit|Chople Berry|[eat]\n|-enditem|p2a: Kingambit|Chople Berry|[weaken]\n|-damage|p2a: Kingambit|0 fnt\n|faint|p2a: Kingambit\n|\n|win|DINOLONK\n","uploadtime":1788294728,"views":"1","formatid":"gen9championsvgc2026regmbbo3","rating":null,"private":0,"password":null}