{"id":"gen9championsvgc2026regmbbo3-2673521392","format":"[Gen 9 Champions] VGC 2026 Reg M-B (Bo3)","players":["tayluhautumn","mls2395"],"log":"|j|☆tayluhautumn\n|j|☆mls2395\n|html|<table width=\"100%\"><tr><td align=\"left\">tayluhautumn</td><td align=\"right\">mls2395</tr><tr><td align=\"left\"><i class=\"fa fa-circle-o\"></i> <i class=\"fa fa-circle-o\"></i> </td><td align=\"right\"><i class=\"fa fa-circle-o\"></i> <i class=\"fa fa-circle\"></i> </tr></table>\n|uhtml|bestof|<h2><strong>Game 2</strong> of <a href=\"/game-bestof3-gen9championsvgc2026regmbbo3-2673518941\">a best-of-3</a></h2>\n|t:|1788207977\n|gametype|doubles\n|player|p1|tayluhautumn|170|1085\n|player|p2|mls2395|102|1108\n|gen|9\n|tier|[Gen 9 Champions] VGC 2026 Reg M-B (Bo3)\n|rated|\n|rule|Species Clause: Limit one of each Pokémon\n|rule|Item Clause: Limit 1 of each item\n|clearpoke\n|poke|p1|Sinistcha, L50|\n|poke|p1|Tyranitar, L50, F|\n|poke|p1|Steelix, L50, M|\n|poke|p1|Hippowdon, L50, M|\n|poke|p1|Metagross, L50|\n|poke|p1|Whimsicott, L50, M|\n|poke|p2|Incineroar, L50, M|\n|poke|p2|Samurott-Hisui, L50, F|\n|poke|p2|Sinistcha, L50|\n|poke|p2|Sneasler, L50, F|\n|poke|p2|Floette-Eternal, L50, F|\n|poke|p2|Delphox, L50, F|\n|teampreview|4\n|showteam|p1|Sinistcha||Leftovers|Hospitality|Protect,MatchaGotcha,ShadowBall,RagePowder|Bold|||||50|]Tyranitar||ExpertBelt|SandStream|Protect,RockSlide,Crunch,Earthquake|Adamant||F|||50|]Steelix||Steelixite|RockHead|Protect,IronHead,RockSlide,BodyPress|Adamant||M|||50|]Hippowdon||LifeOrb|SandStream|Protect,StoneEdge,IronHead,BodySlam|Adamant||M|||50|]Metagross||Metagrossite|ClearBody|Protect,BulletPunch,PsychoCut,Trailblaze|Jolly|||||50|]Whimsicott||SitrusBerry|Prankster|Protect,HelpingHand,Tailwind,Moonblast|Bold||M|||50|\n|showteam|p2|Incineroar||SitrusBerry|Intimidate|FakeOut,FlareBlitz,DarkestLariat,PartingShot|Careful||M|||50|]Samurott-Hisui||ChoiceScarf|Sharpness|RazorShell,NightSlash,SacredSword,FlipTurn|Jolly||F|||50|]Sinistcha||OccaBerry|Hospitality|MatchaGotcha,LifeDew,RagePowder,Protect|Relaxed|||||50|]Sneasler||FocusSash|PoisonTouch|FakeOut,CloseCombat,PoisonJab,RockSlide|Jolly||F|||50|]Floette-Eternal||Floettite|FlowerVeil|Moonblast,DazzlingGleam,CalmMind,Protect|Modest||F|||50|]Delphox||Delphoxite|Blaze|Psychic,HeatWave,NastyPlot,Protect|Timid||F|||50|\n|\n|t:|1788208012\n|teamsize|p1|4\n|teamsize|p2|4\n|start\n|switch|p1a: Hippowdon|Hippowdon, L50, M|100/100\n|switch|p1b: Whimsicott|Whimsicott, L50, M|100/100\n|switch|p2a: Samurott|Samurott-Hisui, L50, F|100/100\n|switch|p2b: Incineroar|Incineroar, L50, M|100/100\n|-ability|p2b: Incineroar|Intimidate|boost\n|-unboost|p1a: Hippowdon|atk|1\n|-unboost|p1b: Whimsicott|atk|1\n|-weather|Sandstorm|[from] ability: Sand Stream|[of] p1a: Hippowdon\n|turn|1\n|\n|t:|1788208044\n|move|p1a: Hippowdon|Protect|p1a: Hippowdon\n|-singleturn|p1a: Hippowdon|Protect\n|move|p2b: Incineroar|Fake Out|p1b: Whimsicott\n|-damage|p1b: Whimsicott|91/100\n|cant|p1b: Whimsicott|flinch\n|move|p2a: Samurott|Flip Turn|p1a: Hippowdon\n|-activate|p1a: Hippowdon|move: Protect\n|\n|-weather|Sandstorm|[upkeep]\n|-damage|p2a: Samurott|94/100|[from] Sandstorm\n|-damage|p1b: Whimsicott|85/100|[from] Sandstorm\n|-damage|p2b: Incineroar|94/100|[from] Sandstorm\n|upkeep\n|turn|2\n|\n|t:|1788208058\n|move|p2a: Samurott|Flip Turn|p1a: Hippowdon\n|-supereffective|p1a: Hippowdon|1\n|-damage|p1a: Hippowdon|62/100\n|\n|t:|1788208070\n|switch|p2a: Sneasler|Sneasler, L50, F|100/100|[from] Flip Turn\n|move|p1b: Whimsicott|Moonblast|p2a: Sneasler\n|-damage|p2a: Sneasler|63/100\n|move|p2b: Incineroar|Flare Blitz|p1b: Whimsicott\n|-supereffective|p1b: Whimsicott|1\n|-damage|p1b: Whimsicott|0 fnt\n|faint|p1b: Whimsicott\n|-damage|p2b: Incineroar|70/100|[from] Recoil\n|move|p1a: Hippowdon|Stone Edge|p2b: Incineroar\n|-supereffective|p2b: Incineroar|1\n|-damage|p2b: Incineroar|15/100\n|-enditem|p2b: Incineroar|Sitrus Berry|[eat]\n|-heal|p2b: Incineroar|40/100|[from] item: Sitrus Berry\n|-damage|p1a: Hippowdon|53/100|[from] item: Life Orb\n|\n|-weather|Sandstorm|[upkeep]\n|-damage|p2a: Sneasler|57/100|[from] Sandstorm\n|-damage|p2b: Incineroar|34/100|[from] Sandstorm\n|upkeep\n|\n|t:|1788208087\n|switch|p1b: Sinistcha|Sinistcha, L50|100/100\n|-heal|p1a: Hippowdon|77/100|[from] ability: Hospitality|[of] p1b: Sinistcha\n|turn|3\n|\n|t:|1788208108\n|move|p1b: Sinistcha|Protect|p1b: Sinistcha\n|-singleturn|p1b: Sinistcha|Protect\n|move|p2a: Sneasler|Rock Slide|p1b: Sinistcha|[spread] p1a\n|-activate|p1b: Sinistcha|move: Protect\n|-resisted|p1a: Hippowdon|1\n|-damage|p1a: Hippowdon|70/100\n|move|p2b: Incineroar|Flare Blitz|p1b: Sinistcha\n|-activate|p1b: Sinistcha|move: Protect\n|move|p1a: Hippowdon|Stone Edge|p2b: Incineroar\n|-supereffective|p2b: Incineroar|1\n|-damage|p2b: Incineroar|0 fnt\n|faint|p2b: Incineroar\n|-damage|p1a: Hippowdon|60/100|[from] item: Life Orb\n|\n|-weather|Sandstorm|[upkeep]\n|-damage|p2a: Sneasler|51/100|[from] Sandstorm\n|-damage|p1b: Sinistcha|93/100|[from] Sandstorm\n|-heal|p1b: Sinistcha|100/100|[from] item: Leftovers\n|upkeep\n|\n|t:|1788208131\n|switch|p2b: Delphox|Delphox, L50, F|100/100\n|turn|4\n|\n|t:|1788208150\n|detailschange|p2b: Delphox|Delphox-Mega, L50, F\n|-mega|p2b: Delphox|Delphox|Delphoxite\n|move|p2b: Delphox|Heat Wave|p1a: Hippowdon|[spread] p1a,p1b\n|-crit|p1a: Hippowdon\n|-supereffective|p1b: Sinistcha|1\n|-damage|p1a: Hippowdon|1/100\n|-damage|p1b: Sinistcha|8/100\n|move|p2a: Sneasler|Poison Jab|p1a: Hippowdon\n|-resisted|p1a: Hippowdon|1\n|-damage|p1a: Hippowdon|0 fnt\n|faint|p1a: Hippowdon\n|move|p1b: Sinistcha|Shadow Ball|p2b: Delphox\n|-supereffective|p2b: Delphox|1\n|-damage|p2b: Delphox|36/100\n|-unboost|p2b: Delphox|spd|1\n|\n|-weather|Sandstorm|[upkeep]\n|-damage|p2b: Delphox|30/100|[from] Sandstorm\n|-damage|p2a: Sneasler|46/100|[from] Sandstorm\n|-damage|p1b: Sinistcha|2/100|[from] Sandstorm\n|-heal|p1b: Sinistcha|8/100|[from] item: Leftovers\n|upkeep\n|\n|t:|1788208166\n|switch|p1a: Steelix|Steelix, L50, M|100/100\n|turn|5\n|\n|t:|1788208195\n|detailschange|p1a: Steelix|Steelix-Mega, L50, M\n|-mega|p1a: Steelix|Steelix|Steelixite\n|move|p2b: Delphox|Heat Wave|p1b: Sinistcha|[spread] p1a,p1b\n|-supereffective|p1a: Steelix|1\n|-supereffective|p1b: Sinistcha|1\n|-damage|p1a: Steelix|10/100\n|-damage|p1b: Sinistcha|0 fnt\n|-status|p1a: Steelix|brn\n|faint|p1b: Sinistcha\n|move|p2a: Sneasler|Close Combat|p1a: Steelix\n|-supereffective|p1a: Steelix|1\n|-damage|p1a: Steelix|0 fnt\n|-unboost|p2a: Sneasler|def|1\n|-unboost|p2a: Sneasler|spd|1\n|faint|p1a: Steelix\n|\n|win|mls2395\n|raw|tayluhautumn's rating: 1085 &rarr; <strong>1064</strong><br />(-21 for losing)\n|raw|mls2395's rating: 1108 &rarr; <strong>1131</strong><br />(+23 for winning)\n|l|☆tayluhautumn\n|player|p1|\n|c|☆mls2395|gg\n","uploadtime":1788208214,"views":"0","formatid":"gen9championsvgc2026regmbbo3","rating":1064,"private":0,"password":null}