{"id":"gen9championsvgc2026regmb-2675017482","format":"[Gen 9 Champions] VGC 2026 Reg M-B","players":["MercyViper","gavve"],"log":"|j|☆MercyViper\n|j|☆gavve\n|html|<table width=\"100%\"><tr><td align=\"left\">MercyViper</td><td align=\"right\">gavve</tr><tr><td align=\"left\"><i class=\"fa fa-circle\"></i> <i class=\"fa fa-circle-o\"></i> </td><td align=\"right\"><i class=\"fa fa-circle-o\"></i> <i class=\"fa fa-circle\"></i> </tr></table>\n|uhtml|bestof|<h2><strong>Game 3</strong> of <a href=\"/game-bestof3-gen9championsvgc2026regmb-2675012046\">a best-of-3</a></h2>\n|t:|1788449187\n|gametype|doubles\n|player|p1|MercyViper|bugcatcher-gen4dp|\n|player|p2|gavve|unknown|\n|gen|9\n|tier|[Gen 9 Champions] VGC 2026 Reg M-B\n|rule|Species Clause: Limit one of each Pokémon\n|rule|Item Clause: Limit 1 of each item\n|raw|<div class=\"infobox\"><details class=\"readmore\" open><summary><strong>1 custom rule:</strong></summary> Best of = 3</details></div>\n|clearpoke\n|poke|p1|Metagross, L50, shiny|\n|poke|p1|Weavile, L50, F|\n|poke|p1|Noivern, L50, M|\n|poke|p1|Volcarona, L50, F|\n|poke|p1|Slowbro-Galar, L50, F|\n|poke|p1|Rotom-Heat, L50|\n|poke|p2|Slowbro, L50, M|\n|poke|p2|Steelix, L50, F|\n|poke|p2|Conkeldurr, L50, F|\n|poke|p2|Clefable, L50, M|\n|poke|p2|Goodra-Hisui, L50, M|\n|poke|p2|Stunfisk-Galar, L50, M|\n|teampreview|4\n|j| Zygard0\nMercyViper rejected open team sheets.\n|\n|t:|1788449211\n|teamsize|p1|4\n|teamsize|p2|4\n|start\n|switch|p1a: Rotom|Rotom-Heat, L50|100/100\n|switch|p1b: Weavile|Weavile, L50, F|100/100\n|switch|p2a: Arnold|Conkeldurr, L50, F|100/100\n|switch|p2b: Goat|Steelix, L50, F|100/100\n|turn|1\n|\n|t:|1788449236\n|move|p1b: Weavile|Fake Out|p2a: Arnold\n|-damage|p2a: Arnold|87/100\n|move|p1a: Rotom|Overheat|p2b: Goat\n|-supereffective|p2b: Goat|1\n|-ability|p2b: Goat|Sturdy\n|-damage|p2b: Goat|1/100\n|-unboost|p1a: Rotom|spa|2\n|-damage|p1a: Rotom|90/100|[from] item: Life Orb\n|cant|p2a: Arnold|flinch\n|move|p2b: Goat|Curse|p2b: Goat\n|-unboost|p2b: Goat|spe|1\n|-boost|p2b: Goat|atk|1\n|-boost|p2b: Goat|def|1\n|\n|upkeep\n|turn|2\n|\n|t:|1788449279\n|move|p2b: Goat|Protect|p2b: Goat\n|-singleturn|p2b: Goat|Protect\n|move|p1b: Weavile|Knock Off|p2b: Goat\n|-activate|p2b: Goat|move: Protect\n|move|p1a: Rotom|Volt Switch|p2a: Arnold\n|-damage|p2a: Arnold|60/100\n|-damage|p1a: Rotom|80/100|[from] item: Life Orb\n|\n|t:|1788449287\n|switch|p1a: Slowbro|Slowbro-Galar, L50, F|100/100|[from] Volt Switch\n|move|p2a: Arnold|Rock Slide|p1b: Weavile|[spread] p1a,p1b\n|-supereffective|p1b: Weavile|1\n|-damage|p1a: Slowbro|67/100\n|-enditem|p1b: Weavile|Focus Sash\n|-damage|p1b: Weavile|1/100\n|\n|upkeep\n|turn|3\n|\n|t:|1788449311\n|switch|p1b: Metagross|Metagross, L50, shiny|100/100\n|switch|p2b: Huggi|Clefable, L50, M|100/100\n|move|p2a: Arnold|Protect|p2a: Arnold\n|-singleturn|p2a: Arnold|Protect\n|move|p1a: Slowbro|Psychic|p2b: Huggi\n|-crit|p2b: Huggi\n|-damage|p2b: Huggi|66/100\n|\n|-heal|p2b: Huggi|72/100|[from] item: Leftovers\n|upkeep\n|turn|4\n|\n|t:|1788449346\n|detailschange|p1b: Metagross|Metagross-Mega, L50, shiny\n|-mega|p1b: Metagross|Metagross|Metagrossite\n|move|p2b: Huggi|Follow Me|p2b: Huggi\n|-singleturn|p2b: Huggi|move: Follow Me\n|move|p1b: Metagross|Iron Head|p2b: Huggi\n|-supereffective|p2b: Huggi|1\n|-damage|p2b: Huggi|0 fnt\n|faint|p2b: Huggi\n|move|p2a: Arnold|Thunder Punch|p1a: Slowbro\n|-damage|p1a: Slowbro|15/100\n|-enditem|p1a: Slowbro|Sitrus Berry|[eat]\n|-heal|p1a: Slowbro|40/100|[from] item: Sitrus Berry\n|move|p1a: Slowbro|Psychic|p2a: Arnold\n|-supereffective|p2a: Arnold|1\n|-damage|p2a: Arnold|0 fnt\n|faint|p2a: Arnold\n|\n|upkeep\n|\n|t:|1788449365\n|switch|p2b: Goat|Steelix, L50, F|1/100\n|switch|p2a: DUDE|Slowbro, L50, M|100/100\n|turn|5\n|\n|t:|1788449375\n|detailschange|p2a: DUDE|Slowbro-Mega, L50, M\n|-mega|p2a: DUDE|Slowbro|Slowbronite\n|move|p2b: Goat|Protect|p2b: Goat\n|-singleturn|p2b: Goat|Protect\n|move|p1b: Metagross|Bullet Punch|p2b: Goat\n|-activate|p2b: Goat|move: Protect\n|move|p1a: Slowbro|Yawn|p2a: DUDE\n|-start|p2a: DUDE|move: Yawn|[of] p1a: Slowbro\n|move|p2a: DUDE|Trick Room|p2a: DUDE\n|-fieldstart|move: Trick Room|[of] p2a: DUDE\n|\n|upkeep\n|turn|6\n|\n|t:|1788449408\n|move|p1b: Metagross|Bullet Punch|p2b: Goat\n|-resisted|p2b: Goat|1\n|-damage|p2b: Goat|0 fnt\n|faint|p2b: Goat\n|move|p2a: DUDE|Shadow Ball|p1b: Metagross\n|-supereffective|p1b: Metagross|1\n|-crit|p1b: Metagross\n|-damage|p1b: Metagross|29/100\n|move|p1a: Slowbro|Psychic|p2a: DUDE\n|-resisted|p2a: DUDE|1\n|-damage|p2a: DUDE|86/100\n|\n|-end|p2a: DUDE|move: Yawn|[silent]\n|-status|p2a: DUDE|slp\n|upkeep\n|turn|7\n|\n|t:|1788449429\n|-heal|p1a: Slowbro|73/100|[from] ability: Regenerator|[silent]\n|switch|p1a: Rotom|Rotom-Heat, L50|80/100\n|cant|p2a: DUDE|slp\n|move|p1b: Metagross|Psychic Fangs|p2a: DUDE\n|-resisted|p2a: DUDE|1\n|-damage|p2a: DUDE|63/100 slp\n|\n|upkeep\n|turn|8\n|\n|t:|1788449440\n|-curestatus|p2a: DUDE|slp|[msg]\n|move|p2a: DUDE|Muddy Water|p1a: Rotom|[spread] p1a,p1b\n|-supereffective|p1a: Rotom|1\n|-damage|p1a: Rotom|8/100\n|-damage|p1b: Metagross|0 fnt\n|faint|p1b: Metagross\n|move|p1a: Rotom|Thunderbolt|p2a: DUDE\n|-supereffective|p2a: DUDE|1\n|-damage|p2a: DUDE|0 fnt\n|faint|p2a: DUDE\n|-damage|p1a: Rotom|0 fnt|[from] item: Life Orb\n|faint|p1a: Rotom\n|\n|win|MercyViper\n","uploadtime":1788449459,"views":"8","formatid":"gen9championsvgc2026regmb","rating":null,"private":0,"password":null}