{"id":"gen9championsvgc2026regmb-2674899911","format":"[Gen 9 Champions] VGC 2026 Reg M-B","players":["Soda_Machine4","Thornlace48812"],"log":"|j|☆Soda_Machine4\n|j|☆Thornlace48812\n|t:|1788432221\n|gametype|doubles\n|player|p1|Soda_Machine4|roxie|1365\n|player|p2|Thornlace48812|102|1281\n|gen|9\n|tier|[Gen 9 Champions] VGC 2026 Reg M-B\n|rated|\n|rule|Species Clause: Limit one of each Pokémon\n|rule|Item Clause: Limit 1 of each item\n|clearpoke\n|poke|p1|Hawlucha, L50, F|\n|poke|p1|Raichu, L50, F|\n|poke|p1|Kingambit, L50, M|\n|poke|p1|Whimsicott, L50, M|\n|poke|p1|Incineroar, L50, M|\n|poke|p1|Farigiraf, L50, M|\n|poke|p2|Garchomp, L50, M|\n|poke|p2|Charizard, L50, F|\n|poke|p2|Whimsicott, L50, F|\n|poke|p2|Sylveon, L50, M|\n|poke|p2|Kingambit, L50, F|\n|poke|p2|Basculegion, L50, M|\n|teampreview|4\n|inactive|Battle timer is ON: inactive players will automatically lose when time's up. (requested by Thornlace48812)\nThornlace48812 rejected open team sheets.\n|inactive|Soda_Machine4 has 60 seconds left.\n|inactive|Soda_Machine4 has 30 seconds left.\n|\n|t:|1788432291\n|teamsize|p1|4\n|teamsize|p2|4\n|start\n|switch|p1a: Hawlucha|Hawlucha, L50, F|100/100\n|switch|p1b: Raichu|Raichu, L50, F|100/100\n|switch|p2a: Charizard|Charizard, L50, F|100/100\n|switch|p2b: Basculegion|Basculegion, L50, M|100/100\n|turn|1\n|\n|t:|1788432313\n|move|p1a: Hawlucha|Detect|p1a: Hawlucha\n|-singleturn|p1a: Hawlucha|Protect\n|move|p1b: Raichu|Protect|p1b: Raichu\n|-singleturn|p1b: Raichu|Protect\n|move|p2a: Charizard|Protect|p2a: Charizard\n|-singleturn|p2a: Charizard|Protect\n|move|p2b: Basculegion|Last Respects|p1b: Raichu\n|-activate|p1b: Raichu|move: Protect\n|\n|upkeep\n|turn|2\n|\n|t:|1788432334\n|detailschange|p1a: Hawlucha|Hawlucha-Mega, L50, F\n|-mega|p1a: Hawlucha|Hawlucha|Hawluchanite\n|detailschange|p2a: Charizard|Charizard-Mega-Y, L50, F\n|-mega|p2a: Charizard|Charizard|Charizardite Y\n|-weather|SunnyDay|[from] ability: Drought|[of] p2a: Charizard\n|move|p1a: Hawlucha|Entrainment|p2a: Charizard\n|-ability|p2a: Charizard|No Guard|Drought|[from] move: Entrainment|[of] p1a: Hawlucha\n|move|p1b: Raichu|Zap Cannon|p2a: Charizard\n|-supereffective|p2a: Charizard|1\n|-damage|p2a: Charizard|1/100\n|-status|p2a: Charizard|par\n|move|p2b: Basculegion|Last Respects|p1b: Raichu\n|-damage|p1b: Raichu|20/100r\n|move|p2a: Charizard|Heat Wave|p1a: Hawlucha|[spread] p1a,p1b\n|-damage|p1a: Hawlucha|28/100\n|-damage|p1b: Raichu|0 fnt\n|-status|p1a: Hawlucha|brn\n|faint|p1b: Raichu\n|\n|-weather|SunnyDay|[upkeep]\n|-damage|p1a: Hawlucha|22/100 brn|[from] brn\n|upkeep\n|c|☆Soda_Machine4|Amazing\n|inactive|Soda_Machine4 has 30 seconds left.\n|\n|t:|1788432363\n|switch|p1b: Incineroar|Incineroar, L50, M|100/100\n|-ability|p1b: Incineroar|Intimidate|boost\n|-unboost|p2a: Charizard|atk|1\n|-unboost|p2b: Basculegion|atk|1\n|turn|3\n|\n|t:|1788432376\n|switch|p1a: Farigiraf|Farigiraf, L50, M|100/100\n|move|p2a: Charizard|Protect|p2a: Charizard\n|-singleturn|p2a: Charizard|Protect\n|move|p1b: Incineroar|Fake Out|p2a: Charizard\n|-activate|p2a: Charizard|move: Protect\n|move|p2b: Basculegion|Last Respects|p1a: Farigiraf\n|-immune|p1a: Farigiraf\n|\n|-weather|SunnyDay|[upkeep]\n|upkeep\n|turn|4\n|\n|t:|1788432401\n|move|p1a: Farigiraf|Protect|p1a: Farigiraf\n|-singleturn|p1a: Farigiraf|Protect\n|move|p1b: Incineroar|Throat Chop|p2a: Charizard\n|-damage|p2a: Charizard|0 fnt\n|faint|p2a: Charizard\n|move|p2b: Basculegion|Last Respects|p1b: Incineroar\n|-resisted|p1b: Incineroar|1\n|-damage|p1b: Incineroar|78/100\n|\n|-weather|SunnyDay|[upkeep]\n|upkeep\n|\n|t:|1788432402\n|switch|p2a: Kingambit|Kingambit, L50, F|100/100\n|-activate|p2a: Kingambit|ability: Supreme Overlord\n|-start|p2a: Kingambit|fallen1|[silent]\n|turn|5\n|inactive|Soda_Machine4 has 30 seconds left.\n|\n|t:|1788432431\n|move|p1a: Farigiraf|Ally Switch|p1a: Farigiraf\n|swap|p1a: Farigiraf|1|[from] move: Ally Switch\n|move|p1a: Incineroar|Throat Chop|p2b: Basculegion\n|-supereffective|p2b: Basculegion|1\n|-damage|p2b: Basculegion|33/100\n|-start|p2b: Basculegion|Throat Chop|[silent]\n|move|p2b: Basculegion|Last Respects|p1b: Farigiraf\n|-immune|p1b: Farigiraf\n|move|p2a: Kingambit|Kowtow Cleave|p1a: Incineroar\n|-resisted|p1a: Incineroar|1\n|-damage|p1a: Incineroar|47/100\n|-enditem|p1a: Incineroar|Sitrus Berry|[eat]\n|-heal|p1a: Incineroar|72/100|[from] item: Sitrus Berry\n|\n|-weather|SunnyDay|[upkeep]\n|upkeep\n|turn|6\n|inactive|Soda_Machine4 has 30 seconds left.\n|\n|t:|1788432457\n|move|p1a: Incineroar|Flare Blitz|p2a: Kingambit\n|-supereffective|p2a: Kingambit|1\n|-damage|p2a: Kingambit|0 fnt\n|faint|p2a: Kingambit\n|-end|p2a: Kingambit|fallen1|[silent]\n|-damage|p1a: Incineroar|43/100|[from] Recoil\n|move|p2b: Basculegion|Last Respects|p1a: Incineroar\n|-resisted|p1a: Incineroar|1\n|-damage|p1a: Incineroar|12/100\n|move|p1b: Farigiraf|Hyper Beam|p2b: Basculegion\n|-immune|p2b: Basculegion\n|\n|-weather|none\n|-end|p2b: Basculegion|Throat Chop|[silent]\n|upkeep\n|\n|t:|1788432458\n|switch|p2a: Garchomp|Garchomp, L50, M|100/100\n|turn|7\n|\n|t:|1788432483\n|switch|p1a: Hawlucha|Hawlucha-Mega, L50, F|22/100 brn\n|move|p2a: Garchomp|Rock Slide|p1b: Farigiraf|[spread] p1a,p1b\n|-crit|p1a: Hawlucha\n|-damage|p1a: Hawlucha|0 fnt\n|-damage|p1b: Farigiraf|71/100\n|faint|p1a: Hawlucha\n|-damage|p2a: Garchomp|90/100|[from] item: Life Orb\n|move|p2b: Basculegion|Last Respects|p1b: Farigiraf\n|-immune|p1b: Farigiraf\n|move|p1b: Farigiraf|Hyper Beam|p2a: Garchomp|[miss]\n|-miss|p1b: Farigiraf|p2a: Garchomp\n|\n|-heal|p1b: Farigiraf|77/100|[from] item: Leftovers\n|upkeep\n|\n|t:|1788432500\n|switch|p1a: Incineroar|Incineroar, L50, M|12/100\n|-ability|p1a: Incineroar|Intimidate|boost\n|-unboost|p2a: Garchomp|atk|1\n|-unboost|p2b: Basculegion|atk|1\n|turn|8\n|\n|t:|1788432514\n|move|p1a: Incineroar|Fake Out|p2a: Garchomp\n|-damage|p2a: Garchomp|79/100\n|-damage|p1a: Incineroar|0 fnt|[from] ability: Rough Skin|[of] p2a: Garchomp\n|faint|p1a: Incineroar\n|cant|p2a: Garchomp|flinch\n|move|p2b: Basculegion|Last Respects|p1b: Farigiraf\n|-immune|p1b: Farigiraf\n|move|p1b: Farigiraf|Hyper Beam|p2a: Garchomp\n|-damage|p2a: Garchomp|0 fnt\n|-mustrecharge|p1b: Farigiraf\n|faint|p2a: Garchomp\n|\n|-heal|p1b: Farigiraf|83/100|[from] item: Leftovers\n|upkeep\n|turn|9\n|c|☆Soda_Machine4|Well well well\n|\n|t:|1788432536\n|move|p2b: Basculegion|Last Respects|p1b: Farigiraf\n|-immune|p1b: Farigiraf\n|cant|p1b: Farigiraf|recharge\n|\n|-heal|p1b: Farigiraf|90/100|[from] item: Leftovers\n|upkeep\n|turn|10\n|\n|t:|1788432544\n|move|p2b: Basculegion|Last Respects|p1b: Farigiraf\n|-immune|p1b: Farigiraf\n|move|p1b: Farigiraf|Trick Room|p1b: Farigiraf\n|-fieldstart|move: Trick Room|[of] p1b: Farigiraf\n|\n|-heal|p1b: Farigiraf|96/100|[from] item: Leftovers\n|upkeep\n|turn|11\n|\n|t:|1788432553\n|move|p1b: Farigiraf|Ally Switch||[still]\n|-fail|p1b: Farigiraf|move: Ally Switch\n|move|p2b: Basculegion|Last Respects|p1b: Farigiraf\n|-immune|p1b: Farigiraf\n|\n|-heal|p1b: Farigiraf|100/100|[from] item: Leftovers\n|upkeep\n|turn|12\n|\n|t:|1788432561\n|move|p1b: Farigiraf|Ally Switch||[still]\n|-fail|p1b: Farigiraf\n|move|p2b: Basculegion|Last Respects|p1b: Farigiraf\n|-immune|p1b: Farigiraf\n|\n|upkeep\n|turn|13\n|\n|t:|1788432567\n|move|p1b: Farigiraf|Ally Switch||[still]\n|-fail|p1b: Farigiraf|move: Ally Switch\n|move|p2b: Basculegion|Wave Crash|p1b: Farigiraf\n|-damage|p1b: Farigiraf|43/100\n|-damage|p2b: Basculegion|13/100|[from] Recoil\n|\n|-heal|p1b: Farigiraf|49/100|[from] item: Leftovers\n|upkeep\n|turn|14\n|\n|t:|1788432576\n|move|p1b: Farigiraf|Protect|p1b: Farigiraf\n|-singleturn|p1b: Farigiraf|Protect\n|move|p2b: Basculegion|Aqua Jet||[still]\n|cant|p1b: Farigiraf|ability: Armor Tail|Aqua Jet|[of] p2b: Basculegion\n|\n|-heal|p1b: Farigiraf|55/100|[from] item: Leftovers\n|-fieldend|move: Trick Room\n|upkeep\n|turn|15\n|\n|t:|1788432586\n|move|p1b: Farigiraf|Protect||[still]\n|-fail|p1b: Farigiraf\n|move|p2b: Basculegion|Wave Crash|p1b: Farigiraf\n|-damage|p1b: Farigiraf|0 fnt\n|faint|p1b: Farigiraf\n|-damage|p2b: Basculegion|0 fnt|[from] Recoil\n|faint|p2b: Basculegion\n|\n|win|Thornlace48812\n|raw|Soda_Machine4's rating: 1365 &rarr; <strong>1341</strong><br />(-24 for losing)\n|raw|Thornlace48812's rating: 1296 &rarr; <strong>1326</strong><br />(+30 for winning)\n|l|☆Thornlace48812\n|player|p2|\n","uploadtime":1788432586,"views":"4","formatid":"gen9championsvgc2026regmb","rating":1326,"private":0,"password":null}