{"id":"gen9championsvgc2026regmbbo3-2674785015","format":"[Gen 9 Champions] VGC 2026 Reg M-B (Bo3)","players":["bernardomgj","VTGTries"],"log":"|j|☆bernardomgj\n|j|☆VTGTries\n|html|<table width=\"100%\"><tr><td align=\"left\">bernardomgj</td><td align=\"right\">VTGTries</tr><tr><td align=\"left\"><i class=\"fa fa-circle\"></i> <i class=\"fa fa-circle-o\"></i> </td><td align=\"right\"><i class=\"fa fa-circle-o\"></i> <i class=\"fa fa-circle-o\"></i> </tr></table>\n|uhtml|bestof|<h2><strong>Game 2</strong> of <a href=\"/game-bestof3-gen9championsvgc2026regmbbo3-2674784008\">a best-of-3</a></h2>\n|t:|1788406312\n|gametype|doubles\n|player|p1|bernardomgj|265|1071\n|player|p2|VTGTries|1|1182\n|gen|9\n|tier|[Gen 9 Champions] VGC 2026 Reg M-B (Bo3)\n|rated|\n|rule|Species Clause: Limit one of each Pokémon\n|rule|Item Clause: Limit 1 of each item\n|clearpoke\n|poke|p1|Gallade, L50, M|\n|poke|p1|Staraptor, L50, M|\n|poke|p1|Mawile, L50, F|\n|poke|p1|Farigiraf, L50, M|\n|poke|p1|Lycanroc-Dusk, L50, M|\n|poke|p1|Milotic, L50, F|\n|poke|p2|Staraptor, L50, F|\n|poke|p2|Sinistcha, L50|\n|poke|p2|Whimsicott, L50, F|\n|poke|p2|Basculegion, L50, M|\n|poke|p2|Kingambit, L50, F|\n|poke|p2|Dragonite, L50, M|\n|teampreview|4\n|showteam|p1|Gallade||LifeOrb|Sharpness|LeafBlade,PsychoCut,SacredSword,Protect|Adamant||M|||50|]Staraptor||Staraptite|Intimidate|CloseCombat,DualWingbeat,Tailwind,Protect|Jolly||M|||50|]Mawile||Mawilite|Intimidate|PlayRough,IronHead,SuckerPunch,Protect|Adamant||F|||50|]Farigiraf||ColburBerry|ArmorTail|Psychic,HelpingHand,TrickRoom,Protect|Calm||M|||50|]Lycanroc-Dusk||FocusSash|ToughClaws|Accelerock,CloseCombat,IronHead,Protect|Jolly||M|||50|]Milotic||Leftovers|Competitive|Scald,IceBeam,Recover,Protect|Bold||F|||50|\n|showteam|p2|Staraptor||Staraptite|Intimidate|CloseCombat,BraveBird,QuickAttack,Tailwind|Adamant||F|||50|]Sinistcha||LifeOrb|Hospitality|MatchaGotcha,ShadowBall,RagePowder,TrickRoom|Modest|||||50|]Whimsicott||FocusSash|Prankster|Moonblast,Tailwind,Encore,Protect|Timid||F|||50|]Basculegion||ChoiceScarf|Adaptability|WaveCrash,LastRespects,FlipTurn,AquaJet|Jolly||M|||50|]Kingambit||BlackGlasses|Defiant|KowtowCleave,SuckerPunch,IronHead,Protect|Adamant||F|||50|]Dragonite||Dragoninite|Multiscale|DragonPulse,HeatWave,ExtremeSpeed,Roost|Modest||M|||50|\n|\n|t:|1788406332\n|teamsize|p1|4\n|teamsize|p2|4\n|start\n|switch|p1a: Milotic|Milotic, L50, F|100/100\n|switch|p1b: Staraptor|Staraptor, L50, M|100/100\n|switch|p2a: Staraptor|Staraptor, L50, F|100/100\n|switch|p2b: Kingambit|Kingambit, L50, F|100/100\n|-ability|p1b: Staraptor|Intimidate|boost\n|-unboost|p2a: Staraptor|atk|1\n|-unboost|p2b: Kingambit|atk|1\n|-ability|p2b: Kingambit|Defiant|boost\n|-boost|p2b: Kingambit|atk|2\n|-ability|p2a: Staraptor|Intimidate|boost\n|-unboost|p1a: Milotic|atk|1\n|-ability|p1a: Milotic|Competitive|boost\n|-boost|p1a: Milotic|spa|2\n|-unboost|p1b: Staraptor|atk|1\n|turn|1\n|\n|t:|1788406352\n|detailschange|p2a: Staraptor|Staraptor-Mega, L50, F\n|-mega|p2a: Staraptor|Staraptor|Staraptite\n|move|p2b: Kingambit|Protect|p2b: Kingambit\n|-singleturn|p2b: Kingambit|Protect\n|move|p1b: Staraptor|Close Combat|p2b: Kingambit\n|-activate|p2b: Kingambit|move: Protect\n|move|p2a: Staraptor|Close Combat|p1a: Milotic\n|-damage|p1a: Milotic|60/100\n|-boost|p2a: Staraptor|def|1\n|-boost|p2a: Staraptor|spd|1\n|move|p1a: Milotic|Ice Beam|p2a: Staraptor\n|-supereffective|p2a: Staraptor|1\n|-damage|p2a: Staraptor|38/100\n|-status|p2a: Staraptor|frz\n|\n|-heal|p1a: Milotic|66/100|[from] item: Leftovers\n|upkeep\n|turn|2\n|\n|t:|1788406375\n|move|p2b: Kingambit|Sucker Punch|p1a: Milotic\n|-damage|p1a: Milotic|1/100\n|move|p1b: Staraptor|Tailwind|p1b: Staraptor\n|-sidestart|p1: bernardomgj|move: Tailwind\n|move|p1a: Milotic|Scald|p2b: Kingambit\n|-damage|p2b: Kingambit|24/100\n|-status|p2b: Kingambit|brn\n|cant|p2a: Staraptor|frz\n|\n|-heal|p1a: Milotic|7/100|[from] item: Leftovers\n|-damage|p2b: Kingambit|19/100 brn|[from] brn\n|upkeep\n|turn|3\n|\n|t:|1788406394\n|move|p2b: Kingambit|Protect|p2b: Kingambit\n|-singleturn|p2b: Kingambit|Protect\n|cant|p2a: Staraptor|frz\n|move|p1b: Staraptor|Dual Wingbeat|p2a: Staraptor\n|-supereffective|p2a: Staraptor|1\n|-damage|p2a: Staraptor|21/100 frz\n|-supereffective|p2a: Staraptor|1\n|-damage|p2a: Staraptor|5/100 frz\n|-hitcount|p2a: Staraptor|2\n|move|p1a: Milotic|Recover|p1a: Milotic\n|-heal|p1a: Milotic|57/100\n|\n|-heal|p1a: Milotic|63/100|[from] item: Leftovers\n|-damage|p2b: Kingambit|13/100 brn|[from] brn\n|upkeep\n|turn|4\n|\n|t:|1788406412\n|move|p2b: Kingambit|Sucker Punch||[still]\n|-fail|p2b: Kingambit\n|move|p1b: Staraptor|Close Combat|p2b: Kingambit\n|-supereffective|p2b: Kingambit|2\n|-damage|p2b: Kingambit|0 fnt\n|-unboost|p1b: Staraptor|def|1\n|-unboost|p1b: Staraptor|spd|1\n|faint|p2b: Kingambit\n|move|p1a: Milotic|Recover|p1a: Milotic\n|-heal|p1a: Milotic|100/100\n|-curestatus|p2a: Staraptor|frz|[msg]\n|move|p2a: Staraptor|Tailwind|p2a: Staraptor\n|-sidestart|p2: VTGTries|move: Tailwind\n|\n|upkeep\n|\n|t:|1788406426\n|switch|p2b: Whimsicott|Whimsicott, L50, F|100/100\n|turn|5\n|\n|t:|1788406432\n|switch|p2a: Basculegion|Basculegion, L50, M|100/100\n|move|p1a: Milotic|Protect|p1a: Milotic\n|-singleturn|p1a: Milotic|Protect\n|move|p2b: Whimsicott|Encore|p1b: Staraptor\n|-start|p1b: Staraptor|Encore\n|move|p1b: Staraptor|Close Combat|p2b: Whimsicott\n|-resisted|p2b: Whimsicott|1\n|-damage|p2b: Whimsicott|84/100\n|-unboost|p1b: Staraptor|def|1\n|-unboost|p1b: Staraptor|spd|1\n|\n|-sideend|p1: bernardomgj|move: Tailwind\n|upkeep\n|turn|6\n|\n|t:|1788406448\n|switch|p1b: Mawile|Mawile, L50, F|100/100\n|-ability|p1b: Mawile|Intimidate|boost\n|-unboost|p2a: Basculegion|atk|1\n|-unboost|p2b: Whimsicott|atk|1\n|move|p2b: Whimsicott|Encore|p1a: Milotic\n|-start|p1a: Milotic|Encore\n|move|p1a: Milotic|Protect||[still]\n|-fail|p1a: Milotic\n|move|p2a: Basculegion|Last Respects|p1b: Mawile\n|-damage|p1b: Mawile|34/100\n|\n|upkeep\n|turn|7\n|\n|t:|1788406470\n|switch|p2a: Staraptor|Staraptor-Mega, L50, F|5/100\n|switch|p1a: Staraptor|Staraptor, L50, M|100/100\n|-ability|p1a: Staraptor|Intimidate|boost\n|-boost|p2a: Staraptor|atk|1\n|-unboost|p2b: Whimsicott|atk|1\n|detailschange|p1b: Mawile|Mawile-Mega, L50, F\n|-mega|p1b: Mawile|Mawile|Mawilite\n|move|p2b: Whimsicott|Moonblast|p1b: Mawile\n|-resisted|p1b: Mawile|1\n|-damage|p1b: Mawile|13/100\n|move|p1b: Mawile|Play Rough|p2b: Whimsicott\n|-damage|p2b: Whimsicott|0 fnt\n|faint|p2b: Whimsicott\n|\n|-sideend|p2: VTGTries|move: Tailwind\n|upkeep\n|\n|t:|1788406483\n|switch|p2b: Basculegion|Basculegion, L50, M|100/100\n|turn|8\n|\n|t:|1788406496\n|move|p2b: Basculegion|Aqua Jet|p1b: Mawile\n|-damage|p1b: Mawile|0 fnt\n|faint|p1b: Mawile\n|move|p1a: Staraptor|Dual Wingbeat|p2a: Staraptor\n|-supereffective|p2a: Staraptor|1\n|-damage|p2a: Staraptor|0 fnt\n|faint|p2a: Staraptor\n|-hitcount|p2: Staraptor|1\n|\n|upkeep\n|\n|t:|1788406504\n|switch|p1b: Gallade|Gallade, L50, M|100/100\n|turn|9\n|\n|t:|1788406511\n|move|p1b: Gallade|Protect|p1b: Gallade\n|-singleturn|p1b: Gallade|Protect\n|move|p2b: Basculegion|Aqua Jet|p1b: Gallade\n|-activate|p1b: Gallade|move: Protect\n|move|p1a: Staraptor|Dual Wingbeat|p2b: Basculegion\n|-damage|p2b: Basculegion|78/100\n|-damage|p2b: Basculegion|53/100\n|-hitcount|p2b: Basculegion|2\n|\n|upkeep\n|turn|10\n|-message|VTGTries forfeited.\n|\n|win|bernardomgj\n|raw|bernardomgj's rating: 1071 &rarr; <strong>1109</strong><br />(+38 for winning)\n|raw|VTGTries's rating: 1182 &rarr; <strong>1149</strong><br />(-33 for losing)\n|l|☆VTGTries\n|player|p2|\n","uploadtime":1788406534,"views":"1","formatid":"gen9championsvgc2026regmbbo3","rating":1109,"private":0,"password":null}