{"id":"gen9championsvgc2026regmbbo3-2674691068","format":"[Gen 9 Champions] VGC 2026 Reg M-B (Bo3)","players":["hatsune p2","gundnub"],"log":"|j|☆hatsune p2\n|j|☆gundnub\n|html|<table width=\"100%\"><tr><td align=\"left\">hatsune p2</td><td align=\"right\">gundnub</tr><tr><td align=\"left\"><i class=\"fa fa-circle-o\"></i> <i class=\"fa fa-circle-o\"></i> </td><td align=\"right\"><i class=\"fa fa-circle-o\"></i> <i class=\"fa fa-circle-o\"></i> </tr></table>\n|uhtml|bestof|<h2><strong>Game 1</strong> of <a href=\"/game-bestof3-gen9championsvgc2026regmbbo3-2674691067\">a best-of-3</a></h2>\n|t:|1788391180\n|gametype|doubles\n|player|p1|hatsune p2|170|1000\n|player|p2|gundnub|pokemonranger-gen4|1070\n|gen|9\n|tier|[Gen 9 Champions] VGC 2026 Reg M-B (Bo3)\n|rated|\n|rule|Species Clause: Limit one of each Pokémon\n|rule|Item Clause: Limit 1 of each item\n|clearpoke\n|poke|p1|Charizard, L50, F|\n|poke|p1|Toxapex, L50, M|\n|poke|p1|Incineroar, L50, M|\n|poke|p1|Venusaur, L50, M|\n|poke|p1|Sylveon, L50, M|\n|poke|p1|Garchomp, L50, M|\n|poke|p2|Lycanroc-Dusk, L50, M|\n|poke|p2|Basculegion, L50, M|\n|poke|p2|Froslass, L50, F|\n|poke|p2|Scovillain, L50, M|\n|poke|p2|Kingambit, L50, F|\n|poke|p2|Sneasler, L50, F|\n|teampreview|4\n|showteam|p1|Charizard||CharizarditeY|Blaze|Protect,WeatherBall,HeatWave,AncientPower|Modest||F|||50|]Toxapex||Leftovers|Regenerator|Infestation,Toxic,WideGuard,BanefulBunker|Bold||M|||50|]Incineroar||SitrusBerry|Intimidate|FlareBlitz,Protect,PartingShot,FakeOut|Careful||M|||50|]Venusaur||LifeOrb|Chlorophyll|LeafStorm,SludgeBomb,EarthPower,Protect|Modest||M|||50|]Sylveon||FairyFeather|Pixilate|HyperVoice,Yawn,QuickAttack,Detect|Modest||M|||50|]Garchomp||ChoiceScarf|RoughSkin|DragonClaw,StompingTantrum,RockSlide,Earthquake|Adamant||M|||50|\n|showteam|p2|Lycanroc-Dusk||FocusSash|ToughClaws|RockSlide,Accelerock,CloseCombat,Protect|Adamant||M|||50|]Basculegion||LifeOrb|Adaptability|WaveCrash,LastRespects,AquaJet,Protect|Jolly||M|||50|]Froslass||Froslassite|CursedBody|Blizzard,ShadowBall,AuroraVeil,Protect|Timid||F|||50|]Scovillain||Scovillainite|Moody|Overheat,GigaDrain,RagePowder,Protect|Bold||M|||50|]Kingambit||BlackGlasses|Defiant|SuckerPunch,KowtowCleave,SwordsDance,Protect|Adamant||F|||50|]Sneasler||WhiteHerb|Unburden|FakeOut,GunkShot,CloseCombat,Protect|Adamant||F|||50|\n|\n|t:|1788391207\n|teamsize|p1|4\n|teamsize|p2|4\n|start\n|switch|p1a: Toxapex|Toxapex, L50, M|100/100\n|switch|p1b: Sylveon|Sylveon, L50, M|100/100\n|switch|p2a: Lycanroc|Lycanroc-Dusk, L50, M|100/100\n|switch|p2b: Froslass|Froslass, L50, F|100/100\n|turn|1\n|\n|t:|1788391232\n|switch|p2a: Basculegion|Basculegion, L50, M|100/100\n|detailschange|p2b: Froslass|Froslass-Mega, L50, F\n|-mega|p2b: Froslass|Froslass|Froslassite\n|-weather|Snowscape|[from] ability: Snow Warning|[of] p2b: Froslass\n|move|p2b: Froslass|Aurora Veil|p2b: Froslass\n|-sidestart|p2: gundnub|move: Aurora Veil\n|move|p1b: Sylveon|Hyper Voice|p2a: Basculegion|[spread] p2a,p2b\n|-damage|p2a: Basculegion|64/100\n|-damage|p2b: Froslass|67/100\n|move|p1a: Toxapex|Toxic|p2b: Froslass\n|-status|p2b: Froslass|tox\n|\n|-weather|Snowscape|[upkeep]\n|-damage|p2b: Froslass|61/100 tox|[from] psn\n|upkeep\n|turn|2\n|\n|t:|1788391246\n|move|p1b: Sylveon|Detect|p1b: Sylveon\n|-singleturn|p1b: Sylveon|Protect\n|move|p2b: Froslass|Blizzard|p1b: Sylveon|[spread] p1a\n|-activate|p1b: Sylveon|move: Protect\n|-resisted|p1a: Toxapex|1\n|-damage|p1a: Toxapex|85/100\n|move|p2a: Basculegion|Wave Crash|p1b: Sylveon\n|-activate|p1b: Sylveon|move: Protect\n|move|p1a: Toxapex|Toxic|p2a: Basculegion\n|-status|p2a: Basculegion|tox\n|\n|-weather|Snowscape|[upkeep]\n|-heal|p1a: Toxapex|91/100|[from] item: Leftovers\n|-damage|p2b: Froslass|48/100 tox|[from] psn\n|-damage|p2a: Basculegion|58/100 tox|[from] psn\n|upkeep\n|turn|3\n|\n|t:|1788391257\n|-heal|p1a: Toxapex|100/100|[from] ability: Regenerator|[silent]\n|switch|p1a: Incineroar|Incineroar, L50, M|100/100\n|-ability|p1a: Incineroar|Intimidate|boost\n|-unboost|p2a: Basculegion|atk|1\n|-unboost|p2b: Froslass|atk|1\n|move|p2b: Froslass|Blizzard|p1a: Incineroar|[spread] p1a,p1b\n|-resisted|p1a: Incineroar|1\n|-damage|p1a: Incineroar|86/100\n|-damage|p1b: Sylveon|68/100\n|-status|p1b: Sylveon|frz\n|move|p2a: Basculegion|Wave Crash|p1b: Sylveon\n|-damage|p1b: Sylveon|0 fnt\n|faint|p1b: Sylveon\n|-damage|p2a: Basculegion|37/100 tox|[from] Recoil\n|-damage|p2a: Basculegion|27/100 tox|[from] item: Life Orb\n|\n|-weather|Snowscape|[upkeep]\n|-damage|p2b: Froslass|29/100 tox|[from] psn\n|-damage|p2a: Basculegion|15/100 tox|[from] psn\n|upkeep\n|\n|t:|1788391264\n|switch|p1b: Toxapex|Toxapex, L50, M|100/100\n|turn|4\n|\n|t:|1788391276\n|move|p1a: Incineroar|Protect|p1a: Incineroar\n|-singleturn|p1a: Incineroar|Protect\n|move|p2b: Froslass|Shadow Ball|p1b: Toxapex\n|-damage|p1b: Toxapex|69/100\n|move|p2a: Basculegion|Wave Crash|p1a: Incineroar\n|-activate|p1a: Incineroar|move: Protect\n|move|p1b: Toxapex|Infestation|p2b: Froslass\n|-resisted|p2b: Froslass|1\n|-damage|p2b: Froslass|28/100 tox\n|-activate|p2b: Froslass|move: Infestation|[of] p1b: Toxapex\n|\n|-weather|Snowscape|[upkeep]\n|-heal|p1b: Toxapex|75/100|[from] item: Leftovers\n|-damage|p2b: Froslass|3/100 tox|[from] psn\n|-damage|p2a: Basculegion|0 fnt|[from] psn\n|faint|p2a: Basculegion\n|-damage|p2b: Froslass|0 fnt|[from] move: Infestation|[partiallytrapped]\n|faint|p2b: Froslass\n|upkeep\n|\n|t:|1788391280\n|switch|p2b: Lycanroc|Lycanroc-Dusk, L50, M|100/100\n|switch|p2a: Kingambit|Kingambit, L50, F|100/100\n|turn|5\n|\n|t:|1788391307\n|move|p2b: Lycanroc|Close Combat|p1a: Incineroar\n|-supereffective|p1a: Incineroar|1\n|-damage|p1a: Incineroar|0 fnt\n|-unboost|p2b: Lycanroc|def|1\n|-unboost|p2b: Lycanroc|spd|1\n|faint|p1a: Incineroar\n|move|p2a: Kingambit|Swords Dance|p2a: Kingambit\n|-boost|p2a: Kingambit|atk|2\n|move|p1b: Toxapex|Toxic|p2b: Lycanroc\n|-status|p2b: Lycanroc|tox\n|\n|-weather|none\n|-heal|p1b: Toxapex|80/100|[from] item: Leftovers\n|-damage|p2b: Lycanroc|94/100 tox|[from] psn\n|-sideend|p2: gundnub|move: Aurora Veil\n|upkeep\n|\n|t:|1788391310\n|switch|p1a: Charizard|Charizard, L50, F|100/100\n|turn|6\n|\n|t:|1788391316\n|move|p1a: Charizard|Protect|p1a: Charizard\n|-singleturn|p1a: Charizard|Protect\n|move|p2b: Lycanroc|Accelerock|p1a: Charizard\n|-activate|p1a: Charizard|move: Protect\n|move|p2a: Kingambit|Kowtow Cleave|p1b: Toxapex\n|-damage|p1b: Toxapex|0 fnt\n|faint|p1b: Toxapex\n|\n|-damage|p2b: Lycanroc|82/100 tox|[from] psn\n|upkeep\n|turn|7\n|-message|hatsune p2 forfeited.\n|\n|win|gundnub\n|l|☆hatsune p2\n|player|p1|\n||gundnub is ready for game 2.\n||hatsune p2 is ready for game 2.\n|uhtml|next|Next: <a href=\"/battle-gen9championsvgc2026regmbbo3-2674692049\"><strong>Game 2 of 3</strong></a>\n","uploadtime":1788391325,"views":"0","formatid":"gen9championsvgc2026regmbbo3","rating":null,"private":0,"password":null}