{"id":"gen9championsvgc2026regmb-2674083374","format":"[Gen 9 Champions] VGC 2026 Reg M-B","players":["m3troGoonin","Sqp99"],"log":"|j|☆m3troGoonin\n|j|☆Sqp99\n|t:|1788296823\n|gametype|doubles\n|player|p1|m3troGoonin|101|1438\n|player|p2|Sqp99|2|1423\n|gen|9\n|tier|[Gen 9 Champions] VGC 2026 Reg M-B\n|rated|\n|rule|Species Clause: Limit one of each Pokémon\n|rule|Item Clause: Limit 1 of each item\n|clearpoke\n|poke|p1|Scovillain, L50, M, shiny|\n|poke|p1|Basculegion, L50, M|\n|poke|p1|Kingambit, L50, M|\n|poke|p1|Sneasler, L50, M|\n|poke|p1|Lycanroc-Dusk, L50, M|\n|poke|p1|Froslass, L50, F|\n|poke|p2|Archaludon, L50, M|\n|poke|p2|Maushold-Four, L50|\n|poke|p2|Gardevoir, L50, M|\n|poke|p2|Swampert, L50, M|\n|poke|p2|Pelipper, L50, M|\n|poke|p2|Incineroar, L50, F|\n|teampreview|4\n|inactive|Battle timer is ON: inactive players will automatically lose when time's up. (requested by Sqp99)\n|\n|t:|1788296884\n|teamsize|p1|4\n|teamsize|p2|4\n|start\n|switch|p1a: Froslass|Froslass, L50, F|100/100\n|switch|p1b: Sneasler|Sneasler, L50, M|100/100\n|switch|p2a: Swampert|Swampert, L50, M|100/100\n|switch|p2b: Pelipper|Pelipper, L50, M|100/100\n|-weather|RainDance|[from] ability: Drizzle|[of] p2b: Pelipper\n|turn|1\n|inactive|m3troGoonin has 30 seconds left.\n|\n|t:|1788296912\n|switch|p2a: Archaludon|Archaludon, L50, M|100/100\n|switch|p2b: Incineroar|Incineroar, L50, F|100/100\n|-ability|p2b: Incineroar|Intimidate|boost\n|-unboost|p1a: Froslass|atk|1\n|-unboost|p1b: Sneasler|atk|1\n|-enditem|p1b: Sneasler|White Herb\n|-clearnegativeboost|p1b: Sneasler|[silent]\n|detailschange|p1a: Froslass|Froslass-Mega, L50, F\n|-mega|p1a: Froslass|Froslass|Froslassite\n|-weather|Snowscape|[from] ability: Snow Warning|[of] p1a: Froslass\n|move|p1b: Sneasler|Close Combat|p2a: Archaludon\n|-supereffective|p2a: Archaludon|1\n|-damage|p2a: Archaludon|0 fnt\n|-unboost|p1b: Sneasler|def|1\n|-unboost|p1b: Sneasler|spd|1\n|faint|p2a: Archaludon\n|move|p1a: Froslass|Thunderbolt|p2b: Incineroar\n|-damage|p2b: Incineroar|77/100\n|\n|-weather|Snowscape|[upkeep]\n|upkeep\n|\n|t:|1788296933\n|switch|p2a: Pelipper|Pelipper, L50, M|100/100\n|-weather|RainDance|[from] ability: Drizzle|[of] p2a: Pelipper\n|turn|2\n|\n|t:|1788296954\n|move|p1b: Sneasler|Close Combat|p2b: Incineroar\n|-supereffective|p2b: Incineroar|1\n|-damage|p2b: Incineroar|0 fnt\n|-unboost|p1b: Sneasler|def|1\n|-unboost|p1b: Sneasler|spd|1\n|faint|p2b: Incineroar\n|move|p1a: Froslass|Thunderbolt|p2a: Pelipper\n|-supereffective|p2a: Pelipper|2\n|-enditem|p2a: Pelipper|Focus Sash\n|-damage|p2a: Pelipper|1/100\n|move|p2a: Pelipper|Hurricane|p1b: Sneasler\n|-supereffective|p1b: Sneasler|1\n|-crit|p1b: Sneasler\n|-damage|p1b: Sneasler|0 fnt\n|faint|p1b: Sneasler\n|\n|-weather|RainDance|[upkeep]\n|upkeep\n|\n|t:|1788296979\n|switch|p1b: Basculegion|Basculegion, L50, M|100/100\n|switch|p2b: Swampert|Swampert, L50, M|100/100\n|turn|3\n|inactive|Sqp99 has 30 seconds left.\n|inactive|Sqp99 has 20 seconds left.\n|inactive|Sqp99 has 15 seconds left.\n|\n|t:|1788297020\n|switch|p1a: Kingambit|Kingambit, L50, M|100/100\n|detailschange|p2b: Swampert|Swampert-Mega, L50, M\n|-mega|p2b: Swampert|Swampert|Swampertite\n|move|p1b: Basculegion|Protect|p1b: Basculegion\n|-singleturn|p1b: Basculegion|Protect\n|move|p2a: Pelipper|Wide Guard|p2a: Pelipper\n|-singleturn|p2a: Pelipper|Wide Guard\n|move|p2b: Swampert|Wave Crash|p1a: Kingambit\n|-damage|p1a: Kingambit|17/100\n|-damage|p2b: Swampert|70/100|[from] Recoil\n|\n|-weather|RainDance|[upkeep]\n|upkeep\n|turn|4\n|\n|t:|1788297044\n|move|p2b: Swampert|Protect|p2b: Swampert\n|-singleturn|p2b: Swampert|Protect\n|move|p1b: Basculegion|Aqua Jet|p2b: Swampert\n|-activate|p2b: Swampert|move: Protect\n|move|p1a: Kingambit|Sucker Punch||[still]\n|-fail|p1a: Kingambit\n|move|p2a: Pelipper|Tailwind|p2a: Pelipper\n|-sidestart|p2: Sqp99|move: Tailwind\n|\n|-weather|RainDance|[upkeep]\n|upkeep\n|turn|5\n|\n|t:|1788297062\n|move|p2a: Pelipper|Wide Guard|p2a: Pelipper\n|-singleturn|p2a: Pelipper|Wide Guard\n|move|p1b: Basculegion|Aqua Jet|p2b: Swampert\n|-damage|p2b: Swampert|20/100y\n|-damage|p1b: Basculegion|90/100|[from] item: Life Orb\n|move|p1a: Kingambit|Sucker Punch|p2b: Swampert\n|-damage|p2b: Swampert|0 fnt\n|faint|p2b: Swampert\n|\n|-weather|RainDance|[upkeep]\n|upkeep\n|turn|6\n|-message|Sqp99 forfeited.\n|\n|win|m3troGoonin\n|raw|m3troGoonin's rating: 1438 &rarr; <strong>1457</strong><br />(+19 for winning)\n|raw|Sqp99's rating: 1423 &rarr; <strong>1404</strong><br />(-19 for losing)\n","uploadtime":1788297082,"views":"1","formatid":"gen9championsvgc2026regmb","rating":1404,"private":0,"password":null}