{"id":"gen9championsvgc2026regmbbo3-2674088098","format":"[Gen 9 Champions] VGC 2026 Reg M-B (Bo3)","players":["takito17","humania1"],"log":"|j|☆takito17\n|j|☆humania1\n|html|<table width=\"100%\"><tr><td align=\"left\">takito17</td><td align=\"right\">humania1</tr><tr><td align=\"left\"><i class=\"fa fa-circle-o\"></i> <i class=\"fa fa-circle-o\"></i> </td><td align=\"right\"><i class=\"fa fa-circle-o\"></i> <i class=\"fa fa-circle-o\"></i> </tr></table>\n|uhtml|bestof|<h2><strong>Game 1</strong> of <a href=\"/game-bestof3-gen9championsvgc2026regmbbo3-2674088095\">a best-of-3</a></h2>\n|t:|1788297481\n|gametype|doubles\n|player|p1|takito17|ghetsis-gen5bw|1104\n|player|p2|humania1|266|1001\n|gen|9\n|tier|[Gen 9 Champions] VGC 2026 Reg M-B (Bo3)\n|rated|\n|rule|Species Clause: Limit one of each Pokémon\n|rule|Item Clause: Limit 1 of each item\n|clearpoke\n|poke|p1|Delphox, L50, M, shiny|\n|poke|p1|Floette-Eternal, L50, F|\n|poke|p1|Garchomp, L50, F, shiny|\n|poke|p1|Incineroar, L50, M, shiny|\n|poke|p1|Sinistcha, L50, shiny|\n|poke|p1|Sneasler, L50, M, shiny|\n|poke|p2|Blastoise, L50, M|\n|poke|p2|Delphox, L50, M, shiny|\n|poke|p2|Incineroar, L50, M|\n|poke|p2|Sinistcha, L50|\n|poke|p2|Sneasler, L50, M|\n|poke|p2|Vivillon, L50, F|\n|teampreview|4\n|showteam|p1|Delphox||Delphoxite|Blaze|HeatWave,Psyshock,NastyPlot,Protect|Timid||M|||50|]Floette-Eternal||Floettite|FlowerVeil|Moonblast,DrainingKiss,CalmMind,Protect|Modest||F|||50|]Garchomp||SoftSand|RoughSkin|StompingTantrum,Earthquake,RockTomb,Protect|Adamant||F|||50|]Incineroar||SitrusBerry|Intimidate|FlareBlitz,DarkestLariat,FakeOut,PartingShot|Careful||M|||50|]Sinistcha||CobaBerry|Hospitality|MatchaGotcha,RagePowder,LifeDew,TrickRoom|Bold|||||50|]Sneasler||FocusSash|Unburden|CloseCombat,DireClaw,FakeOut,QuickGuard|Jolly||M|||50|\n|showteam|p2|Blastoise||Blastoisinite|Torrent|Protect,ShellSmash,WaterSpout,DarkPulse|Modest||M|||50|]Delphox||Delphoxite|Blaze|Protect,HeatWave,Psyshock,NastyPlot|Timid||M|||50|]Incineroar||PasshoBerry|Intimidate|FakeOut,PartingShot,FlareBlitz,ThroatChop|Impish||M|||50|]Sinistcha||SitrusBerry|Hospitality|Protect,MatchaGotcha,TrickRoom,RagePowder|Bold|||||50|]Sneasler||FocusSash|PoisonTouch|QuickGuard,FakeOut,CloseCombat,DireClaw|Jolly||M|||50|]Vivillon||ChoiceScarf|CompoundEyes|Hurricane,SleepPowder,RagePowder,Uturn|Timid||F|||50|\n|inactive|Battle timer is ON: inactive players will automatically lose when time's up. (requested by humania1)\n|inactive|takito17 also wants the timer to be on.\n|inactive|takito17 has 60 seconds left.\n|\n|t:|1788297518\n|teamsize|p1|4\n|teamsize|p2|4\n|start\n|switch|p1a: Incineroar|Incineroar, L50, M, shiny|100/100\n|switch|p1b: Floette|Floette-Eternal, L50, F|100/100\n|switch|p2a: Blastoise|Blastoise, L50, M|100/100\n|switch|p2b: Incineroar|Incineroar, L50, M|100/100\n|-ability|p2b: Incineroar|Intimidate|boost\n|-unboost|p1a: Incineroar|atk|1\n|-unboost|p1b: Floette|atk|1\n|-ability|p1a: Incineroar|Intimidate|boost\n|-unboost|p2a: Blastoise|atk|1\n|-unboost|p2b: Incineroar|atk|1\n|turn|1\n|\n|t:|1788297539\n|detailschange|p2a: Blastoise|Blastoise-Mega, L50, M\n|-mega|p2a: Blastoise|Blastoise|Blastoisinite\n|detailschange|p1b: Floette|Floette-Mega, L50, F\n|-mega|p1b: Floette|Floette|Floettite\n|-ability|p1b: Floette|Fairy Aura\n|move|p2b: Incineroar|Fake Out|p1b: Floette\n|-damage|p1b: Floette|93/100\n|move|p1a: Incineroar|Fake Out|p2a: Blastoise\n|-damage|p2a: Blastoise|93/100\n|cant|p1b: Floette|flinch\n|cant|p2a: Blastoise|flinch\n|\n|upkeep\n|turn|2\n|inactive|takito17 has 30 seconds left.\n|\n|t:|1788297564\n|move|p1b: Floette|Calm Mind|p1b: Floette\n|-boost|p1b: Floette|spa|1\n|-boost|p1b: Floette|spd|1\n|move|p2a: Blastoise|Water Spout|p1b: Floette|[spread] p1a,p1b\n|-supereffective|p1a: Incineroar|1\n|-damage|p1a: Incineroar|0 fnt\n|-damage|p1b: Floette|65/100\n|faint|p1a: Incineroar\n|move|p2b: Incineroar|Throat Chop|p1b: Floette\n|-resisted|p1b: Floette|1\n|-crit|p1b: Floette\n|-damage|p1b: Floette|43/100\n|-start|p1b: Floette|Throat Chop|[silent]\n|\n|upkeep\n|\n|t:|1788297574\n|switch|p1a: Sinistcha|Sinistcha, L50, shiny|100/100\n|-heal|p1b: Floette|67/100|[from] ability: Hospitality|[of] p1a: Sinistcha\n|turn|3\n|\n|t:|1788297592\n|move|p1a: Sinistcha|Rage Powder|p1a: Sinistcha\n|-singleturn|p1a: Sinistcha|move: Rage Powder\n|move|p1b: Floette|Moonblast|p2a: Blastoise\n|-damage|p2a: Blastoise|0 fnt\n|faint|p2a: Blastoise\n|move|p2b: Incineroar|Flare Blitz|p1a: Sinistcha\n|-supereffective|p1a: Sinistcha|1\n|-damage|p1a: Sinistcha|51/100\n|-damage|p2b: Incineroar|86/100|[from] Recoil\n|\n|-end|p1b: Floette|Throat Chop|[silent]\n|upkeep\n|\n|t:|1788297592\n|switch|p2a: Sinistcha|Sinistcha, L50|100/100\n|-heal|p2b: Incineroar|100/100|[from] ability: Hospitality|[of] p2a: Sinistcha\n|turn|4\n|\n|t:|1788297608\n|move|p2a: Sinistcha|Protect|p2a: Sinistcha\n|-singleturn|p2a: Sinistcha|Protect\n|move|p1b: Floette|Moonblast|p2b: Incineroar\n|-damage|p2b: Incineroar|0 fnt\n|faint|p2b: Incineroar\n|move|p1a: Sinistcha|Life Dew|p1a: Sinistcha|[spread] p1a,p1b\n|-heal|p1a: Sinistcha|76/100\n|-heal|p1b: Floette|92/100\n|\n|upkeep\n|\n|t:|1788297608\n|switch|p2b: Sneasler|Sneasler, L50, M|100/100\n|turn|5\n|\n|t:|1788297622\n|move|p1b: Floette|Protect|p1b: Floette\n|-singleturn|p1b: Floette|Protect\n|move|p2b: Sneasler|Dire Claw|p1b: Floette\n|-activate|p1b: Floette|move: Protect\n|move|p2a: Sinistcha|Trick Room|p2a: Sinistcha\n|-fieldstart|move: Trick Room|[of] p2a: Sinistcha\n|move|p1a: Sinistcha|Trick Room|p1a: Sinistcha\n|-fieldend|move: Trick Room\n|\n|upkeep\n|turn|6\n|\n|t:|1788297637\n|move|p2a: Sinistcha|Protect|p2a: Sinistcha\n|-singleturn|p2a: Sinistcha|Protect\n|move|p1a: Sinistcha|Rage Powder|p1a: Sinistcha\n|-singleturn|p1a: Sinistcha|move: Rage Powder\n|move|p2b: Sneasler|Dire Claw|p1a: Sinistcha\n|-damage|p1a: Sinistcha|46/100\n|-status|p1a: Sinistcha|psn|[from] ability: Poison Touch|[of] p2b: Sneasler\n|move|p1b: Floette|Moonblast|p2b: Sneasler\n|-crit|p2b: Sneasler\n|-enditem|p2b: Sneasler|Focus Sash\n|-damage|p2b: Sneasler|1/100\n|\n|-damage|p1a: Sinistcha|34/100 psn|[from] psn\n|upkeep\n|turn|7\n|\n|t:|1788297655\n|move|p2b: Sneasler|Dire Claw|p1b: Floette\n|-supereffective|p1b: Floette|1\n|-damage|p1b: Floette|15/100\n|-status|p1b: Floette|slp\n|cant|p1b: Floette|slp\n|move|p1a: Sinistcha|Matcha Gotcha|p2a: Sinistcha|[spread] p2a,p2b\n|-resisted|p2a: Sinistcha|1\n|-resisted|p2b: Sneasler|1\n|-damage|p2a: Sinistcha|89/100\n|-heal|p1a: Sinistcha|39/100 psn|[from] drain|[of] p2a: Sinistcha\n|-damage|p2b: Sneasler|0 fnt\n|-heal|p1a: Sinistcha|40/100 psn|[from] drain|[of] p2b: Sneasler\n|-status|p2a: Sinistcha|brn\n|faint|p2b: Sneasler\n|move|p2a: Sinistcha|Trick Room|p2a: Sinistcha\n|-fieldstart|move: Trick Room|[of] p2a: Sinistcha\n|\n|-damage|p1a: Sinistcha|28/100 psn|[from] psn\n|-damage|p2a: Sinistcha|82/100 brn|[from] brn\n|upkeep\n|turn|8\n|inactive|takito17 has 30 seconds left.\n|\n|t:|1788297680\n|cant|p1b: Floette|slp\n|move|p2a: Sinistcha|Matcha Gotcha|p1b: Floette|[spread] p1a,p1b\n|-resisted|p1a: Sinistcha|1\n|-damage|p1a: Sinistcha|15/100 psn\n|-heal|p2a: Sinistcha|89/100 brn|[from] drain|[of] p1a: Sinistcha\n|-damage|p1b: Floette|3/100 slp\n|-heal|p2a: Sinistcha|96/100 brn|[from] drain|[of] p1b: Floette\n|move|p1a: Sinistcha|Life Dew|p1a: Sinistcha|[spread] p1a,p1b\n|-heal|p1a: Sinistcha|40/100 psn\n|-heal|p1b: Floette|28/100 slp\n|\n|-damage|p1a: Sinistcha|28/100 psn|[from] psn\n|-damage|p2a: Sinistcha|89/100 brn|[from] brn\n|upkeep\n|turn|9\n|\n|t:|1788297698\n|move|p2a: Sinistcha|Protect|p2a: Sinistcha\n|-singleturn|p2a: Sinistcha|Protect\n|move|p1a: Sinistcha|Life Dew|p1a: Sinistcha|[spread] p1a,p1b\n|-heal|p1a: Sinistcha|53/100 psn\n|-heal|p1b: Floette|53/100 slp\n|-curestatus|p1b: Floette|slp|[msg]\n|move|p1b: Floette|Draining Kiss|p2a: Sinistcha\n|-activate|p2a: Sinistcha|move: Protect\n|\n|-damage|p1a: Sinistcha|41/100 psn|[from] psn\n|-damage|p2a: Sinistcha|83/100 brn|[from] brn\n|upkeep\n|turn|10\n|\n|t:|1788297713\n|move|p1a: Sinistcha|Life Dew|p1a: Sinistcha|[spread] p1a,p1b\n|-heal|p1a: Sinistcha|66/100 psn\n|-heal|p1b: Floette|78/100\n|move|p2a: Sinistcha|Matcha Gotcha|p1b: Floette|[spread] p1a,p1b\n|-resisted|p1a: Sinistcha|1\n|-damage|p1a: Sinistcha|53/100 psn\n|-heal|p2a: Sinistcha|89/100 brn|[from] drain|[of] p1a: Sinistcha\n|-damage|p1b: Floette|66/100\n|-heal|p2a: Sinistcha|96/100 brn|[from] drain|[of] p1b: Floette\n|-status|p1b: Floette|brn\n|move|p1b: Floette|Moonblast|p2a: Sinistcha\n|-damage|p2a: Sinistcha|3/100 brn\n|-enditem|p2a: Sinistcha|Sitrus Berry|[eat]\n|-heal|p2a: Sinistcha|28/100 brn|[from] item: Sitrus Berry\n|\n|-damage|p1a: Sinistcha|41/100 psn|[from] psn\n|-damage|p2a: Sinistcha|22/100 brn|[from] brn\n|-damage|p1b: Floette|60/100 brn|[from] brn\n|upkeep\n|turn|11\n|\n|t:|1788297735\n|move|p2a: Sinistcha|Protect|p2a: Sinistcha\n|-singleturn|p2a: Sinistcha|Protect\n|move|p1a: Sinistcha|Life Dew|p1a: Sinistcha|[spread] p1a,p1b\n|-heal|p1a: Sinistcha|66/100 psn\n|-heal|p1b: Floette|85/100 brn\n|move|p1b: Floette|Moonblast|p2a: Sinistcha\n|-activate|p2a: Sinistcha|move: Protect\n|\n|-damage|p1a: Sinistcha|54/100 psn|[from] psn\n|-damage|p2a: Sinistcha|15/100 brn|[from] brn\n|-damage|p1b: Floette|79/100 brn|[from] brn\n|-fieldend|move: Trick Room\n|upkeep\n|turn|12\n|\n|t:|1788297752\n|move|p2a: Sinistcha|Protect||[still]\n|-fail|p2a: Sinistcha\n|move|p1b: Floette|Draining Kiss|p2a: Sinistcha\n|-damage|p2a: Sinistcha|0 fnt\n|-heal|p1b: Floette|91/100 brn|[from] drain|[of] p2a: Sinistcha\n|faint|p2a: Sinistcha\n|\n|win|takito17\n","uploadtime":1788297752,"views":"3","formatid":"gen9championsvgc2026regmbbo3","rating":null,"private":0,"password":null}