{"id":"gen9championsvgc2026regmb-2674982412","format":"[Gen 9 Champions] VGC 2026 Reg M-B","players":["Unfun Player 101","username 96"],"log":"|j|☆Unfun Player 101\n|j|☆username 96\n|t:|1788445044\n|gametype|doubles\n|player|p1|Unfun Player 101|pokekid|1053\n|player|p2|username 96|101|1000\n|gen|9\n|tier|[Gen 9 Champions] VGC 2026 Reg M-B\n|rated|\n|rule|Species Clause: Limit one of each Pokémon\n|rule|Item Clause: Limit 1 of each item\n|clearpoke\n|poke|p1|Sinistcha-Masterpiece, L50|\n|poke|p1|Incineroar, L50, M|\n|poke|p1|Venusaur, L50, M|\n|poke|p1|Tinkaton, L50, F|\n|poke|p1|Pikachu, L50, F|\n|poke|p1|Bellibolt, L50, M|\n|poke|p2|Raichu, L50, M|\n|poke|p2|Basculegion, L50, M|\n|poke|p2|Whimsicott, L50, F|\n|poke|p2|Talonflame, L50, M|\n|poke|p2|Ninetales-Alola, L50, M|\n|poke|p2|Archaludon, L50, F|\n|teampreview|4\n|\n|t:|1788445081\n|teamsize|p1|4\n|teamsize|p2|4\n|start\n|switch|p1a: Tinkaton|Tinkaton, L50, F|100/100\n|switch|p1b: Incineroar|Incineroar, L50, M|100/100\n|switch|p2a: Ninetales|Ninetales-Alola, L50, M|100/100\n|switch|p2b: Talonflame|Talonflame, L50, M|100/100\n|-weather|Snowscape|[from] ability: Snow Warning|[of] p2a: Ninetales\n|-ability|p1a: Tinkaton|Mold Breaker\n|-ability|p1b: Incineroar|Intimidate|boost\n|-unboost|p2a: Ninetales|atk|1\n|-unboost|p2b: Talonflame|atk|1\n|turn|1\n|inactive|Battle timer is ON: inactive players will automatically lose when time's up. (requested by Unfun Player 101)\n|\n|t:|1788445096\n|move|p2a: Ninetales|Protect|p2a: Ninetales\n|-singleturn|p2a: Ninetales|Protect\n|move|p2b: Talonflame|Tailwind|p2b: Talonflame\n|-sidestart|p2: username 96|move: Tailwind\n|move|p1a: Tinkaton|Encore|p2b: Talonflame\n|-start|p2b: Talonflame|Encore\n|move|p1b: Incineroar|Flare Blitz|p2a: Ninetales\n|-activate|p2a: Ninetales|move: Protect\n|\n|-weather|Snowscape|[upkeep]\n|upkeep\n|turn|2\n|inactive|Unfun Player 101 has 30 seconds left.\n|inactive|username 96 has 30 seconds left.\n|\n|t:|1788445129\n|switch|p2b: Whimsicott|Whimsicott, L50, F|100/100\n|move|p2a: Ninetales|Aurora Veil|p2a: Ninetales\n|-sidestart|p2: username 96|move: Aurora Veil\n|move|p1a: Tinkaton|Encore|p2a: Ninetales\n|-start|p2a: Ninetales|Encore\n|move|p1b: Incineroar|Will-O-Wisp|p2b: Whimsicott\n|-status|p2b: Whimsicott|brn\n|\n|-weather|Snowscape|[upkeep]\n|-damage|p2b: Whimsicott|94/100 brn|[from] brn\n|upkeep\n|turn|3\n|\n|t:|1788445153\n|switch|p2a: Basculegion|Basculegion, L50, M|100/100\n|move|p2b: Whimsicott|Moonblast|p1b: Incineroar\n|-damage|p1b: Incineroar|74/100\n|move|p1a: Tinkaton|Encore|p2b: Whimsicott\n|-start|p2b: Whimsicott|Encore\n|move|p1b: Incineroar|Flare Blitz|p2a: Basculegion\n|-resisted|p2a: Basculegion|1\n|-damage|p2a: Basculegion|81/100\n|-damage|p1b: Incineroar|68/100|[from] Recoil\n|\n|-weather|Snowscape|[upkeep]\n|-damage|p2b: Whimsicott|88/100 brn|[from] brn\n|upkeep\n|turn|4\n|\n|t:|1788445171\n|switch|p1b: Bellibolt|Bellibolt, L50, M|100/100\n|move|p2b: Whimsicott|Moonblast|p1b: Bellibolt\n|-damage|p1b: Bellibolt|66/100\n|-start|p1b: Bellibolt|Charge|Moonblast|[from] ability: Electromorphosis\n|move|p2a: Basculegion|Wave Crash|p1a: Tinkaton\n|-crit|p1a: Tinkaton\n|-damage|p1a: Tinkaton|0 fnt\n|faint|p1a: Tinkaton\n|-damage|p2a: Basculegion|49/100|[from] Recoil\n|-damage|p2a: Basculegion|39/100|[from] item: Life Orb\n|\n|-weather|Snowscape|[upkeep]\n|-damage|p2b: Whimsicott|82/100 brn|[from] brn\n|-sideend|p2: username 96|move: Tailwind\n|upkeep\n|\n|t:|1788445186\n|switch|p1a: Venusaur|Venusaur, L50, M|100/100\n|turn|5\n|inactive|username 96 has 30 seconds left.\n|\n|t:|1788445213\n|switch|p2b: Talonflame|Talonflame, L50, M|100/100\n|detailschange|p1a: Venusaur|Venusaur-Mega, L50, M\n|-mega|p1a: Venusaur|Venusaur|Venusaurite\n|move|p2a: Basculegion|Protect|p2a: Basculegion\n|-singleturn|p2a: Basculegion|Protect\n|move|p1a: Venusaur|Leech Seed|p2a: Basculegion\n|-activate|p2a: Basculegion|move: Protect\n|move|p1b: Bellibolt|Electroweb|p2b: Talonflame|[spread] p2b\n|-activate|p2a: Basculegion|move: Protect\n|-supereffective|p2b: Talonflame|1\n|-damage|p2b: Talonflame|18/100\n|-unboost|p2b: Talonflame|spe|1\n|-end|p1b: Bellibolt|Charge|[silent]\n|\n|-weather|none\n|upkeep\n|turn|6\n|\n|t:|1788445235\n|move|p2a: Basculegion|Aqua Jet|p1b: Bellibolt\n|-damage|p1b: Bellibolt|40/100\n|-start|p1b: Bellibolt|Charge|Aqua Jet|[from] ability: Electromorphosis\n|-damage|p2a: Basculegion|29/100|[from] item: Life Orb\n|move|p1a: Venusaur|Giga Drain|p2a: Basculegion\n|-supereffective|p2a: Basculegion|1\n|-damage|p2a: Basculegion|0 fnt\n|faint|p2a: Basculegion\n|move|p2b: Talonflame|Dual Wingbeat|p1a: Venusaur\n|-supereffective|p1a: Venusaur|1\n|-damage|p1a: Venusaur|76/100\n|-supereffective|p1a: Venusaur|1\n|-damage|p1a: Venusaur|52/100\n|-hitcount|p1a: Venusaur|2\n|move|p1b: Bellibolt|Electroweb|p2b: Talonflame|[miss]\n|-miss|p1b: Bellibolt|p2b: Talonflame\n|-end|p1b: Bellibolt|Charge|[silent]\n|\n|upkeep\n|\n|t:|1788445250\n|switch|p2a: Ninetales|Ninetales-Alola, L50, M|100/100\n|-weather|Snowscape|[from] ability: Snow Warning|[of] p2a: Ninetales\n|turn|7\n|\n|t:|1788445264\n|move|p2a: Ninetales|Blizzard|p1b: Bellibolt|[spread] p1a,p1b\n|-supereffective|p1a: Venusaur|1\n|-damage|p1a: Venusaur|24/100\n|-damage|p1b: Bellibolt|11/100\n|-start|p1b: Bellibolt|Charge|Blizzard|[from] ability: Electromorphosis\n|move|p1a: Venusaur|Leech Seed|p2a: Ninetales\n|-start|p2a: Ninetales|move: Leech Seed\n|move|p2b: Talonflame|Dual Wingbeat|p1a: Venusaur\n|-supereffective|p1a: Venusaur|1\n|-damage|p1a: Venusaur|0 fnt\n|faint|p1a: Venusaur\n|-hitcount|p1: Venusaur|1\n|move|p1b: Bellibolt|Soak|p2a: Ninetales\n|-start|p2a: Ninetales|typechange|Water\n|\n|-weather|Snowscape|[upkeep]\n|upkeep\n|\n|t:|1788445277\n|switch|p1a: Incineroar|Incineroar, L50, M|68/100\n|-ability|p1a: Incineroar|Intimidate|boost\n|-unboost|p2a: Ninetales|atk|1\n|-unboost|p2b: Talonflame|atk|1\n|turn|8\n|\n|t:|1788445296\n|move|p2a: Ninetales|Blizzard|p1a: Incineroar|[spread] p1a,p1b\n|-resisted|p1a: Incineroar|1\n|-crit|p1a: Incineroar\n|-damage|p1a: Incineroar|57/100\n|-damage|p1b: Bellibolt|0 fnt\n|faint|p1b: Bellibolt\n|move|p2b: Talonflame|Dual Wingbeat|p1a: Incineroar\n|-damage|p1a: Incineroar|47/100\n|-enditem|p1a: Incineroar|Sitrus Berry|[eat]\n|-heal|p1a: Incineroar|72/100|[from] item: Sitrus Berry\n|-damage|p1a: Incineroar|61/100\n|-hitcount|p1a: Incineroar|2\n|move|p1a: Incineroar|Darkest Lariat|p2b: Talonflame\n|-damage|p2b: Talonflame|0 fnt\n|faint|p2b: Talonflame\n|\n|-weather|Snowscape|[upkeep]\n|-damage|p2a: Ninetales|88/100|[from] Leech Seed|[of] p1a: Incineroar\n|-heal|p1a: Incineroar|70/100|[silent]\n|upkeep\n|\n|t:|1788445307\n|switch|p2b: Whimsicott|Whimsicott, L50, F|82/100 brn\n|turn|9\n|\n|t:|1788445318\n|move|p2b: Whimsicott|Moonblast|p1a: Incineroar\n|-damage|p1a: Incineroar|47/100\n|move|p2a: Ninetales|Blizzard|p1a: Incineroar\n|-resisted|p1a: Incineroar|1\n|-damage|p1a: Incineroar|37/100\n|move|p1a: Incineroar|Will-O-Wisp|p2a: Ninetales\n|-status|p2a: Ninetales|brn\n|\n|-weather|Snowscape|[upkeep]\n|-damage|p2a: Ninetales|76/100 brn|[from] Leech Seed|[of] p1a: Incineroar\n|-heal|p1a: Incineroar|46/100|[silent]\n|-damage|p2b: Whimsicott|76/100 brn|[from] brn\n|-damage|p2a: Ninetales|70/100 brn|[from] brn\n|-sideend|p2: username 96|move: Aurora Veil\n|upkeep\n|turn|10\n|\n|t:|1788445338\n|move|p2b: Whimsicott|Encore|p1a: Incineroar\n|-hint|Since gen 7, Dark is immune to Prankster moves.\n|-immune|p1a: Incineroar\n|move|p2a: Ninetales|Aurora Veil|p2a: Ninetales\n|-sidestart|p2: username 96|move: Aurora Veil\n|move|p1a: Incineroar|Flare Blitz|p2b: Whimsicott\n|-supereffective|p2b: Whimsicott|1\n|-damage|p2b: Whimsicott|0 fnt\n|faint|p2b: Whimsicott\n|-damage|p1a: Incineroar|29/100|[from] Recoil\n|\n|-weather|Snowscape|[upkeep]\n|-damage|p2a: Ninetales|58/100 brn|[from] Leech Seed|[of] p1a: Incineroar\n|-heal|p1a: Incineroar|38/100|[silent]\n|-damage|p2a: Ninetales|52/100 brn|[from] brn\n|upkeep\n|turn|11\n|\n|t:|1788445348\n|move|p2a: Ninetales|Blizzard|p1a: Incineroar\n|-resisted|p1a: Incineroar|1\n|-damage|p1a: Incineroar|28/100\n|move|p1a: Incineroar|Parting Shot|p2a: Ninetales\n|-unboost|p2a: Ninetales|atk|1\n|-unboost|p2a: Ninetales|spa|1\n|\n|-weather|none\n|-damage|p2a: Ninetales|40/100 brn|[from] Leech Seed|[of] p1a: Incineroar\n|-heal|p1a: Incineroar|37/100|[silent]\n|-damage|p2a: Ninetales|34/100 brn|[from] brn\n|upkeep\n|turn|12\n|-message|username 96 forfeited.\n|\n|win|Unfun Player 101\n|raw|Unfun Player 101's rating: 1053 &rarr; <strong>1080</strong><br />(+27 for winning)\n|raw|username 96's rating: 1000 &rarr; <strong>1000</strong><br />(+0 for losing)\n|l|☆username 96\n|player|p2|\n","uploadtime":1788445367,"views":"2","formatid":"gen9championsvgc2026regmb","rating":1000,"private":0,"password":null}