{"id":"gen9championsvgc2026regmbbo3-2674857505","format":"[Gen 9 Champions] VGC 2026 Reg M-B (Bo3)","players":["lost_bob","okkia3"],"log":"|j|☆lost_bob\n|j|☆okkia3\n|html|<table width=\"100%\"><tr><td align=\"left\">lost_bob</td><td align=\"right\">okkia3</tr><tr><td align=\"left\"><i class=\"fa fa-circle-o\"></i> <i class=\"fa fa-circle-o\"></i> </td><td align=\"right\"><i class=\"fa fa-circle-o\"></i> <i class=\"fa fa-circle-o\"></i> </tr></table>\n|uhtml|bestof|<h2><strong>Game 1</strong> of <a href=\"/game-bestof3-gen9championsvgc2026regmbbo3-2674857504\">a best-of-3</a></h2>\n|t:|1788422634\n|gametype|doubles\n|player|p1|lost_bob|170|1084\n|player|p2|okkia3|102|1000\n|gen|9\n|tier|[Gen 9 Champions] VGC 2026 Reg M-B (Bo3)\n|rated|\n|rule|Species Clause: Limit one of each Pokémon\n|rule|Item Clause: Limit 1 of each item\n|clearpoke\n|poke|p1|Swampert, L50, F|\n|poke|p1|Sableye, L50, M|\n|poke|p1|Archaludon, L50, M|\n|poke|p1|Rotom-Wash, L50|\n|poke|p1|Basculegion, L50, M|\n|poke|p1|Sinistcha, L50|\n|poke|p2|Charizard, L50, F|\n|poke|p2|Whimsicott, L50, M|\n|poke|p2|Basculegion, L50, M|\n|poke|p2|Farigiraf, L50, M|\n|poke|p2|Kangaskhan, L50, F|\n|poke|p2|Sneasler, L50, M|\n|teampreview|4\n|showteam|p1|Swampert||Swampertite|Torrent|WaveCrash,HighHorsepower,IcePunch,Protect|Jolly||F|||50|]Sableye||LightClay|Prankster|RainDance,WillOWisp,LightScreen,Reflect|Calm||M|||50|]Archaludon||Leftovers|Stamina|ElectroShot,DragonPulse,FlashCannon,Protect|Timid||M|||50|]Rotom-Wash||SitrusBerry|Levitate|Discharge,HydroPump,Thunder,Protect|Timid|||||50|]Basculegion||LifeOrb|SwiftSwim|AquaJet,LastRespects,WaveCrash,Protect|Adamant||M|||50|]Sinistcha||KasibBerry|Hospitality|MatchaGotcha,RagePowder,LifeDew,Protect|Bold|||||50|\n|showteam|p2|Charizard||CharizarditeY|SolarPower|WeatherBall,HeatWave,SolarBeam,Protect|Timid||F|||50|]Whimsicott||FocusSash|Prankster|Moonblast,Tailwind,SunnyDay,Encore|Timid||M|||50|]Basculegion||ChoiceScarf|Adaptability|WaveCrash,AquaJet,LastRespects,FlipTurn|Adamant||M|||50|]Farigiraf||SitrusBerry|ArmorTail|Psychic,HyperVoice,HelpingHand,TrickRoom|Modest||M|||50|]Kangaskhan||Kangaskhanite|Scrappy|FakeOut,DoubleEdge,DrainPunch,SuckerPunch|Adamant||F|||50|]Sneasler||WhiteHerb|Unburden|FakeOut,CloseCombat,DireClaw,RockTomb|Adamant||M|||50|\n|inactive|Battle timer is ON: inactive players will automatically lose when time's up. (requested by okkia3)\n|\n|t:|1788422649\n|teamsize|p1|4\n|teamsize|p2|4\n|start\n|switch|p1a: Skipper|Sableye, L50, M|100/100\n|switch|p1b: Simon|Swampert, L50, F|100/100\n|switch|p2a: Charizard|Charizard, L50, F|100/100\n|switch|p2b: Whimsicott|Whimsicott, L50, M|100/100\n|turn|1\n|inactive|lost_bob has 30 seconds left.\n|\n|t:|1788422674\n|detailschange|p1b: Simon|Swampert-Mega, L50, F\n|-mega|p1b: Simon|Swampert|Swampertite\n|move|p2a: Charizard|Protect|p2a: Charizard\n|-singleturn|p2a: Charizard|Protect\n|move|p1a: Skipper|Rain Dance|p1a: Skipper\n|-weather|RainDance\n|move|p1b: Simon|Ice Punch|p2b: Whimsicott\n|-supereffective|p2b: Whimsicott|1\n|-damage|p2b: Whimsicott|5/100\n|move|p2b: Whimsicott|Moonblast|p1a: Skipper\n|-supereffective|p1a: Skipper|1\n|-damage|p1a: Skipper|15/100\n|\n|-weather|RainDance|[upkeep]\n|upkeep\n|turn|2\n|\n|t:|1788422694\n|detailschange|p2a: Charizard|Charizard-Mega-Y, L50, F\n|-mega|p2a: Charizard|Charizard|Charizardite Y\n|-weather|SunnyDay|[from] ability: Drought|[of] p2a: Charizard\n|move|p1a: Skipper|Light Screen|p1a: Skipper\n|-sidestart|p1: lost_bob|move: Light Screen\n|move|p2b: Whimsicott|Moonblast|p1a: Skipper\n|-supereffective|p1a: Skipper|1\n|-damage|p1a: Skipper|0 fnt\n|faint|p1a: Skipper\n|move|p2a: Charizard|Heat Wave|p1b: Simon\n|-resisted|p1b: Simon|1\n|-damage|p1b: Simon|73/100\n|move|p1b: Simon|Ice Punch|p2b: Whimsicott\n|-supereffective|p2b: Whimsicott|1\n|-damage|p2b: Whimsicott|0 fnt\n|faint|p2b: Whimsicott\n|\n|-weather|SunnyDay|[upkeep]\n|upkeep\n|\n|t:|1788422711\n|switch|p2b: Farigiraf|Farigiraf, L50, M|100/100\n|switch|p1a: Barry|Basculegion, L50, M|100/100\n|turn|3\n|\n|t:|1788422736\n|move|p2a: Charizard|Solar Beam||[still]\n|-prepare|p2a: Charizard|Solar Beam\n|-anim|p2a: Charizard|Solar Beam|p1b: Simon\n|-supereffective|p1b: Simon|2\n|-damage|p1b: Simon|0 fnt\n|faint|p1b: Simon\n|move|p1a: Barry|Wave Crash|p2a: Charizard\n|-supereffective|p2a: Charizard|1\n|-crit|p2a: Charizard\n|-damage|p2a: Charizard|0 fnt\n|faint|p2a: Charizard\n|-damage|p1a: Barry|74/100|[from] Recoil\n|-damage|p1a: Barry|64/100|[from] item: Life Orb\n|move|p2b: Farigiraf|Psychic|p1a: Barry\n|-damage|p1a: Barry|30/100\n|\n|-weather|SunnyDay|[upkeep]\n|upkeep\n|\n|t:|1788422749\n|switch|p2a: Sneasler|Sneasler, L50, M|100/100\n|switch|p1b: Big Al|Archaludon, L50, M|100/100\n|turn|4\n|\n|t:|1788422769\n|move|p1b: Big Al|Protect|p1b: Big Al\n|-singleturn|p1b: Big Al|Protect\n|move|p2a: Sneasler|Close Combat|p1b: Big Al\n|-activate|p1b: Big Al|move: Protect\n|move|p1a: Barry|Last Respects|p2a: Sneasler\n|-damage|p2a: Sneasler|0 fnt\n|faint|p2a: Sneasler\n|-damage|p1a: Barry|21/100|[from] item: Life Orb\n|move|p2b: Farigiraf|Psychic|p1a: Barry\n|-damage|p1a: Barry|0 fnt\n|faint|p1a: Barry\n|\n|-weather|SunnyDay|[upkeep]\n|upkeep\n|turn|5\n|inactive|lost_bob has 30 seconds left.\n|\n|t:|1788422795\n|move|p1b: Big Al|Dragon Pulse|p2b: Farigiraf\n|-damage|p2b: Farigiraf|63/100\n|move|p2b: Farigiraf|Trick Room|p2b: Farigiraf\n|-fieldstart|move: Trick Room|[of] p2b: Farigiraf\n|\n|-weather|SunnyDay|[upkeep]\n|upkeep\n|turn|6\n|\n|t:|1788422800\n|move|p2b: Farigiraf|Psychic|p1b: Big Al\n|-resisted|p1b: Big Al|1\n|-damage|p1b: Big Al|77/100\n|-ability|p1b: Big Al|Stamina|boost\n|-boost|p1b: Big Al|def|1\n|move|p1b: Big Al|Dragon Pulse|p2b: Farigiraf\n|-damage|p2b: Farigiraf|23/100\n|-enditem|p2b: Farigiraf|Sitrus Berry|[eat]\n|-heal|p2b: Farigiraf|48/100|[from] item: Sitrus Berry\n|\n|-weather|none\n|-heal|p1b: Big Al|83/100|[from] item: Leftovers\n|upkeep\n|turn|7\n|\n|t:|1788422811\n|move|p2b: Farigiraf|Psychic|p1b: Big Al\n|-resisted|p1b: Big Al|1\n|-damage|p1b: Big Al|61/100\n|-ability|p1b: Big Al|Stamina|boost\n|-boost|p1b: Big Al|def|1\n|move|p1b: Big Al|Dragon Pulse|p2b: Farigiraf\n|-damage|p2b: Farigiraf|8/100\n|\n|-heal|p1b: Big Al|67/100|[from] item: Leftovers\n|upkeep\n|turn|8\n|\n|t:|1788422819\n|move|p2b: Farigiraf|Psychic|p1b: Big Al\n|-resisted|p1b: Big Al|1\n|-damage|p1b: Big Al|49/100\n|-ability|p1b: Big Al|Stamina|boost\n|-boost|p1b: Big Al|def|1\n|move|p1b: Big Al|Dragon Pulse|p2b: Farigiraf\n|-damage|p2b: Farigiraf|0 fnt\n|faint|p2b: Farigiraf\n|\n|win|lost_bob\n","uploadtime":1788422820,"views":"0","formatid":"gen9championsvgc2026regmbbo3","rating":null,"private":0,"password":null}