{"id":"gen9championsvgc2026regmb-2674648759","format":"[Gen 9 Champions] VGC 2026 Reg M-B","players":["Imoral","DominicGV"],"log":"|j|☆Imoral\n|j|☆DominicGV\n|t:|1788384926\n|gametype|doubles\n|player|p1|Imoral|miku-fairy|1684\n|player|p2|DominicGV|waiter-gen4dp|1630\n|gen|9\n|tier|[Gen 9 Champions] VGC 2026 Reg M-B\n|rated|\n|rule|Species Clause: Limit one of each Pokémon\n|rule|Item Clause: Limit 1 of each item\n|clearpoke\n|poke|p1|Froslass, L50, F|\n|poke|p1|Sneasler, L50, F|\n|poke|p1|Basculegion, L50, M|\n|poke|p1|Dragonite, L50, M|\n|poke|p1|Garchomp, L50, M|\n|poke|p1|Kingambit, L50, F|\n|poke|p2|Morpeko, L50, F|\n|poke|p2|Sneasler, L50, M|\n|poke|p2|Blastoise, L50, F|\n|poke|p2|Delphox, L50, M|\n|poke|p2|Sinistcha, L50|\n|poke|p2|Whimsicott, L50, F|\n|teampreview|4\n|inactive|Battle timer is ON: inactive players will automatically lose when time's up. (requested by Imoral)\n|inactive|DominicGV also wants the timer to be on.\n|inactive|Imoral has 60 seconds left.\n|inactive|DominicGV has 60 seconds left.\n|j| riquelme14@!\n|inactive|Imoral has 30 seconds left.\n|inactive|Imoral has 20 seconds left.\n|inactive|Imoral has 15 seconds left.\n|inactive|Imoral has 10 seconds left.\n|inactive|Imoral has 5 seconds left.\n|\n|t:|1788385012\n|teamsize|p1|4\n|teamsize|p2|4\n|start\n|switch|p1a: Dragonite|Dragonite, L50, M|100/100\n|switch|p1b: Basculegion|Basculegion, L50, M|100/100\n|switch|p2a: Blastoise|Blastoise, L50, F|100/100\n|switch|p2b: Sneasler|Sneasler, L50, M|100/100\n|turn|1\n|\n|t:|1788385037\n|detailschange|p2a: Blastoise|Blastoise-Mega, L50, F\n|-mega|p2a: Blastoise|Blastoise|Blastoisinite\n|move|p1a: Dragonite|Protect|p1a: Dragonite\n|-singleturn|p1a: Dragonite|Protect\n|move|p2b: Sneasler|Fake Out|p1a: Dragonite\n|-activate|p1a: Dragonite|move: Protect\n|move|p2a: Blastoise|Shell Smash|p2a: Blastoise\n|-unboost|p2a: Blastoise|def|1\n|-unboost|p2a: Blastoise|spd|1\n|-boost|p2a: Blastoise|atk|2\n|-boost|p2a: Blastoise|spa|2\n|-boost|p2a: Blastoise|spe|2\n|move|p1b: Basculegion|Wave Crash|p2a: Blastoise\n|-resisted|p2a: Blastoise|1\n|-damage|p2a: Blastoise|48/100\n|-damage|p1b: Basculegion|85/100|[from] Recoil\n|\n|upkeep\n|turn|2\n|inactive|Imoral has 30 seconds left.\n|\n|t:|1788385070\n|switch|p2b: Sinistcha|Sinistcha, L50|100/100\n|-heal|p2a: Blastoise|73/100|[from] ability: Hospitality|[of] p2b: Sinistcha\n|detailschange|p1a: Dragonite|Dragonite-Mega, L50, M\n|-mega|p1a: Dragonite|Dragonite|Dragoninite\n|move|p1b: Basculegion|Protect|p1b: Basculegion\n|-singleturn|p1b: Basculegion|Protect\n|move|p2a: Blastoise|Dark Pulse|p1b: Basculegion\n|-activate|p1b: Basculegion|move: Protect\n|move|p1a: Dragonite|Tailwind|p1a: Dragonite\n|-sidestart|p1: Imoral|move: Tailwind\n|\n|upkeep\n|turn|3\n|inactive|DominicGV has 30 seconds left.\n|inactive|DominicGV has 20 seconds left.\n|inactive|DominicGV has 15 seconds left.\n|\n|t:|1788385114\n|switch|p1b: Sneasler|Sneasler, L50, F|100/100\n|move|p2b: Sinistcha|Rage Powder|p2b: Sinistcha\n|-singleturn|p2b: Sinistcha|move: Rage Powder\n|move|p1a: Dragonite|Heat Wave|p2a: Blastoise|[spread] p2a,p2b\n|-resisted|p2a: Blastoise|1\n|-supereffective|p2b: Sinistcha|1\n|-damage|p2a: Blastoise|52/100\n|-damage|p2b: Sinistcha|44/100\n|-enditem|p2b: Sinistcha|Sitrus Berry|[eat]\n|-heal|p2b: Sinistcha|69/100|[from] item: Sitrus Berry\n|move|p2a: Blastoise|Dark Pulse|p1a: Dragonite\n|-damage|p1a: Dragonite|65/100\n|\n|upkeep\n|turn|4\n|inactive|Imoral has 30 seconds left.\n|\n|t:|1788385141\n|switch|p2b: Whimsicott|Whimsicott, L50, F|100/100\n|move|p2a: Blastoise|Protect|p2a: Blastoise\n|-singleturn|p2a: Blastoise|Protect\n|move|p1b: Sneasler|Fake Out|p2a: Blastoise\n|-activate|p2a: Blastoise|move: Protect\n|move|p1a: Dragonite|Heat Wave|p2a: Blastoise|[spread] p2b\n|-activate|p2a: Blastoise|move: Protect\n|-supereffective|p2b: Whimsicott|1\n|-enditem|p2b: Whimsicott|Occa Berry|[eat]\n|-enditem|p2b: Whimsicott|Occa Berry|[weaken]\n|-damage|p2b: Whimsicott|57/100\n|\n|upkeep\n|turn|5\n|\n|t:|1788385154\n|switch|p1b: Kingambit|Kingambit, L50, F|100/100\n|move|p2b: Whimsicott|Encore|p1b: Kingambit\n|-hint|Since gen 7, Dark is immune to Prankster moves.\n|-immune|p1b: Kingambit\n|move|p1a: Dragonite|Heat Wave|p2a: Blastoise|[spread] p2a,p2b\n|-resisted|p2a: Blastoise|1\n|-supereffective|p2b: Whimsicott|1\n|-damage|p2a: Blastoise|32/100\n|-damage|p2b: Whimsicott|0 fnt\n|faint|p2b: Whimsicott\n|move|p2a: Blastoise|Dark Pulse|p1a: Dragonite\n|-damage|p1a: Dragonite|0 fnt\n|faint|p1a: Dragonite\n|\n|-sideend|p1: Imoral|move: Tailwind\n|upkeep\n|\n|t:|1788385165\n|switch|p2b: Sinistcha|Sinistcha, L50|69/100\n|switch|p1a: Sneasler|Sneasler, L50, F|100/100\n|-heal|p2a: Blastoise|57/100|[from] ability: Hospitality|[of] p2b: Sinistcha\n|turn|6\n|\n|t:|1788385176\n|move|p2a: Blastoise|Protect|p2a: Blastoise\n|-singleturn|p2a: Blastoise|Protect\n|move|p2b: Sinistcha|Protect|p2b: Sinistcha\n|-singleturn|p2b: Sinistcha|Protect\n|move|p1a: Sneasler|Feint|p2a: Blastoise\n|-activate|p2a: Blastoise|move: Feint\n|-damage|p2a: Blastoise|45/100\n|move|p1b: Kingambit|Kowtow Cleave|p2a: Blastoise\n|-damage|p2a: Blastoise|0 fnt\n|faint|p2a: Blastoise\n|\n|upkeep\n|\n|t:|1788385190\n|switch|p2a: Sneasler|Sneasler, L50, M|100/100\n|turn|7\n|\n|t:|1788385202\n|move|p2b: Sinistcha|Rage Powder|p2b: Sinistcha\n|-singleturn|p2b: Sinistcha|move: Rage Powder\n|move|p2a: Sneasler|Close Combat|p1b: Kingambit\n|-supereffective|p1b: Kingambit|2\n|-enditem|p1b: Kingambit|Chople Berry|[eat]\n|-enditem|p1b: Kingambit|Chople Berry|[weaken]\n|-damage|p1b: Kingambit|0 fnt\n|-unboost|p2a: Sneasler|def|1\n|-unboost|p2a: Sneasler|spd|1\n|faint|p1b: Kingambit\n|-enditem|p2a: Sneasler|White Herb\n|-clearnegativeboost|p2a: Sneasler|[silent]\n|move|p1a: Sneasler|Dire Claw|p2b: Sinistcha\n|-damage|p2b: Sinistcha|38/100\n|\n|upkeep\n|\n|t:|1788385206\n|switch|p1b: Basculegion|Basculegion, L50, M|85/100\n|turn|8\n|inactive|Imoral has 30 seconds left.\n|\n|t:|1788385232\n|move|p2a: Sneasler|Protect|p2a: Sneasler\n|-singleturn|p2a: Sneasler|Protect\n|move|p1a: Sneasler|Feint|p2a: Sneasler\n|-activate|p2a: Sneasler|move: Feint\n|-damage|p2a: Sneasler|80/100\n|move|p1b: Basculegion|Last Respects|p2a: Sneasler\n|-damage|p2a: Sneasler|0 fnt\n|faint|p2a: Sneasler\n|move|p2b: Sinistcha|Matcha Gotcha|p1a: Sneasler|[spread] p1b\n|-miss|p2b: Sinistcha|p1a: Sneasler\n|-supereffective|p1b: Basculegion|1\n|-damage|p1b: Basculegion|38/100\n|-heal|p2b: Sinistcha|66/100|[from] drain|[of] p1b: Basculegion\n|\n|upkeep\n|turn|9\n|\n|t:|1788385243\n|move|p1a: Sneasler|Dire Claw|p2b: Sinistcha\n|-damage|p2b: Sinistcha|35/100\n|-status|p2b: Sinistcha|par\n|move|p1b: Basculegion|Last Respects|p2b: Sinistcha\n|-supereffective|p2b: Sinistcha|1\n|-damage|p2b: Sinistcha|0 fnt\n|faint|p2b: Sinistcha\n|\n|win|Imoral\n|raw|Imoral's rating: 1684 &rarr; <strong>1701</strong><br />(+17 for winning)\n|raw|DominicGV's rating: 1630 &rarr; <strong>1613</strong><br />(-17 for losing)\n|c|☆Imoral|gg\n|l|☆DominicGV\n|player|p2|\n","uploadtime":1788385261,"views":"0","formatid":"gen9championsvgc2026regmb","rating":1613,"private":0,"password":null}