{"id":"gen9championsvgc2026regmbbo3-2674393342","format":"[Gen 9 Champions] VGC 2026 Reg M-B (Bo3)","players":["Pawah","M4rT3Us"],"log":"|j|☆Pawah\n|j|☆M4rT3Us\n|html|<table width=\"100%\"><tr><td align=\"left\">Pawah</td><td align=\"right\">M4rT3Us</tr><tr><td align=\"left\"><i class=\"fa fa-circle-o\"></i> <i class=\"fa fa-circle-o\"></i> </td><td align=\"right\"><i class=\"fa fa-circle-o\"></i> <i class=\"fa fa-circle-o\"></i> </tr></table>\n|uhtml|bestof|<h2><strong>Game 1</strong> of <a href=\"/game-bestof3-gen9championsvgc2026regmbbo3-2674393341\">a best-of-3</a></h2>\n|t:|1788354072\n|gametype|doubles\n|player|p1|Pawah|ethan|1296\n|player|p2|M4rT3Us|101|1259\n|gen|9\n|tier|[Gen 9 Champions] VGC 2026 Reg M-B (Bo3)\n|rated|\n|rule|Species Clause: Limit one of each Pokémon\n|rule|Item Clause: Limit 1 of each item\n|clearpoke\n|poke|p1|Froslass, L50, F|\n|poke|p1|Scovillain, L50, M, shiny|\n|poke|p1|Basculegion, L50, M|\n|poke|p1|Kingambit, L50, M|\n|poke|p1|Sneasler, L50, M|\n|poke|p1|Lycanroc-Dusk, L50, F|\n|poke|p2|Garchomp, L50, M|\n|poke|p2|Floette-Eternal, L50, F|\n|poke|p2|Ninetales-Alola, L50, F|\n|poke|p2|Talonflame, L50, F|\n|poke|p2|Kingambit, L50, M|\n|poke|p2|Basculegion, L50, M|\n|teampreview|4\n|showteam|p1|Froslass||Froslassite|CursedBody|Blizzard,ShadowBall,AuroraVeil,Protect|Modest||F|||50|]Scovillain||Scovillainite|Moody|GigaDrain,Overheat,RagePowder,Protect|Bold||M|||50|]Basculegion||SitrusBerry|Adaptability|WaveCrash,LastRespects,AquaJet,Protect|Adamant||M|||50|]Kingambit||BlackGlasses|Defiant|KowtowCleave,SuckerPunch,SwordsDance,Protect|Adamant||M|||50|]Sneasler||WhiteHerb|Unburden|CloseCombat,GunkShot,Protect,FakeOut|Adamant||M|||50|]Lycanroc-Dusk||FocusSash|ToughClaws|CloseCombat,Accelerock,RockSlide,Protect|Adamant||F|||50|\n|showteam|p2|Garchomp||LifeOrb|RoughSkin|Earthquake,DragonClaw,RockSlide,Protect|Jolly||M|||50|]Floette-Eternal||Floettite|FlowerVeil|Moonblast,DazzlingGleam,LightofRuin,Protect|Modest||F|||50|]Ninetales-Alola||ChoiceScarf|SnowWarning|Blizzard,FreezeDry,Encore,Moonblast|Timid||F|||50|]Talonflame||SharpBeak|GaleWings|DualWingbeat,FlareBlitz,Taunt,Tailwind|Jolly||F|||50|]Kingambit||ChopleBerry|Defiant|LowKick,SuckerPunch,IronHead,KowtowCleave|Adamant||M|||50|]Basculegion||FocusSash|Adaptability|Liquidation,AquaJet,LastRespects,Protect|Jolly||M|||50|\n|inactive|Battle timer is ON: inactive players will automatically lose when time's up. (requested by Pawah)\n|inactive|Pawah has 60 seconds left.\n|\n|t:|1788354108\n|teamsize|p1|4\n|teamsize|p2|4\n|start\n|switch|p1a: Scovillain|Scovillain, L50, M, shiny|100/100\n|switch|p1b: Sneasler|Sneasler, L50, M|100/100\n|switch|p2a: Talonflame|Talonflame, L50, F|100/100\n|switch|p2b: Garchomp|Garchomp, L50, M|100/100\n|turn|1\n|\n|t:|1788354119\n|move|p1b: Sneasler|Protect|p1b: Sneasler\n|-singleturn|p1b: Sneasler|Protect\n|move|p1a: Scovillain|Protect|p1a: Scovillain\n|-singleturn|p1a: Scovillain|Protect\n|move|p2a: Talonflame|Dual Wingbeat|p1b: Sneasler\n|-activate|p1b: Sneasler|move: Protect\n|move|p2b: Garchomp|Earthquake|p1a: Scovillain|[spread] \n|-activate|p1a: Scovillain|move: Protect\n|-activate|p1b: Sneasler|move: Protect\n|-immune|p2a: Talonflame\n|\n|-ability|p1a: Scovillain|Moody|boost\n|-boost|p1a: Scovillain|spe|2\n|-unboost|p1a: Scovillain|atk|1\n|upkeep\n|turn|2\n|\n|t:|1788354134\n|switch|p1b: Basculegion|Basculegion, L50, M|100/100\n|detailschange|p1a: Scovillain|Scovillain-Mega, L50, M, shiny\n|-mega|p1a: Scovillain|Scovillain|Scovillainite\n|move|p1a: Scovillain|Rage Powder|p1a: Scovillain\n|-singleturn|p1a: Scovillain|move: Rage Powder\n|move|p2a: Talonflame|Dual Wingbeat|p1a: Scovillain|[miss]\n|-miss|p2a: Talonflame|p1a: Scovillain\n|move|p2b: Garchomp|Earthquake|p1a: Scovillain|[spread] p1a,p1b\n|-immune|p2a: Talonflame\n|-damage|p1a: Scovillain|47/100\n|-damage|p1b: Basculegion|55/100\n|-status|p2b: Garchomp|brn|[from] ability: Spicy Spray|[of] p1a: Scovillain\n|-damage|p2b: Garchomp|90/100 brn|[from] item: Life Orb\n|\n|-damage|p2b: Garchomp|84/100 brn|[from] brn\n|upkeep\n|turn|3\n|\n|t:|1788354156\n|move|p1a: Scovillain|Protect|p1a: Scovillain\n|-singleturn|p1a: Scovillain|Protect\n|move|p2a: Talonflame|Dual Wingbeat|p1b: Basculegion\n|-damage|p1b: Basculegion|37/100\n|-enditem|p1b: Basculegion|Sitrus Berry|[eat]\n|-heal|p1b: Basculegion|62/100|[from] item: Sitrus Berry\n|-damage|p1b: Basculegion|42/100\n|-hitcount|p1b: Basculegion|2\n|move|p1b: Basculegion|Aqua Jet|p2a: Talonflame\n|-supereffective|p2a: Talonflame|1\n|-damage|p2a: Talonflame|14/100\n|move|p2b: Garchomp|Rock Slide|p1a: Scovillain|[spread] p1b\n|-activate|p1a: Scovillain|move: Protect\n|-damage|p1b: Basculegion|31/100\n|-damage|p2b: Garchomp|74/100 brn|[from] item: Life Orb\n|\n|-damage|p2b: Garchomp|68/100 brn|[from] brn\n|upkeep\n|turn|4\n|\n|t:|1788354172\n|move|p1b: Basculegion|Aqua Jet|p2a: Talonflame\n|-supereffective|p2a: Talonflame|1\n|-damage|p2a: Talonflame|0 fnt\n|faint|p2a: Talonflame\n|move|p1a: Scovillain|Giga Drain|p2b: Garchomp\n|-damage|p2b: Garchomp|28/100 brn\n|-heal|p1a: Scovillain|69/100|[from] drain|[of] p2b: Garchomp\n|move|p2b: Garchomp|Earthquake|p1b: Basculegion|[spread] p1a,p1b\n|-damage|p1a: Scovillain|46/100\n|-damage|p1b: Basculegion|5/100\n|-damage|p2b: Garchomp|18/100 brn|[from] item: Life Orb\n|\n|-damage|p2b: Garchomp|12/100 brn|[from] brn\n|upkeep\n|\n|t:|1788354182\n|switch|p2a: Floette|Floette-Eternal, L50, F|100/100\n|turn|5\n|\n|t:|1788354194\n|switch|p2b: Kingambit|Kingambit, L50, M|100/100\n|switch|p1b: Sneasler|Sneasler, L50, M|100/100\n|detailschange|p2a: Floette|Floette-Mega, L50, F\n|-mega|p2a: Floette|Floette|Floettite\n|-ability|p2a: Floette|Fairy Aura\n|move|p1a: Scovillain|Giga Drain|p2b: Kingambit\n|-resisted|p2b: Kingambit|1\n|-damage|p2b: Kingambit|83/100\n|-heal|p1a: Scovillain|56/100|[from] drain|[of] p2b: Kingambit\n|move|p2a: Floette|Dazzling Gleam|p1b: Sneasler|[spread] p1a,p1b\n|-resisted|p1a: Scovillain|1\n|-crit|p1a: Scovillain\n|-damage|p1a: Scovillain|15/100\n|-damage|p1b: Sneasler|39/100\n|-status|p2a: Floette|brn|[from] ability: Spicy Spray|[of] p1a: Scovillain\n|\n|-damage|p2a: Floette|93/100 brn|[from] brn\n|upkeep\n|turn|6\n|\n|t:|1788354213\n|switch|p2b: Garchomp|Garchomp, L50, M|12/100 brn\n|move|p1a: Scovillain|Rage Powder|p1a: Scovillain\n|-singleturn|p1a: Scovillain|move: Rage Powder\n|move|p1b: Sneasler|Gunk Shot|p2a: Floette|[miss]\n|-miss|p1b: Sneasler|p2a: Floette\n|move|p2a: Floette|Dazzling Gleam|p1a: Scovillain|[spread] p1a,p1b\n|-resisted|p1a: Scovillain|1\n|-damage|p1a: Scovillain|0 fnt\n|-damage|p1b: Sneasler|0 fnt\n|faint|p1a: Scovillain\n|faint|p1b: Sneasler\n|\n|-damage|p2b: Garchomp|6/100 brn|[from] brn\n|-damage|p2a: Floette|87/100 brn|[from] brn\n|upkeep\n|\n|t:|1788354220\n|switch|p1b: Basculegion|Basculegion, L50, M|5/100\n|switch|p1a: Kingambit|Kingambit, L50, M|100/100\n|turn|7\n|\n|t:|1788354234\n|move|p1b: Basculegion|Aqua Jet|p2a: Floette\n|-damage|p2a: Floette|55/100 brn\n|move|p1a: Kingambit|Sucker Punch|p2a: Floette\n|-resisted|p2a: Floette|1\n|-damage|p2a: Floette|27/100 brn\n|move|p2b: Garchomp|Dragon Claw|p1b: Basculegion\n|-damage|p1b: Basculegion|0 fnt\n|faint|p1b: Basculegion\n|-damage|p2b: Garchomp|0 fnt|[from] item: Life Orb\n|faint|p2b: Garchomp\n|move|p2a: Floette|Light of Ruin|p1a: Kingambit\n|-damage|p1a: Kingambit|0 fnt\n|faint|p1a: Kingambit\n|-damage|p2a: Floette|0 fnt|[from] Recoil\n|faint|p2a: Floette\n|\n|win|M4rT3Us\n","uploadtime":1788354235,"views":"0","formatid":"gen9championsvgc2026regmbbo3","rating":null,"private":0,"password":null}