{"id":"gen9championsvgc2026regmbbo3-2673485411","format":"[Gen 9 Champions] VGC 2026 Reg M-B (Bo3)","players":["gemma87","humania1"],"log":"|j|☆gemma87\n|j|☆humania1\n|html|<table width=\"100%\"><tr><td align=\"left\">gemma87</td><td align=\"right\">humania1</tr><tr><td align=\"left\"><i class=\"fa fa-circle-o\"></i> <i class=\"fa fa-circle-o\"></i> </td><td align=\"right\"><i class=\"fa fa-circle-o\"></i> <i class=\"fa fa-circle-o\"></i> </tr></table>\n|uhtml|bestof|<h2><strong>Game 1</strong> of <a href=\"/game-bestof3-gen9championsvgc2026regmbbo3-2673485410\">a best-of-3</a></h2>\n|t:|1788203481\n|gametype|doubles\n|player|p1|gemma87|giovanni|1119\n|player|p2|humania1|170|1091\n|gen|9\n|tier|[Gen 9 Champions] VGC 2026 Reg M-B (Bo3)\n|rated|\n|rule|Species Clause: Limit one of each Pokémon\n|rule|Item Clause: Limit 1 of each item\n|clearpoke\n|poke|p1|Staraptor, L50, M, shiny|\n|poke|p1|Whimsicott, L50, F, shiny|\n|poke|p1|Kingambit, L50, M|\n|poke|p1|Gardevoir, L50, F, shiny|\n|poke|p1|Glimmora, L50, F|\n|poke|p1|Basculegion, L50, M|\n|poke|p2|Blastoise, L50, F|\n|poke|p2|Delphox, L50, F, shiny|\n|poke|p2|Incineroar, L50, M|\n|poke|p2|Sinistcha, L50|\n|poke|p2|Sneasler, L50, M|\n|poke|p2|Vivillon, L50, F|\n|teampreview|4\n|showteam|p1|Staraptor||Staraptite|Intimidate|BraveBird,CloseCombat,Roost,Protect|Adamant||M|||50|]Whimsicott||FocusSash|Prankster|Tailwind,Moonblast,Memento,Protect|Timid||F|||50|]Kingambit||ChopleBerry|Defiant|KowtowCleave,SuckerPunch,LowKick,IronHead|Adamant||M|||50|]Gardevoir||Gardevoirite|Trace|HyperVoice,MysticalFire,Thunderbolt,Protect|Timid||F|||50|]Glimmora||LifeOrb|ToxicDebris|PowerGem,EarthPower,SludgeBomb,SpikyShield|Modest||F|||50|]Basculegion||ChoiceScarf|Adaptability|AquaJet,LastRespects,WaveCrash,FlipTurn|Jolly||M|||50|\n|showteam|p2|Blastoise||Blastoisinite|Torrent|Protect,ShellSmash,WaterSpout,DarkPulse|Modest||F|||50|]Delphox||Delphoxite|Blaze|Protect,HeatWave,Psyshock,NastyPlot|Timid||F|||50|]Incineroar||PasshoBerry|Intimidate|FakeOut,PartingShot,FlareBlitz,ThroatChop|Impish||M|||50|]Sinistcha||SitrusBerry|Hospitality|Protect,MatchaGotcha,TrickRoom,RagePowder|Bold|||||50|]Sneasler||FocusSash|PoisonTouch|QuickGuard,FakeOut,CloseCombat,DireClaw|Jolly||M|||50|]Vivillon||ChoiceScarf|CompoundEyes|Hurricane,SleepPowder,RagePowder,Uturn|Timid||F|||50|\n|inactive|Battle timer is ON: inactive players will automatically lose when time's up. (requested by humania1)\n|\n|t:|1788203501\n|teamsize|p1|4\n|teamsize|p2|4\n|start\n|switch|p1a: Genos|Staraptor, L50, M, shiny|100/100\n|switch|p1b: Tatsumaki|Whimsicott, L50, F, shiny|100/100\n|switch|p2a: Blastoise|Blastoise, L50, F|100/100\n|switch|p2b: Incineroar|Incineroar, L50, M|100/100\n|-ability|p1a: Genos|Intimidate|boost\n|-unboost|p2a: Blastoise|atk|1\n|-unboost|p2b: Incineroar|atk|1\n|-ability|p2b: Incineroar|Intimidate|boost\n|-unboost|p1a: Genos|atk|1\n|-unboost|p1b: Tatsumaki|atk|1\n|turn|1\n|\n|t:|1788203523\n|detailschange|p2a: Blastoise|Blastoise-Mega, L50, F\n|-mega|p2a: Blastoise|Blastoise|Blastoisinite\n|move|p1a: Genos|Protect|p1a: Genos\n|-singleturn|p1a: Genos|Protect\n|move|p2b: Incineroar|Fake Out|p1a: Genos\n|-activate|p1a: Genos|move: Protect\n|move|p1b: Tatsumaki|Moonblast|p2a: Blastoise\n|-damage|p2a: Blastoise|67/100\n|move|p2a: Blastoise|Water Spout|p1a: Genos|[spread] p1b\n|-activate|p1a: Genos|move: Protect\n|-resisted|p1b: Tatsumaki|1\n|-damage|p1b: Tatsumaki|62/100\n|\n|upkeep\n|turn|2\n|\n|t:|1788203542\n|detailschange|p1a: Genos|Staraptor-Mega, L50, M, shiny\n|-mega|p1a: Genos|Staraptor|Staraptite\n|move|p1b: Tatsumaki|Memento|p1a: Genos\n|-boost|p1a: Genos|atk|2\n|-boost|p1a: Genos|spa|2\n|faint|p1b: Tatsumaki\n|move|p1a: Genos|Close Combat|p2b: Incineroar\n|-supereffective|p2b: Incineroar|1\n|-damage|p2b: Incineroar|0 fnt\n|-boost|p1a: Genos|def|1\n|-boost|p1a: Genos|spd|1\n|faint|p2b: Incineroar\n|move|p2a: Blastoise|Water Spout|p1a: Genos\n|-damage|p1a: Genos|63/100\n|\n|upkeep\n|\n|t:|1788203555\n|switch|p1b: Puri-Puri|Glimmora, L50, F|100/100\n|switch|p2b: Sinistcha|Sinistcha, L50|100/100\n|-heal|p2a: Blastoise|92/100|[from] ability: Hospitality|[of] p2b: Sinistcha\n|turn|3\n|\n|t:|1788203574\n|move|p2a: Blastoise|Water Spout|p1b: Puri-Puri|[spread] p1a,p1b\n|-supereffective|p1b: Puri-Puri|1\n|-damage|p1a: Genos|26/100\n|-damage|p1b: Puri-Puri|0 fnt\n|faint|p1b: Puri-Puri\n|move|p1a: Genos|Close Combat|p2a: Blastoise\n|-damage|p2a: Blastoise|0 fnt\n|-boost|p1a: Genos|def|1\n|-boost|p1a: Genos|spd|1\n|faint|p2a: Blastoise\n|move|p2b: Sinistcha|Trick Room|p2b: Sinistcha\n|-fieldstart|move: Trick Room|[of] p2b: Sinistcha\n|\n|upkeep\n|\n|t:|1788203584\n|switch|p1b: Saitama|Basculegion, L50, M|100/100\n|switch|p2a: Sneasler|Sneasler, L50, M|100/100\n|turn|4\n|\n|t:|1788203605\n|move|p2b: Sinistcha|Protect|p2b: Sinistcha\n|-singleturn|p2b: Sinistcha|Protect\n|move|p1a: Genos|Protect|p1a: Genos\n|-singleturn|p1a: Genos|Protect\n|move|p2a: Sneasler|Dire Claw|p1a: Genos\n|-activate|p1a: Genos|move: Protect\n|move|p1b: Saitama|Last Respects|p2b: Sinistcha\n|-activate|p2b: Sinistcha|move: Protect\n|\n|upkeep\n|turn|5\n|\n|t:|1788203618\n|move|p2b: Sinistcha|Matcha Gotcha|p1a: Genos|[spread] p1a,p1b\n|-resisted|p1a: Genos|1\n|-supereffective|p1b: Saitama|1\n|-damage|p1a: Genos|19/100\n|-damage|p1b: Saitama|41/100\n|-status|p1a: Genos|brn\n|move|p1a: Genos|Brave Bird|p2a: Sneasler\n|-supereffective|p2a: Sneasler|1\n|-enditem|p2a: Sneasler|Focus Sash\n|-damage|p2a: Sneasler|1/100\n|-damage|p1a: Genos|0 fnt|[from] Recoil\n|faint|p1a: Genos\n|move|p2a: Sneasler|Dire Claw|p1b: Saitama\n|-resisted|p1b: Saitama|1\n|-damage|p1b: Saitama|15/100\n|-status|p1b: Saitama|par\n|move|p1b: Saitama|Last Respects|p2b: Sinistcha\n|-supereffective|p2b: Sinistcha|1\n|-damage|p2b: Sinistcha|0 fnt\n|faint|p2b: Sinistcha\n|\n|upkeep\n|turn|6\n|\n|t:|1788203638\n|move|p1b: Saitama|Last Respects|p2a: Sneasler\n|-damage|p2a: Sneasler|0 fnt\n|faint|p2a: Sneasler\n|\n|win|gemma87\n","uploadtime":1788203639,"views":"2","formatid":"gen9championsvgc2026regmbbo3","rating":null,"private":0,"password":null}