{"id":"gen9championsvgc2026regmb-2674203767","format":"[Gen 9 Champions] VGC 2026 Reg M-B","players":["Hola Bana","btc37"],"log":"|j|☆Hola Bana\n|j|☆btc37\n|t:|1788314953\n|gametype|doubles\n|player|p1|Hola Bana|red|1100\n|player|p2|btc37|170|1185\n|gen|9\n|tier|[Gen 9 Champions] VGC 2026 Reg M-B\n|rated|\n|rule|Species Clause: Limit one of each Pokémon\n|rule|Item Clause: Limit 1 of each item\n|clearpoke\n|poke|p1|Lucario, L50, F, shiny|\n|poke|p1|Lycanroc-Dusk, L50, F|\n|poke|p1|Orthworm, L50, F, shiny|\n|poke|p1|Basculegion, L50, M, shiny|\n|poke|p1|Hydreigon, L50, F, shiny|\n|poke|p1|Sinistcha, L50|\n|poke|p2|Gengar, L50, F|\n|poke|p2|Maushold-Four, L50|\n|poke|p2|Garchomp, L50, M|\n|poke|p2|Whimsicott, L50, M, shiny|\n|poke|p2|Incineroar, L50, F|\n|poke|p2|Rotom-Wash, L50|\n|teampreview|4\nbtc37 has agreed to open team sheets.\n|\n|t:|1788315027\n|teamsize|p1|4\n|teamsize|p2|4\n|start\n|switch|p1a: Sinistcha|Sinistcha, L50|100/100\n|switch|p1b: Lucario|Lucario, L50, F, shiny|100/100\n|switch|p2a: Whimsicott|Whimsicott, L50, M, shiny|100/100\n|switch|p2b: Gengar|Gengar, L50, F|100/100\n|turn|1\n|\n|t:|1788315059\n|detailschange|p2b: Gengar|Gengar-Mega, L50, F\n|-mega|p2b: Gengar|Gengar|Gengarite\n|detailschange|p1b: Lucario|Lucario-Mega, L50, F, shiny\n|-mega|p1b: Lucario|Lucario|Lucarionite\n|move|p2a: Whimsicott|Protect|p2a: Whimsicott\n|-singleturn|p2a: Whimsicott|Protect\n|move|p1b: Lucario|Bullet Punch|p2b: Gengar\n|-damage|p2b: Gengar|66/100\n|move|p2b: Gengar|Perish Song|p2b: Gengar\n|-start|p1a: Sinistcha|perish3|[silent]\n|-start|p1b: Lucario|perish3|[silent]\n|-start|p2a: Whimsicott|perish3|[silent]\n|-start|p2b: Gengar|perish3|[silent]\n|-fieldactivate|move: Perish Song\n|move|p1a: Sinistcha|Trick Room|p1a: Sinistcha\n|-fieldstart|move: Trick Room|[of] p1a: Sinistcha\n|\n|-start|p1a: Sinistcha|perish3\n|-start|p1b: Lucario|perish3\n|-start|p2a: Whimsicott|perish3\n|-start|p2b: Gengar|perish3\n|upkeep\n|turn|2\n|\n|t:|1788315091\n|switch|p2a: Incineroar|Incineroar, L50, F|100/100\n|-ability|p2a: Incineroar|Intimidate|boost\n|-unboost|p1a: Sinistcha|atk|1\n|-unboost|p1b: Lucario|atk|1\n|move|p2b: Gengar|Protect|p2b: Gengar\n|-singleturn|p2b: Gengar|Protect\n|move|p1a: Sinistcha|Matcha Gotcha|p2b: Gengar|[spread] p2a\n|-activate|p2b: Gengar|move: Protect\n|-resisted|p2a: Incineroar|1\n|-damage|p2a: Incineroar|91/100\n|move|p1b: Lucario|Rock Slide|p2b: Gengar|[spread] p2a\n|-activate|p2b: Gengar|move: Protect\n|-supereffective|p2a: Incineroar|1\n|-damage|p2a: Incineroar|68/100\n|\n|-start|p1a: Sinistcha|perish2\n|-start|p1b: Lucario|perish2\n|-start|p2b: Gengar|perish2\n|upkeep\n|turn|3\n|\n|t:|1788315145\n|switch|p2b: Whimsicott|Whimsicott, L50, M, shiny|100/100\n|move|p1b: Lucario|Bullet Punch|p2b: Whimsicott\n|-supereffective|p2b: Whimsicott|1\n|-damage|p2b: Whimsicott|44/100\n|move|p2a: Incineroar|Parting Shot|p1b: Lucario\n|-unboost|p1b: Lucario|atk|1\n|-unboost|p1b: Lucario|spa|1\n|\n|t:|1788315154\n|switch|p2a: Gengar|Gengar-Mega, L50, F|66/100|[from] Parting Shot\n|move|p1a: Sinistcha|Matcha Gotcha|p2a: Gengar|[spread] \n|-miss|p1a: Sinistcha|p2a: Gengar\n|-miss|p1a: Sinistcha|p2b: Whimsicott\n|\n|-start|p1a: Sinistcha|perish1\n|-start|p1b: Lucario|perish1\n|upkeep\n|turn|4\n|\n|t:|1788315168\n|switch|p1a: Orthworm|Orthworm, L50, F, shiny|100/100\n|move|p2b: Whimsicott|Protect|p2b: Whimsicott\n|-singleturn|p2b: Whimsicott|Protect\n|move|p2a: Gengar|Protect|p2a: Gengar\n|-singleturn|p2a: Gengar|Protect\n|move|p1b: Lucario|Rock Slide|p2a: Gengar|[spread] \n|-activate|p2a: Gengar|move: Protect\n|-activate|p2b: Whimsicott|move: Protect\n|\n|-start|p1b: Lucario|perish0\n|faint|p1b: Lucario\n|upkeep\n|\n|t:|1788315179\n|switch|p1b: Hydreigon|Hydreigon, L50, F, shiny|100/100\n|turn|5\n|\n|t:|1788315200\n|switch|p2a: Incineroar|Incineroar, L50, F|68/100\n|-ability|p2a: Incineroar|Intimidate|boost\n|-unboost|p1a: Orthworm|atk|1\n|-unboost|p1b: Hydreigon|atk|1\n|move|p2b: Whimsicott|Tailwind|p2b: Whimsicott\n|-sidestart|p2: btc37|move: Tailwind\n|move|p1a: Orthworm|Heavy Slam|p2b: Whimsicott\n|-supereffective|p2b: Whimsicott|1\n|-damage|p2b: Whimsicott|0 fnt\n|faint|p2b: Whimsicott\n|move|p1b: Hydreigon|Dark Pulse|p2a: Incineroar\n|-resisted|p2a: Incineroar|1\n|-damage|p2a: Incineroar|51/100\n|\n|-fieldend|move: Trick Room\n|upkeep\n|\n|t:|1788315212\n|switch|p2b: Garchomp|Garchomp, L50, M|100/100\n|turn|6\n|\n|t:|1788315223\n|move|p1b: Hydreigon|Protect|p1b: Hydreigon\n|-singleturn|p1b: Hydreigon|Protect\n|move|p2a: Incineroar|Fake Out|p1a: Orthworm\n|-resisted|p1a: Orthworm|1\n|-damage|p1a: Orthworm|97/100\n|move|p2b: Garchomp|Dragon Claw|p1b: Hydreigon\n|-activate|p1b: Hydreigon|move: Protect\n|cant|p1a: Orthworm|flinch\n|\n|upkeep\n|turn|7\n|\n|t:|1788315253\n|switch|p1b: Sinistcha|Sinistcha, L50|100/100\n|-heal|p1a: Orthworm|100/100|[from] ability: Hospitality|[of] p1b: Sinistcha\n|move|p2b: Garchomp|Dragon Claw|p1b: Sinistcha\n|-damage|p1b: Sinistcha|59/100\n|-damage|p2b: Garchomp|90/100|[from] item: Life Orb\n|move|p2a: Incineroar|Parting Shot|p1a: Orthworm\n|-unboost|p1a: Orthworm|atk|1\n|-unboost|p1a: Orthworm|spa|1\n|\n|t:|1788315263\n|switch|p2a: Gengar|Gengar-Mega, L50, F|66/100|[from] Parting Shot\n|move|p1a: Orthworm|Body Press|p2a: Gengar\n|-immune|p2a: Gengar\n|\n|-heal|p1b: Sinistcha|65/100|[from] item: Leftovers\n|upkeep\n|turn|8\n|\n|t:|1788315300\n|move|p2a: Gengar|Shadow Ball|p1b: Sinistcha\n|-supereffective|p1b: Sinistcha|1\n|-damage|p1b: Sinistcha|0 fnt\n|faint|p1b: Sinistcha\n|move|p2b: Garchomp|Dragon Claw|p1a: Orthworm\n|-resisted|p1a: Orthworm|1\n|-damage|p1a: Orthworm|83/100\n|-damage|p2b: Garchomp|80/100|[from] item: Life Orb\n|move|p1a: Orthworm|Stealth Rock|p2a: Gengar\n|-sidestart|p2: btc37|move: Stealth Rock\n|\n|-sideend|p2: btc37|move: Tailwind\n|upkeep\n|\n|t:|1788315303\n|switch|p1b: Hydreigon|Hydreigon, L50, F, shiny|100/100\n|turn|9\n|\n|t:|1788315342\n|switch|p2b: Incineroar|Incineroar, L50, F|51/100\n|-damage|p2b: Incineroar|27/100|[from] Stealth Rock\n|-ability|p2b: Incineroar|Intimidate|boost\n|-unboost|p1a: Orthworm|atk|1\n|-unboost|p1b: Hydreigon|atk|1\n|-enditem|p2b: Incineroar|Sitrus Berry|[eat]\n|-heal|p2b: Incineroar|51/100|[from] item: Sitrus Berry\n|move|p2a: Gengar|Shadow Ball|p1a: Orthworm\n|-damage|p1a: Orthworm|9/100\n|move|p1b: Hydreigon|Dark Pulse|p2a: Gengar\n|-supereffective|p2a: Gengar|1\n|-damage|p2a: Gengar|0 fnt\n|faint|p2a: Gengar\n|move|p1a: Orthworm|Body Press|p2b: Incineroar\n|-supereffective|p2b: Incineroar|1\n|-crit|p2b: Incineroar\n|-damage|p2b: Incineroar|0 fnt\n|faint|p2b: Incineroar\n|\n|upkeep\n|\n|t:|1788315362\n|switch|p2a: Garchomp|Garchomp, L50, M|80/100\n|-damage|p2a: Garchomp|74/100|[from] Stealth Rock\n|turn|10\n|\n|t:|1788315369\n|move|p1b: Hydreigon|Protect|p1b: Hydreigon\n|-singleturn|p1b: Hydreigon|Protect\n|move|p2a: Garchomp|Dragon Claw|p1b: Hydreigon\n|-activate|p1b: Hydreigon|move: Protect\n|move|p1a: Orthworm|Body Press|p2a: Garchomp\n|-damage|p2a: Garchomp|39/100\n|-damage|p1a: Orthworm|0 fnt|[from] ability: Rough Skin|[of] p2a: Garchomp\n|faint|p1a: Orthworm\n|\n|upkeep\n|turn|11\n|\n|t:|1788315386\n|move|p2a: Garchomp|Dragon Claw|p1b: Hydreigon\n|-supereffective|p1b: Hydreigon|1\n|-damage|p1b: Hydreigon|0 fnt\n|faint|p1b: Hydreigon\n|-damage|p2a: Garchomp|29/100|[from] item: Life Orb\n|\n|win|btc37\n|raw|Hola Bana's rating: 1100 &rarr; <strong>1081</strong><br />(-19 for losing)\n|raw|btc37's rating: 1185 &rarr; <strong>1204</strong><br />(+19 for winning)\n","uploadtime":1788315392,"views":"0","formatid":"gen9championsvgc2026regmb","rating":1081,"private":0,"password":null}