{"id":"gen9championsvgc2026regmb-2674261810","format":"[Gen 9 Champions] VGC 2026 Reg M-B","players":["Thornlace48812","Az3lfzzz"],"log":"|j|☆Thornlace48812\n|j|☆Az3lfzzz\n|t:|1788325955\n|gametype|doubles\n|player|p1|Thornlace48812|1|1072\n|player|p2|Az3lfzzz|cynthia-gen4|1129\n|gen|9\n|tier|[Gen 9 Champions] VGC 2026 Reg M-B\n|rated|\n|rule|Species Clause: Limit one of each Pokémon\n|rule|Item Clause: Limit 1 of each item\n|clearpoke\n|poke|p1|Garchomp, L50, F|\n|poke|p1|Charizard, L50, M|\n|poke|p1|Whimsicott, L50, F|\n|poke|p1|Sylveon, L50, M|\n|poke|p1|Kingambit, L50, F|\n|poke|p1|Basculegion, L50, M|\n|poke|p2|Eelektross, L50, M, shiny|\n|poke|p2|Farigiraf, L50, M|\n|poke|p2|Toxapex, L50, M, shiny|\n|poke|p2|Whimsicott, L50, F, shiny|\n|poke|p2|Sneasler, L50, F|\n|poke|p2|Pelipper, L50, F|\n|teampreview|4\n|inactive|Battle timer is ON: inactive players will automatically lose when time's up. (requested by Az3lfzzz)\n|inactive|Thornlace48812 also wants the timer to be on.\nThornlace48812 rejected open team sheets.\n|\n|t:|1788325980\n|teamsize|p1|4\n|teamsize|p2|4\n|start\n|switch|p1a: Charizard|Charizard, L50, M|100/100\n|switch|p1b: Whimsicott|Whimsicott, L50, F|100/100\n|switch|p2a: Farigiraf|Farigiraf, L50, M|100/100\n|switch|p2b: Eelektross|Eelektross, L50, M, shiny|100/100\n|turn|1\n|\n|t:|1788325990\n|detailschange|p1a: Charizard|Charizard-Mega-Y, L50, M\n|-mega|p1a: Charizard|Charizard|Charizardite Y\n|-weather|SunnyDay|[from] ability: Drought|[of] p1a: Charizard\n|move|p2b: Eelektross|Protect|p2b: Eelektross\n|-singleturn|p2b: Eelektross|Protect\n|move|p1b: Whimsicott|Moonblast|p2b: Eelektross\n|-activate|p2b: Eelektross|move: Protect\n|move|p1a: Charizard|Heat Wave|p2b: Eelektross|[spread] p2a\n|-activate|p2b: Eelektross|move: Protect\n|-damage|p2a: Farigiraf|30/100\n|move|p2a: Farigiraf|Trick Room|p2a: Farigiraf\n|-fieldstart|move: Trick Room|[of] p2a: Farigiraf\n|\n|-weather|SunnyDay|[upkeep]\n|upkeep\n|turn|2\n|\n|t:|1788326014\n|detailschange|p2b: Eelektross|Eelektross-Mega, L50, M, shiny\n|-mega|p2b: Eelektross|Eelektross|Eelektrossite\n|move|p1b: Whimsicott|Tailwind|p1b: Whimsicott\n|-sidestart|p1: Thornlace48812|move: Tailwind\n|move|p2a: Farigiraf|Hyper Voice|p1a: Charizard|[spread] p1a,p1b\n|-damage|p1a: Charizard|69/100\n|-damage|p1b: Whimsicott|44/100\n|move|p2b: Eelektross|Discharge|p1b: Whimsicott|[spread] p2a,p1a,p1b\n|-supereffective|p1a: Charizard|1\n|-resisted|p1b: Whimsicott|1\n|-damage|p2a: Farigiraf|0 fnt\n|-damage|p1a: Charizard|0 fnt\n|-damage|p1b: Whimsicott|14/100\n|faint|p2a: Farigiraf\n|faint|p1a: Charizard\n|-ability|p2b: Eelektross|Eelevate|boost\n|-boost|p2b: Eelektross|spa|2\n|\n|-weather|SunnyDay|[upkeep]\n|upkeep\n|\n|t:|1788326024\n|switch|p2a: Pelipper|Pelipper, L50, F|100/100\n|switch|p1a: Sylveon|Sylveon, L50, M|100/100\n|-weather|RainDance|[from] ability: Drizzle|[of] p2a: Pelipper\n|turn|3\n|\n|t:|1788326033\n|switch|p2a: Sneasler|Sneasler, L50, F|100/100\n|move|p2b: Eelektross|Flash Cannon|p1a: Sylveon\n|-supereffective|p1a: Sylveon|1\n|-damage|p1a: Sylveon|8/100\n|move|p1a: Sylveon|Hyper Voice|p2a: Sneasler|[spread] p2a,p2b\n|-damage|p2a: Sneasler|35/100\n|-damage|p2b: Eelektross|48/100\n|move|p1b: Whimsicott|Moonblast|p2b: Eelektross\n|-damage|p2b: Eelektross|8/100\n|\n|-weather|RainDance|[upkeep]\n|upkeep\n|turn|4\n|\n|t:|1788326050\n|switch|p2b: Pelipper|Pelipper, L50, F|100/100\n|move|p1b: Whimsicott|Protect|p1b: Whimsicott\n|-singleturn|p1b: Whimsicott|Protect\n|move|p1a: Sylveon|Detect|p1a: Sylveon\n|-singleturn|p1a: Sylveon|Protect\n|move|p2a: Sneasler|Fake Out|p1a: Sylveon\n|-activate|p1a: Sylveon|move: Protect\n|\n|-weather|RainDance|[upkeep]\n|upkeep\n|turn|5\n|\n|t:|1788326062\n|move|p2a: Sneasler|Protect|p2a: Sneasler\n|-singleturn|p2a: Sneasler|Protect\n|move|p2b: Pelipper|Muddy Water|p1a: Sylveon|[spread] p1a\n|-miss|p2b: Pelipper|p1b: Whimsicott\n|-damage|p1a: Sylveon|0 fnt\n|faint|p1a: Sylveon\n|move|p1b: Whimsicott|Moonblast|p2b: Pelipper\n|-damage|p2b: Pelipper|35/100\n|\n|-weather|RainDance|[upkeep]\n|-sideend|p1: Thornlace48812|move: Tailwind\n|-fieldend|move: Trick Room\n|upkeep\n|\n|t:|1788326064\n|switch|p1a: Basculegion|Basculegion, L50, M|100/100\n|turn|6\n|\n|t:|1788326087\n|move|p1b: Whimsicott|Tailwind|p1b: Whimsicott\n|-sidestart|p1: Thornlace48812|move: Tailwind\n|move|p1a: Basculegion|Wave Crash|p2b: Pelipper\n|-resisted|p2b: Pelipper|1\n|-damage|p2b: Pelipper|0 fnt\n|faint|p2b: Pelipper\n|-damage|p1a: Basculegion|92/100|[from] Recoil\n|move|p2a: Sneasler|Dire Claw|p1a: Basculegion\n|-resisted|p1a: Basculegion|1\n|-damage|p1a: Basculegion|69/100\n|\n|-weather|RainDance|[upkeep]\n|upkeep\n|\n|t:|1788326098\n|switch|p2b: Eelektross|Eelektross-Mega, L50, M, shiny|8/100\n|turn|7\n|\n|t:|1788326104\n|move|p2b: Eelektross|Protect|p2b: Eelektross\n|-singleturn|p2b: Eelektross|Protect\n|move|p1b: Whimsicott|Moonblast|p2a: Sneasler\n|-damage|p2a: Sneasler|0 fnt\n|faint|p2a: Sneasler\n|move|p1a: Basculegion|Last Respects|p2b: Eelektross\n|-activate|p2b: Eelektross|move: Protect\n|\n|-weather|none\n|upkeep\n|turn|8\n|\n|t:|1788326113\n|move|p1b: Whimsicott|Moonblast|p2b: Eelektross\n|-damage|p2b: Eelektross|0 fnt\n|faint|p2b: Eelektross\n|\n|win|Thornlace48812\n|raw|Thornlace48812's rating: 1057 &rarr; <strong>1095</strong><br />(+38 for winning)\n|raw|Az3lfzzz's rating: 1129 &rarr; <strong>1099</strong><br />(-30 for losing)\n","uploadtime":1788326115,"views":"0","formatid":"gen9championsvgc2026regmb","rating":1095,"private":0,"password":null}