{"id":"gen9championsvgc2026regmb-2674710914","format":"[Gen 9 Champions] VGC 2026 Reg M-B","players":["jackofharts9","shinypantss"],"log":"|j|☆jackofharts9\n|j|☆shinypantss\n|html|<table width=\"100%\"><tr><td align=\"left\">jackofharts9</td><td align=\"right\">shinypantss</tr><tr><td align=\"left\"><i class=\"fa fa-circle\"></i> <i class=\"fa fa-circle-o\"></i> </td><td align=\"right\"><i class=\"fa fa-circle-o\"></i> <i class=\"fa fa-circle\"></i> </tr></table>\n|uhtml|bestof|<h2><strong>Game 3</strong> of <a href=\"/game-bestof3-gen9championsvgc2026regmb-2674707093\">a best-of-3</a></h2>\n|t:|1788394215\n|gametype|doubles\n|player|p1|jackofharts9|265|\n|player|p2|shinypantss|265|\n|gen|9\n|tier|[Gen 9 Champions] VGC 2026 Reg M-B\n|rule|Species Clause: Limit one of each Pokémon\n|rule|Item Clause: Limit 1 of each item\n|raw|<div class=\"infobox\"><details class=\"readmore\" open><summary><strong>1 custom rule:</strong></summary> Best of = 3</details></div>\n|clearpoke\n|poke|p1|Infernape, L50, F|\n|poke|p1|Palafin, L50, F|\n|poke|p1|Sinistcha, L50|\n|poke|p1|Talonflame, L50, M|\n|poke|p1|Raichu, L50, M|\n|poke|p1|Sylveon, L50, M|\n|poke|p2|Charizard, L50, M|\n|poke|p2|Incineroar, L50, M|\n|poke|p2|Whimsicott, L50, F|\n|poke|p2|Diggersby, L50, F|\n|poke|p2|Goodra, L50, F|\n|poke|p2|Vaporeon, L50, M|\n|teampreview|4\n|inactive|Battle timer is ON: inactive players will automatically lose when time's up. (requested by jackofharts9)\n|j| brehio11\n|j| rileyjawn baby\n|j| tmacp\n|j| ripley98\n|\n|t:|1788394232\n|teamsize|p1|4\n|teamsize|p2|4\n|start\n|switch|p1a: Too fast 4 U|Talonflame, L50, M|100/100\n|switch|p1b: Cove's Revenge|Palafin, L50, F|100/100\n|switch|p2a: Meow|Incineroar, L50, M|100/100\n|switch|p2b: Whimsicott|Whimsicott, L50, F|100/100\n|-ability|p2a: Meow|Intimidate|boost\n|-unboost|p1a: Too fast 4 U|atk|1\n|-unboost|p1b: Cove's Revenge|atk|1\n|turn|1\n|inactive|jackofharts9 has 30 seconds left.\n|inactive|jackofharts9 has 20 seconds left.\n|\n|t:|1788394267\n|detailschange|p1b: Cove's Revenge|Palafin-Hero, L50, F\n|switch|p1b: Dont Taze me Bro|Raichu, L50, M|100/100\n|move|p2a: Meow|Fake Out|p1b: Dont Taze me Bro\n|-damage|p1b: Dont Taze me Bro|71/100\n|move|p1a: Too fast 4 U|Brave Bird|p2b: Whimsicott\n|-supereffective|p2b: Whimsicott|1\n|-damage|p2b: Whimsicott|25/100\n|-damage|p1a: Too fast 4 U|73/100|[from] Recoil\n|-damage|p1a: Too fast 4 U|63/100|[from] item: Life Orb\n|move|p2b: Whimsicott|Tailwind|p2b: Whimsicott\n|-sidestart|p2: shinypantss|move: Tailwind\n|\n|upkeep\n|turn|2\n|\n|t:|1788394286\n|switch|p2a: Punchy|Diggersby, L50, F|100/100\n|detailschange|p1b: Dont Taze me Bro|Raichu-Mega-Y, L50, M\n|-mega|p1b: Dont Taze me Bro|Raichu|Raichunite Y\n|move|p2b: Whimsicott|Protect|p2b: Whimsicott\n|-singleturn|p2b: Whimsicott|Protect\n|move|p1b: Dont Taze me Bro|Focus Blast|p2a: Punchy\n|-supereffective|p2a: Punchy|1\n|-damage|p2a: Punchy|0 fnt\n|faint|p2a: Punchy\n|move|p1a: Too fast 4 U|Tailwind|p1a: Too fast 4 U\n|-sidestart|p1: jackofharts9|move: Tailwind\n|\n|upkeep\n|\n|t:|1788394298\n|switch|p2a: Meow|Incineroar, L50, M|100/100\n|-ability|p2a: Meow|Intimidate|boost\n|-unboost|p1a: Too fast 4 U|atk|1\n|-unboost|p1b: Dont Taze me Bro|atk|1\n|turn|3\n|\n|t:|1788394319\n|switch|p1a: Cove's Revenge|Palafin-Hero, L50, F|100/100\n|-activate|p1a: Cove's Revenge|ability: Zero to Hero\n|move|p1b: Dont Taze me Bro|Protect|p1b: Dont Taze me Bro\n|-singleturn|p1b: Dont Taze me Bro|Protect\n|move|p2b: Whimsicott|Sunny Day|p2b: Whimsicott\n|-weather|SunnyDay\n|move|p2a: Meow|Throat Chop|p1a: Cove's Revenge\n|-damage|p1a: Cove's Revenge|57/100\n|-start|p1a: Cove's Revenge|Throat Chop|[silent]\n|\n|-weather|SunnyDay|[upkeep]\n|upkeep\n|turn|4\n|inactive|shinypantss has 30 seconds left.\n|\n|t:|1788394347\n|move|p1a: Cove's Revenge|Jet Punch|p2a: Meow\n|-supereffective|p2a: Meow|1\n|-damage|p2a: Meow|66/100\n|move|p1b: Dont Taze me Bro|Focus Blast|p2a: Meow\n|-supereffective|p2a: Meow|1\n|-damage|p2a: Meow|0 fnt\n|faint|p2a: Meow\n|move|p2b: Whimsicott|Moonblast|p1b: Dont Taze me Bro\n|-damage|p1b: Dont Taze me Bro|25/100\n|\n|-weather|SunnyDay|[upkeep]\n|-end|p1a: Cove's Revenge|Throat Chop|[silent]\n|-sideend|p2: shinypantss|move: Tailwind\n|upkeep\n|\n|t:|1788394357\n|switch|p2a: Daddy Char|Charizard, L50, M|100/100\n|turn|5\n|\n|t:|1788394373\n|detailschange|p2a: Daddy Char|Charizard-Mega-Y, L50, M\n|-mega|p2a: Daddy Char|Charizard|Charizardite Y\n|move|p1a: Cove's Revenge|Jet Punch|p2a: Daddy Char\n|-supereffective|p2a: Daddy Char|1\n|-damage|p2a: Daddy Char|52/100\n|move|p2b: Whimsicott|Tailwind|p2b: Whimsicott\n|-sidestart|p2: shinypantss|move: Tailwind\n|move|p1b: Dont Taze me Bro|Zap Cannon|p2a: Daddy Char\n|-supereffective|p2a: Daddy Char|1\n|-damage|p2a: Daddy Char|0 fnt\n|faint|p2a: Daddy Char\n|\n|-weather|SunnyDay|[upkeep]\n|-sideend|p1: jackofharts9|move: Tailwind\n|upkeep\n|turn|6\n|l| tmacp\n|\n|t:|1788394393\n|move|p1a: Cove's Revenge|Jet Punch|p2b: Whimsicott\n|-resisted|p2b: Whimsicott|1\n|-damage|p2b: Whimsicott|17/100\n|move|p2b: Whimsicott|Moonblast|p1b: Dont Taze me Bro\n|-damage|p1b: Dont Taze me Bro|0 fnt\n|faint|p1b: Dont Taze me Bro\n|\n|-weather|SunnyDay|[upkeep]\n|upkeep\n|\n|t:|1788394401\n|switch|p1b: Too fast 4 U|Talonflame, L50, M|63/100\n|turn|7\n|\n|t:|1788394407\n|move|p1a: Cove's Revenge|Jet Punch|p2b: Whimsicott\n|-resisted|p2b: Whimsicott|1\n|-damage|p2b: Whimsicott|10/100\n|move|p2b: Whimsicott|Moonblast|p1b: Too fast 4 U\n|-resisted|p1b: Too fast 4 U|1\n|-damage|p1b: Too fast 4 U|40/100\n|move|p1b: Too fast 4 U|Brave Bird|p2b: Whimsicott\n|-supereffective|p2b: Whimsicott|1\n|-damage|p2b: Whimsicott|0 fnt\n|faint|p2b: Whimsicott\n|-damage|p1b: Too fast 4 U|36/100|[from] Recoil\n|-damage|p1b: Too fast 4 U|27/100|[from] item: Life Orb\n|\n|win|jackofharts9\n|l| brehio11\n|l|☆shinypantss\n|player|p2|\n|l| ripley98\n|j| tmacp\n|l| tmacp\n|j| ripley98\n|l| ripley98\n|j| ripley98\n|j| tmacp\n|l| ripley98\n|l| tmacp\n","uploadtime":1788394462,"views":"5","formatid":"gen9championsvgc2026regmb","rating":null,"private":0,"password":null}