{"id":"gen9championsvgc2026regmb-2674830428","format":"[Gen 9 Champions] VGC 2026 Reg M-B","players":["Kwiper","tomato saiyan"],"log":"|j|☆Kwiper\n|j|☆tomato saiyan\n|t:|1788416071\n|gametype|doubles\n|player|p1|Kwiper|sycamore|1571\n|player|p2|tomato saiyan|skier|1489\n|gen|9\n|tier|[Gen 9 Champions] VGC 2026 Reg M-B\n|rated|\n|rule|Species Clause: Limit one of each Pokémon\n|rule|Item Clause: Limit 1 of each item\n|clearpoke\n|poke|p1|Tyranitar, L50, M|\n|poke|p1|Excadrill, L50, M|\n|poke|p1|Milotic, L50, M|\n|poke|p1|Gholdengo, L50|\n|poke|p1|Sinistcha, L50|\n|poke|p1|Staraptor, L50, F|\n|poke|p2|Torkoal, L50, F|\n|poke|p2|Kangaskhan, L50, F|\n|poke|p2|Glaceon, L50, F|\n|poke|p2|Vileplume, L50, M|\n|poke|p2|Farigiraf, L50, M|\n|poke|p2|Mawile, L50, F|\n|teampreview|4\n|inactive|Battle timer is ON: inactive players will automatically lose when time's up. (requested by Kwiper)\n|j| Digo69420\n|l| Digo69420\n|\n|t:|1788416085\n|teamsize|p1|4\n|teamsize|p2|4\n|start\n|switch|p1a: Tyranitar|Tyranitar, L50, M|100/100\n|switch|p1b: Milotic|Milotic, L50, M|100/100\n|switch|p2a: Farigiraf|Farigiraf, L50, M|100/100\n|switch|p2b: Kangaskhan|Kangaskhan, L50, F|100/100\n|-weather|Sandstorm|[from] ability: Sand Stream|[of] p1a: Tyranitar\n|turn|1\n|\n|t:|1788416090\n|switch|p1a: Sinistcha|Sinistcha, L50|100/100\n|move|p2b: Kangaskhan|Fake Out|p1b: Milotic\n|-damage|p1b: Milotic|76/100\n|-damage|p2b: Kangaskhan|90/100|[from] item: Life Orb\n|cant|p1b: Milotic|flinch\n|move|p2a: Farigiraf|Trick Room|p2a: Farigiraf\n|-fieldstart|move: Trick Room|[of] p2a: Farigiraf\n|\n|-weather|Sandstorm|[upkeep]\n|-damage|p2a: Farigiraf|93/100|[from] Sandstorm\n|-damage|p1a: Sinistcha|94/100|[from] Sandstorm\n|-damage|p2b: Kangaskhan|83/100|[from] Sandstorm\n|-damage|p1b: Milotic|70/100|[from] Sandstorm\n|upkeep\n|turn|2\n|\n|t:|1788416095\n|move|p2a: Farigiraf|Imprison|p2a: Farigiraf\n|-start|p2a: Farigiraf|move: Imprison\n|move|p1a: Sinistcha|Matcha Gotcha|p2a: Farigiraf|[spread] p2a,p2b\n|-damage|p2a: Farigiraf|72/100\n|-heal|p1a: Sinistcha|100/100|[from] drain|[of] p2a: Farigiraf\n|-damage|p2b: Kangaskhan|59/100\n|-status|p2b: Kangaskhan|brn\n|move|p2b: Kangaskhan|Double-Edge|p1b: Milotic\n|-damage|p1b: Milotic|39/100\n|-enditem|p1b: Milotic|Sitrus Berry|[eat]\n|-heal|p1b: Milotic|63/100|[from] item: Sitrus Berry\n|-damage|p2b: Kangaskhan|49/100 brn|[from] Recoil\n|-damage|p2b: Kangaskhan|39/100 brn|[from] item: Life Orb\n|move|p1b: Milotic|Scald|p2b: Kangaskhan\n|-damage|p2b: Kangaskhan|8/100 brn\n|\n|-weather|Sandstorm|[upkeep]\n|-damage|p2a: Farigiraf|66/100|[from] Sandstorm\n|-damage|p1a: Sinistcha|94/100|[from] Sandstorm\n|-damage|p2b: Kangaskhan|2/100 brn|[from] Sandstorm\n|-damage|p1b: Milotic|57/100|[from] Sandstorm\n|-damage|p2b: Kangaskhan|0 fnt|[from] brn\n|faint|p2b: Kangaskhan\n|upkeep\n|\n|t:|1788416117\n|switch|p2b: Mawile|Mawile, L50, F|100/100\n|-ability|p2b: Mawile|Intimidate|boost\n|-unboost|p1a: Sinistcha|atk|1\n|-unboost|p1b: Milotic|atk|1\n|-ability|p1b: Milotic|Competitive|boost\n|-boost|p1b: Milotic|spa|2\n|turn|3\n|\n|t:|1788416127\n|detailschange|p2b: Mawile|Mawile-Mega, L50, F\n|-mega|p2b: Mawile|Mawile|Mawilite\n|move|p1a: Sinistcha|Rage Powder|p1a: Sinistcha\n|-singleturn|p1a: Sinistcha|move: Rage Powder\n|move|p2b: Mawile|Rock Slide|p1a: Sinistcha|[spread] p1a,p1b\n|-damage|p1a: Sinistcha|62/100\n|-damage|p1b: Milotic|20/100y\n|move|p2a: Farigiraf|Psychic|p1a: Sinistcha\n|-damage|p1a: Sinistcha|26/100\n|-unboost|p1a: Sinistcha|spd|1\n|move|p1b: Milotic|Scald|p2b: Mawile\n|-damage|p2b: Mawile|34/100\n|\n|-weather|Sandstorm|[upkeep]\n|-damage|p2a: Farigiraf|60/100|[from] Sandstorm\n|-damage|p1a: Sinistcha|21/100|[from] Sandstorm\n|-damage|p1b: Milotic|14/100|[from] Sandstorm\n|upkeep\n|turn|4\n|inactive|tomato saiyan has 30 seconds left.\n|\n|t:|1788416153\n|switch|p1a: Gholdengo|Gholdengo, L50|100/100\n|switch|p1b: Tyranitar|Tyranitar, L50, M|100/100\n|move|p2b: Mawile|Play Rough|p1b: Tyranitar\n|-supereffective|p1b: Tyranitar|1\n|-damage|p1b: Tyranitar|0 fnt\n|faint|p1b: Tyranitar\n|move|p2a: Farigiraf|Psychic|p1a: Gholdengo\n|-resisted|p1a: Gholdengo|1\n|-damage|p1a: Gholdengo|85/100\n|\n|-weather|Sandstorm|[upkeep]\n|-damage|p2a: Farigiraf|54/100|[from] Sandstorm\n|upkeep\n|\n|t:|1788416158\n|switch|p1b: Sinistcha|Sinistcha, L50|21/100\n|-heal|p1a: Gholdengo|100/100|[from] ability: Hospitality|[of] p1b: Sinistcha\n|turn|5\n|\n|t:|1788416168\n|move|p1b: Sinistcha|Rage Powder|p1b: Sinistcha\n|-singleturn|p1b: Sinistcha|move: Rage Powder\n|move|p2b: Mawile|Rock Slide|p1b: Sinistcha|[spread] p1a,p1b\n|-resisted|p1a: Gholdengo|1\n|-damage|p1a: Gholdengo|85/100\n|-damage|p1b: Sinistcha|0 fnt\n|faint|p1b: Sinistcha\n|move|p2a: Farigiraf|Psychic|p1a: Gholdengo\n|-resisted|p1a: Gholdengo|1\n|-damage|p1a: Gholdengo|71/100\n|cant|p1a: Gholdengo|flinch\n|\n|-weather|none\n|-fieldend|move: Trick Room\n|upkeep\n|\n|t:|1788416174\n|switch|p1b: Milotic|Milotic, L50, M|14/100\n|turn|6\n|\n|t:|1788416186\n|move|p2b: Mawile|Sucker Punch|p1a: Gholdengo\n|-supereffective|p1a: Gholdengo|1\n|-damage|p1a: Gholdengo|0 fnt\n|faint|p1a: Gholdengo\n|move|p1b: Milotic|Scald|p2b: Mawile\n|-damage|p2b: Mawile|0 fnt\n|faint|p2b: Mawile\n|move|p2a: Farigiraf|Trick Room|p2a: Farigiraf\n|-fieldstart|move: Trick Room|[of] p2a: Farigiraf\n|\n|upkeep\n|-message|Kwiper forfeited.\n|\n|win|tomato saiyan\n|raw|Kwiper's rating: 1571 &rarr; <strong>1546</strong><br />(-25 for losing)\n|raw|tomato saiyan's rating: 1489 &rarr; <strong>1514</strong><br />(+25 for winning)\n","uploadtime":1788416190,"views":"0","formatid":"gen9championsvgc2026regmb","rating":1514,"private":0,"password":null}