{"id":"gen9championsvgc2026regmb-2674860679","format":"[Gen 9 Champions] VGC 2026 Reg M-B","players":["Daparox","calacadura"],"log":"|j|☆Daparox\n|j|☆calacadura\n|t:|1788423373\n|gametype|doubles\n|player|p1|Daparox|fisherman|1221\n|player|p2|calacadura|1|1279\n|gen|9\n|tier|[Gen 9 Champions] VGC 2026 Reg M-B\n|rated|\n|rule|Species Clause: Limit one of each Pokémon\n|rule|Item Clause: Limit 1 of each item\n|clearpoke\n|poke|p1|Milotic, L50, F, shiny|\n|poke|p1|Mawile, L50, M|\n|poke|p1|Farigiraf, L50, M|\n|poke|p1|Incineroar, L50, F|\n|poke|p1|Golurk, L50, shiny|\n|poke|p1|Kleavor, L50, M|\n|poke|p2|Sinistcha, L50|\n|poke|p2|Archaludon, L50, M|\n|poke|p2|Grimmsnarl, L50, M|\n|poke|p2|Pelipper, L50, M|\n|poke|p2|Scovillain, L50, F|\n|poke|p2|Basculegion, L50, M|\n|teampreview|4\n|inactive|Battle timer is ON: inactive players will automatically lose when time's up. (requested by calacadura)\n|\n|t:|1788423441\n|teamsize|p1|4\n|teamsize|p2|4\n|start\n|switch|p1a: Farigiraf|Farigiraf, L50, M|100/100\n|switch|p1b: Kleavor|Kleavor, L50, M|100/100\n|switch|p2a: Scovillain|Scovillain, L50, F|100/100\n|switch|p2b: Grimmsnarl|Grimmsnarl, L50, M|100/100\n|turn|1\n|\n|t:|1788423453\n|move|p2a: Scovillain|Protect|p2a: Scovillain\n|-singleturn|p2a: Scovillain|Protect\n|move|p2b: Grimmsnarl|Reflect|p2b: Grimmsnarl\n|-sidestart|p2: calacadura|Reflect\n|move|p1b: Kleavor|Stone Axe|p2b: Grimmsnarl\n|-damage|p2b: Grimmsnarl|55/100\n|move|p1a: Farigiraf|Trick Room|p1a: Farigiraf\n|-fieldstart|move: Trick Room|[of] p1a: Farigiraf\n|\n|-ability|p2a: Scovillain|Moody|boost\n|-boost|p2a: Scovillain|def|2\n|-unboost|p2a: Scovillain|spe|1\n|upkeep\n|turn|2\n|\n|t:|1788423474\n|move|p1a: Farigiraf|Helping Hand|p1b: Kleavor\n|-singleturn|p1b: Kleavor|Helping Hand|[of] p1a: Farigiraf\n|move|p2a: Scovillain|Leech Seed|p1a: Farigiraf\n|-start|p1a: Farigiraf|move: Leech Seed\n|move|p2b: Grimmsnarl|Spirit Break|p1b: Kleavor\n|-crit|p1b: Kleavor\n|-damage|p1b: Kleavor|54/100\n|-unboost|p1b: Kleavor|spa|1\n|move|p1b: Kleavor|X-Scissor|p2a: Scovillain\n|-damage|p2a: Scovillain|70/100\n|\n|-damage|p1a: Farigiraf|87/100|[from] Leech Seed|[of] p2a: Scovillain\n|-heal|p2a: Scovillain|87/100|[silent]\n|-ability|p2a: Scovillain|Moody|boost\n|-boost|p2a: Scovillain|def|2\n|-unboost|p2a: Scovillain|spd|1\n|upkeep\n|turn|3\n|inactive|Daparox has 30 seconds left.\n|inactive|calacadura has 30 seconds left.\n|inactive|calacadura has 20 seconds left.\n|inactive|calacadura has 15 seconds left.\n|\n|t:|1788423517\n|switch|p2b: Sinistcha|Sinistcha, L50|100/100\n|-heal|p2a: Scovillain|100/100|[from] ability: Hospitality|[of] p2b: Sinistcha\n|switch|p1a: Mawile|Mawile, L50, M|100/100\n|move|p2a: Scovillain|Leech Seed|p1b: Kleavor\n|-start|p1b: Kleavor|move: Leech Seed\n|move|p1b: Kleavor|Brick Break|p2a: Scovillain\n|-sideend|p2: calacadura|Reflect\n|-damage|p2a: Scovillain|87/100\n|\n|-damage|p1b: Kleavor|41/100|[from] Leech Seed|[of] p2a: Scovillain\n|-heal|p2a: Scovillain|100/100|[silent]\n|-ability|p2a: Scovillain|Moody|boost\n|-boost|p2a: Scovillain|spe|2\n|-unboost|p2a: Scovillain|atk|1\n|upkeep\n|turn|4\n|inactive|Daparox has 30 seconds left.\n|\n|t:|1788423547\n|detailschange|p1a: Mawile|Mawile-Mega, L50, M\n|-mega|p1a: Mawile|Mawile|Mawilite\n|detailschange|p2a: Scovillain|Scovillain-Mega, L50, F\n|-mega|p2a: Scovillain|Scovillain|Scovillainite\n|move|p2a: Scovillain|Rage Powder|p2a: Scovillain\n|-singleturn|p2a: Scovillain|move: Rage Powder\n|move|p1a: Mawile|Play Rough|p2a: Scovillain\n|-resisted|p2a: Scovillain|1\n|-damage|p2a: Scovillain|84/100\n|-unboost|p2a: Scovillain|atk|1\n|-status|p1a: Mawile|brn|[from] ability: Spicy Spray|[of] p2a: Scovillain\n|move|p2b: Sinistcha|Calm Mind|p2b: Sinistcha\n|-boost|p2b: Sinistcha|spa|1\n|-boost|p2b: Sinistcha|spd|1\n|move|p1b: Kleavor|Stone Axe|p2a: Scovillain\n|-supereffective|p2a: Scovillain|1\n|-damage|p2a: Scovillain|50/100g\n|-status|p1b: Kleavor|brn|[from] ability: Spicy Spray|[of] p2a: Scovillain\n|\n|-damage|p1b: Kleavor|29/100 brn|[from] Leech Seed|[of] p2a: Scovillain\n|-heal|p2a: Scovillain|64/100|[silent]\n|-damage|p1a: Mawile|94/100 brn|[from] brn\n|-damage|p1b: Kleavor|23/100 brn|[from] brn\n|upkeep\n|turn|5\n|-message|Daparox forfeited.\n|\n|win|calacadura\n|raw|Daparox's rating: 1221 &rarr; <strong>1200</strong><br />(-21 for losing)\n|raw|calacadura's rating: 1279 &rarr; <strong>1300</strong><br />(+21 for winning)\n|l|☆Daparox\n|player|p1|\n","uploadtime":1788423562,"views":"1","formatid":"gen9championsvgc2026regmb","rating":1200,"private":0,"password":null}