{"id":"gen9championsvgc2026regmbbo3-2675027234","format":"[Gen 9 Champions] VGC 2026 Reg M-B (Bo3)","players":["Add DD ed","Qalumngg"],"log":"|j|☆Add DD ed\n|j|☆Qalumngg\n|html|<table width=\"100%\"><tr><td align=\"left\">Add DD ed</td><td align=\"right\">Qalumngg</tr><tr><td align=\"left\"><i class=\"fa fa-circle-o\"></i> <i class=\"fa fa-circle-o\"></i> </td><td align=\"right\"><i class=\"fa fa-circle-o\"></i> <i class=\"fa fa-circle-o\"></i> </tr></table>\n|uhtml|bestof|<h2><strong>Game 1</strong> of <a href=\"/game-bestof3-gen9championsvgc2026regmbbo3-2675027233\">a best-of-3</a></h2>\n|t:|1788450335\n|gametype|doubles\n|player|p1|Add DD ed|1|1000\n|player|p2|Qalumngg|richboy|1077\n|gen|9\n|tier|[Gen 9 Champions] VGC 2026 Reg M-B (Bo3)\n|rated|\n|rule|Species Clause: Limit one of each Pokémon\n|rule|Item Clause: Limit 1 of each item\n|clearpoke\n|poke|p1|Drampa, L50, M|\n|poke|p1|Slowbro-Galar, L50, F|\n|poke|p1|Houndstone, L50, F|\n|poke|p1|Scolipede, L50, M|\n|poke|p1|Pangoro, L50, F|\n|poke|p1|Sinistcha-Masterpiece, L50|\n|poke|p2|Swampert, L50, F|\n|poke|p2|Pelipper, L50, F|\n|poke|p2|Archaludon, L50, F|\n|poke|p2|Meganium, L50, M|\n|poke|p2|Overqwil, L50, M|\n|poke|p2|Clefable, L50, F|\n|teampreview|4\n|showteam|p1|Drampa||Drampanite|Berserk|HyperVoice,DragonPulse,Roost,Protect|Modest||M|||50|]Slowbro-Galar||QuickClaw|QuickDraw|ShellSideArm,IceBeam,Psychic,Protect|Quiet||F|||50|]Houndstone||SitrusBerry|Fluffy|LastRespects,Crunch,Yawn,WillOWisp|Adamant||F|||50|]Scolipede||ExpertBelt|SpeedBoost|Protect,LeechLife,GunkShot,RockSlide|Adamant||M|||50|]Pangoro||LifeOrb|Scrappy|BulletPunch,DarkestLariat,DrainPunch,Protect|Adamant||F|||50|]Sinistcha-Masterpiece||FocusSash|Hospitality|MatchaGotcha,LifeDew,RagePowder,ShadowBall|Modest|||||50|\n|showteam|p2|Swampert||Swampertite|Torrent|WaveCrash,Earthquake,HighHorsepower,Protect|Jolly||F|||50|]Pelipper||DampRock|Drizzle|Tailwind,WideGuard,RainDance,Hurricane|Bold||F|||50|]Archaludon||Leftovers|Stamina|ElectroShot,Protect,FlashCannon,DragonPulse|Modest||F|||50|]Meganium||Meganiumite|Overgrow|SolarBeam,Synthesis,Protect,WeatherBall|Timid||M|||50|]Overqwil||PoisonBarb|SwiftSwim|Waterfall,BarbBarrage,ThroatChop,Protect|Adamant||M|||50|]Clefable||SitrusBerry|Unaware|FollowMe,Moonblast,Protect,HelpingHand|Bold||F|||50|\n|c|☆Qalumngg|glhf\n|\n|t:|1788450385\n|teamsize|p1|4\n|teamsize|p2|4\n|start\n|switch|p1a: Drampa|Drampa, L50, M|100/100\n|switch|p1b: Pangoro|Pangoro, L50, F|100/100\n|switch|p2a: Pelipper|Pelipper, L50, F|100/100\n|switch|p2b: Meganium|Meganium, L50, M|100/100\n|-weather|RainDance|[from] ability: Drizzle|[of] p2a: Pelipper\n|turn|1\n|\n|t:|1788450403\n|switch|p2b: Clefable|Clefable, L50, F|100/100\n|detailschange|p1a: Drampa|Drampa-Mega, L50, M\n|-mega|p1a: Drampa|Drampa|Drampanite\n|move|p1b: Pangoro|Darkest Lariat|p2b: Clefable\n|-resisted|p2b: Clefable|1\n|-damage|p2b: Clefable|76/100\n|-damage|p1b: Pangoro|90/100|[from] item: Life Orb\n|move|p2a: Pelipper|Hurricane|p1b: Pangoro\n|-supereffective|p1b: Pangoro|1\n|-damage|p1b: Pangoro|0 fnt\n|faint|p1b: Pangoro\n|move|p1a: Drampa|Hyper Voice|p2b: Clefable|[spread] p2a,p2b\n|-damage|p2a: Pelipper|47/100\n|-damage|p2b: Clefable|33/100\n|-enditem|p2b: Clefable|Sitrus Berry|[eat]\n|-heal|p2b: Clefable|57/100|[from] item: Sitrus Berry\n|\n|-weather|RainDance|[upkeep]\n|upkeep\n|\n|t:|1788450422\n|switch|p1b: Houndstone|Houndstone, L50, F|100/100\n|turn|2\n|\n|t:|1788450431\n|move|p2a: Pelipper|Wide Guard|p2a: Pelipper\n|-singleturn|p2a: Pelipper|Wide Guard\n|move|p1b: Houndstone|Last Respects|p2b: Clefable\n|-damage|p2b: Clefable|17/100\n|move|p2b: Clefable|Moonblast|p1a: Drampa\n|-supereffective|p1a: Drampa|1\n|-damage|p1a: Drampa|37/100\n|-ability|p1a: Drampa|Berserk|boost\n|-boost|p1a: Drampa|spa|1\n|move|p1a: Drampa|Hyper Voice|p2b: Clefable|[spread] \n|-activate|p2a: Pelipper|move: Wide Guard\n|-activate|p2b: Clefable|move: Wide Guard\n|\n|-weather|RainDance|[upkeep]\n|upkeep\n|turn|3\n|\n|t:|1788450448\n|switch|p1b: Sinistcha|Sinistcha-Masterpiece, L50|100/100\n|-heal|p1a: Drampa|62/100|[from] ability: Hospitality|[of] p1b: Sinistcha\n|move|p1a: Drampa|Protect|p1a: Drampa\n|-singleturn|p1a: Drampa|Protect\n|move|p2a: Pelipper|Wide Guard|p2a: Pelipper\n|-singleturn|p2a: Pelipper|Wide Guard\n|move|p2b: Clefable|Moonblast|p1a: Drampa\n|-activate|p1a: Drampa|move: Protect\n|\n|-weather|RainDance|[upkeep]\n|upkeep\n|turn|4\n|\n|t:|1788450468\n|move|p1b: Sinistcha|Rage Powder|p1b: Sinistcha\n|-singleturn|p1b: Sinistcha|move: Rage Powder\n|move|p2b: Clefable|Follow Me|p2b: Clefable\n|-singleturn|p2b: Clefable|move: Follow Me\n|move|p2a: Pelipper|Hurricane|p1b: Sinistcha\n|-supereffective|p1b: Sinistcha|1\n|-damage|p1b: Sinistcha|13/100\n|move|p1a: Drampa|Dragon Pulse|p2b: Clefable\n|-immune|p2b: Clefable\n|\n|-weather|RainDance|[upkeep]\n|upkeep\n|turn|5\n|\n|t:|1788450481\n|move|p2a: Pelipper|Wide Guard|p2a: Pelipper\n|-singleturn|p2a: Pelipper|Wide Guard\n|move|p1b: Sinistcha|Life Dew|p1b: Sinistcha|[spread] p1a,p1b\n|-heal|p1a: Drampa|86/100\n|-heal|p1b: Sinistcha|39/100\n|move|p2b: Clefable|Moonblast|p1a: Drampa\n|-supereffective|p1a: Drampa|1\n|-damage|p1a: Drampa|30/100\n|-unboost|p1a: Drampa|spa|1\n|-ability|p1a: Drampa|Berserk|boost\n|-boost|p1a: Drampa|spa|1\n|move|p1a: Drampa|Hyper Voice|p2b: Clefable|[spread] \n|-activate|p2a: Pelipper|move: Wide Guard\n|-activate|p2b: Clefable|move: Wide Guard\n|\n|-weather|RainDance|[upkeep]\n|upkeep\n|turn|6\n|\n|t:|1788450503\n|move|p1b: Sinistcha|Rage Powder|p1b: Sinistcha\n|-singleturn|p1b: Sinistcha|move: Rage Powder\n|move|p2a: Pelipper|Hurricane|p1b: Sinistcha\n|-supereffective|p1b: Sinistcha|1\n|-damage|p1b: Sinistcha|0 fnt\n|faint|p1b: Sinistcha\n|move|p2b: Clefable|Moonblast|p1a: Drampa\n|-supereffective|p1a: Drampa|1\n|-damage|p1a: Drampa|0 fnt\n|faint|p1a: Drampa\n|\n|-weather|RainDance|[upkeep]\n|upkeep\n|\n|t:|1788450515\n|switch|p1a: Houndstone|Houndstone, L50, F|100/100\n|turn|7\n|\n|t:|1788450539\n|move|p2b: Clefable|Follow Me|p2b: Clefable\n|-singleturn|p2b: Clefable|move: Follow Me\n|move|p1a: Houndstone|Last Respects|p2b: Clefable\n|-damage|p2b: Clefable|0 fnt\n|faint|p2b: Clefable\n|move|p2a: Pelipper|Hurricane|p1a: Houndstone\n|-damage|p1a: Houndstone|61/100\n|-start|p1a: Houndstone|confusion\n|\n|-weather|RainDance|[upkeep]\n|upkeep\n|\n|t:|1788450546\n|switch|p2b: Meganium|Meganium, L50, M|100/100\n|turn|8\n|\n|t:|1788450554\n|detailschange|p2b: Meganium|Meganium-Mega, L50, M\n|-mega|p2b: Meganium|Meganium|Meganiumite\n|move|p2b: Meganium|Weather Ball|p1a: Houndstone\n|-damage|p1a: Houndstone|0 fnt\n|faint|p1a: Houndstone\n|\n|win|Qalumngg\n||Qalumngg is ready for game 2.\n|raw|Add DD ed's rating: 1000 &rarr; <strong>1000</strong><br />(+0 for losing)\n|raw|Qalumngg's rating: 1077 &rarr; <strong>1099</strong><br />(+22 for winning)\n|l|☆Add DD ed\n|player|p1|\n","uploadtime":1788450574,"views":"1","formatid":"gen9championsvgc2026regmbbo3","rating":1000,"private":0,"password":null}