{"id":"gen9championsvgc2026regmb-2674951160","format":"[Gen 9 Champions] VGC 2026 Reg M-B","players":["takesouth4093","Helloisapokemon"],"log":"|j|☆takesouth4093\n|j|☆Helloisapokemon\n|t:|1788440955\n|gametype|doubles\n|player|p1|takesouth4093|iris-gen5bw2|1000\n|player|p2|Helloisapokemon|riley|1043\n|gen|9\n|tier|[Gen 9 Champions] VGC 2026 Reg M-B\n|rated|\n|rule|Species Clause: Limit one of each Pokémon\n|rule|Item Clause: Limit 1 of each item\n|clearpoke\n|poke|p1|Staraptor, L50, F|\n|poke|p1|Arcanine-Hisui, L50, F|\n|poke|p1|Kingambit, L50, M|\n|poke|p1|Raichu, L50, F|\n|poke|p1|Whimsicott, L50, F|\n|poke|p1|Sylveon, L50, M|\n|poke|p2|Houndoom, L50, M|\n|poke|p2|Torkoal, L50, M|\n|poke|p2|Whimsicott, L50, M, shiny|\n|poke|p2|Venusaur, L50, M|\n|poke|p2|Aegislash, L50, M, shiny|\n|poke|p2|Basculegion, L50, M|\n|teampreview|4\n|inactive|Battle timer is ON: inactive players will automatically lose when time's up. (requested by Helloisapokemon)\n|\n|t:|1788440994\n|teamsize|p1|4\n|teamsize|p2|4\n|start\n|switch|p1a: Arcanine|Arcanine-Hisui, L50, F|100/100\n|switch|p1b: Whimsicott|Whimsicott, L50, F|100/100\n|switch|p2a: Basculegion|Basculegion, L50, M|100/100\n|switch|p2b: Whimsicott|Whimsicott, L50, M, shiny|100/100\n|turn|1\n|\n|t:|1788441013\n|switch|p1a: Kingambit|Kingambit, L50, M|100/100\n|move|p2b: Whimsicott|Tailwind|p2b: Whimsicott\n|-sidestart|p2: Helloisapokemon|move: Tailwind\n|move|p1b: Whimsicott|Tailwind|p1b: Whimsicott\n|-sidestart|p1: takesouth4093|move: Tailwind\n|move|p2a: Basculegion|Wave Crash|p1a: Kingambit\n|-damage|p1a: Kingambit|42/100\n|-damage|p2a: Basculegion|79/100|[from] Recoil\n|\n|upkeep\n|turn|2\n|inactive|takesouth4093 has 30 seconds left.\n|inactive|takesouth4093 has 20 seconds left.\n|\n|t:|1788441050\n|switch|p2a: Houndoom|Houndoom, L50, M|100/100\n|move|p1b: Whimsicott|Encore|p2b: Whimsicott\n|-start|p2b: Whimsicott|Encore\n|move|p2b: Whimsicott|Tailwind||[still]\n|-fail|p2b: Whimsicott\n|move|p1a: Kingambit|Sucker Punch||[still]\n|-fail|p1a: Kingambit\n|\n|upkeep\n|turn|3\n|inactive|takesouth4093 has 30 seconds left.\n|inactive|takesouth4093 has 20 seconds left.\n|\n|t:|1788441085\n|switch|p2b: Basculegion|Basculegion, L50, M|79/100\n|switch|p1b: Raichu|Raichu, L50, F|100/100\n|switch|p1a: Arcanine|Arcanine-Hisui, L50, F|100/100\n|detailschange|p2a: Houndoom|Houndoom-Mega, L50, M\n|-mega|p2a: Houndoom|Houndoom|Houndoominite\n|move|p2a: Houndoom|Heat Wave|p1a: Arcanine|[spread] p1b\n|-miss|p2a: Houndoom|p1a: Arcanine\n|-damage|p1b: Raichu|50/100g\n|\n|upkeep\n|turn|4\n|inactive|takesouth4093 has 30 seconds left.\n|inactive|Helloisapokemon has 30 seconds left.\n|\n|t:|1788441119\n|detailschange|p1b: Raichu|Raichu-Mega-Y, L50, F\n|-mega|p1b: Raichu|Raichu|Raichunite Y\n|move|p1a: Arcanine|Protect|p1a: Arcanine\n|-singleturn|p1a: Arcanine|Protect\n|move|p2b: Basculegion|Wave Crash|p1a: Arcanine\n|-activate|p1a: Arcanine|move: Protect\n|move|p1b: Raichu|Zap Cannon|p2b: Basculegion\n|-supereffective|p2b: Basculegion|1\n|-damage|p2b: Basculegion|0 fnt\n|faint|p2b: Basculegion\n|move|p2a: Houndoom|Heat Wave|p1a: Arcanine|[spread] p1b\n|-activate|p1a: Arcanine|move: Protect\n|-damage|p1b: Raichu|0 fnt\n|faint|p1b: Raichu\n|\n|-sideend|p2: Helloisapokemon|move: Tailwind\n|-sideend|p1: takesouth4093|move: Tailwind\n|upkeep\n|inactive|takesouth4093 has 30 seconds left.\n|\n|t:|1788441147\n|switch|p1b: Kingambit|Kingambit, L50, M|42/100\n|switch|p2b: Whimsicott|Whimsicott, L50, M, shiny|100/100\n|turn|5\n|\n|t:|1788441164\n|move|p2b: Whimsicott|Sunny Day|p2b: Whimsicott\n|-weather|SunnyDay\n|move|p2a: Houndoom|Dark Pulse|p1a: Arcanine\n|-damage|p1a: Arcanine|15/100\n|move|p1a: Arcanine|Head Smash|p2a: Houndoom\n|-supereffective|p2a: Houndoom|1\n|-damage|p2a: Houndoom|0 fnt\n|faint|p2a: Houndoom\n|move|p1b: Kingambit|Swords Dance|p1b: Kingambit\n|-boost|p1b: Kingambit|atk|2\n|\n|-weather|SunnyDay|[upkeep]\n|upkeep\n|\n|t:|1788441170\n|switch|p2a: Venusaur|Venusaur, L50, M|100/100\n|turn|6\n|inactive|takesouth4093 has 30 seconds left.\n|inactive|Helloisapokemon has 30 seconds left.\n|inactive|takesouth4093 has 20 seconds left.\n|inactive|Helloisapokemon has 20 seconds left.\n|inactive|takesouth4093 has 15 seconds left.\n|\n|t:|1788441214\n|move|p1a: Arcanine|Protect|p1a: Arcanine\n|-singleturn|p1a: Arcanine|Protect\n|move|p1b: Kingambit|Sucker Punch|p2a: Venusaur\n|-damage|p2a: Venusaur|0 fnt\n|faint|p2a: Venusaur\n|-damage|p1b: Kingambit|32/100|[from] item: Life Orb\n|move|p2b: Whimsicott|Moonblast|p1a: Arcanine\n|-activate|p1a: Arcanine|move: Protect\n|\n|-weather|SunnyDay|[upkeep]\n|upkeep\n|turn|7\n|-message|Helloisapokemon forfeited.\n|\n|win|takesouth4093\n|raw|takesouth4093's rating: 1000 &rarr; <strong>1045</strong><br />(+45 for winning)\n|raw|Helloisapokemon's rating: 1043 &rarr; <strong>1025</strong><br />(-18 for losing)\n|l|☆Helloisapokemon\n|player|p2|\n","uploadtime":1788441226,"views":"5","formatid":"gen9championsvgc2026regmb","rating":1025,"private":0,"password":null}