{"id":"gen9championsvgc2026regmbbo3-2674065337","format":"[Gen 9 Champions] VGC 2026 Reg M-B (Bo3)","players":["dgs27222","Pawah"],"log":"|j|☆dgs27222\n|j|☆Pawah\n|html|<table width=\"100%\"><tr><td align=\"left\">dgs27222</td><td align=\"right\">Pawah</tr><tr><td align=\"left\"><i class=\"fa fa-circle-o\"></i> <i class=\"fa fa-circle-o\"></i> </td><td align=\"right\"><i class=\"fa fa-circle-o\"></i> <i class=\"fa fa-circle-o\"></i> </tr></table>\n|uhtml|bestof|<h2><strong>Game 1</strong> of <a href=\"/game-bestof3-gen9championsvgc2026regmbbo3-2674065336\">a best-of-3</a></h2>\n|t:|1788294477\n|gametype|doubles\n|player|p1|dgs27222|hilbert-wonderlauncher|1090\n|player|p2|Pawah|ethan|1191\n|gen|9\n|tier|[Gen 9 Champions] VGC 2026 Reg M-B (Bo3)\n|rated|\n|rule|Species Clause: Limit one of each Pokémon\n|rule|Item Clause: Limit 1 of each item\n|clearpoke\n|poke|p1|Milotic, L50, F|\n|poke|p1|Tyranitar, L50, M|\n|poke|p1|Tsareena, L50, F|\n|poke|p1|Staraptor, L50, F|\n|poke|p1|Excadrill, L50, M|\n|poke|p1|Sneasler, L50, M|\n|poke|p2|Froslass, L50, F|\n|poke|p2|Scovillain, L50, M, shiny|\n|poke|p2|Basculegion, L50, M|\n|poke|p2|Kingambit, L50, M|\n|poke|p2|Sneasler, L50, M|\n|poke|p2|Lycanroc-Dusk, L50, F|\n|teampreview|4\n|showteam|p1|Milotic||Leftovers|Competitive|Scald,IceBeam,Recover,Protect|Modest||F|||50|]Tyranitar||ChoiceScarf|SandStream|RockSlide,IcePunch,LowKick,KnockOff|Jolly||M|||50|]Tsareena||WideLens|QueenlyMajesty|TripleAxel,Protect,Taunt,PowerWhip|Adamant||F|||50|]Staraptor||Staraptite|Intimidate|BraveBird,CloseCombat,Protect,Tailwind|Jolly||F|||50|]Excadrill||FocusSash|SandRush|IronHead,HighHorsepower,RockSlide,Protect|Adamant||M|||50|]Sneasler||LifeOrb|PoisonTouch|CloseCombat,PoisonJab,FakeOut,ThroatChop|Jolly||M|||50|\n|showteam|p2|Froslass||Froslassite|CursedBody|Blizzard,ShadowBall,AuroraVeil,Protect|Modest||F|||50|]Scovillain||Scovillainite|Moody|GigaDrain,Overheat,RagePowder,Protect|Bold||M|||50|]Basculegion||SitrusBerry|Adaptability|WaveCrash,LastRespects,AquaJet,Protect|Adamant||M|||50|]Kingambit||BlackGlasses|Defiant|KowtowCleave,SuckerPunch,SwordsDance,Protect|Adamant||M|||50|]Sneasler||WhiteHerb|Unburden|CloseCombat,GunkShot,Protect,FakeOut|Adamant||M|||50|]Lycanroc-Dusk||FocusSash|ToughClaws|CloseCombat,Accelerock,RockSlide,Protect|Adamant||F|||50|\n|inactive|Battle timer is ON: inactive players will automatically lose when time's up. (requested by Pawah)\n|inactive|dgs27222 has 60 seconds left.\n|\n|t:|1788294526\n|teamsize|p1|4\n|teamsize|p2|4\n|start\n|switch|p1a: Sneasler|Sneasler, L50, M|100/100\n|switch|p1b: Tyranitar|Tyranitar, L50, M|100/100\n|switch|p2a: Scovillain|Scovillain, L50, M, shiny|100/100\n|switch|p2b: Basculegion|Basculegion, L50, M|100/100\n|-weather|Sandstorm|[from] ability: Sand Stream|[of] p1b: Tyranitar\n|turn|1\n|\n|t:|1788294545\n|move|p2a: Scovillain|Protect|p2a: Scovillain\n|-singleturn|p2a: Scovillain|Protect\n|move|p2b: Basculegion|Protect|p2b: Basculegion\n|-singleturn|p2b: Basculegion|Protect\n|move|p1a: Sneasler|Poison Jab|p2a: Scovillain\n|-activate|p2a: Scovillain|move: Protect\n|move|p1b: Tyranitar|Knock Off|p2b: Basculegion\n|-activate|p2b: Basculegion|move: Protect\n|\n|-weather|Sandstorm|[upkeep]\n|-damage|p1a: Sneasler|94/100|[from] Sandstorm\n|-damage|p2a: Scovillain|94/100|[from] Sandstorm\n|-damage|p2b: Basculegion|94/100|[from] Sandstorm\n|-ability|p2a: Scovillain|Moody|boost\n|-boost|p2a: Scovillain|def|2\n|-unboost|p2a: Scovillain|spd|1\n|upkeep\n|turn|2\n|\n|t:|1788294565\n|detailschange|p2a: Scovillain|Scovillain-Mega, L50, M, shiny\n|-mega|p2a: Scovillain|Scovillain|Scovillainite\n|move|p2a: Scovillain|Rage Powder|p2a: Scovillain\n|-singleturn|p2a: Scovillain|move: Rage Powder\n|move|p1a: Sneasler|Poison Jab|p2a: Scovillain\n|-supereffective|p2a: Scovillain|1\n|-damage|p2a: Scovillain|44/100\n|-status|p1a: Sneasler|brn|[from] ability: Spicy Spray|[of] p2a: Scovillain\n|-status|p2a: Scovillain|psn|[from] ability: Poison Touch|[of] p1a: Sneasler\n|-damage|p1a: Sneasler|84/100 brn|[from] item: Life Orb\n|move|p1b: Tyranitar|Knock Off|p2a: Scovillain\n|-damage|p2a: Scovillain|26/100 psn\n|-status|p1b: Tyranitar|brn|[from] ability: Spicy Spray|[of] p2a: Scovillain\n|move|p2b: Basculegion|Wave Crash|p1b: Tyranitar\n|-supereffective|p1b: Tyranitar|1\n|-damage|p1b: Tyranitar|0 fnt\n|faint|p1b: Tyranitar\n|-damage|p2b: Basculegion|67/100|[from] Recoil\n|\n|-weather|Sandstorm|[upkeep]\n|-damage|p1a: Sneasler|79/100 brn|[from] Sandstorm\n|-damage|p2a: Scovillain|20/100y psn|[from] Sandstorm\n|-damage|p2b: Basculegion|61/100|[from] Sandstorm\n|-damage|p2a: Scovillain|8/100 psn|[from] psn\n|-damage|p1a: Sneasler|73/100 brn|[from] brn\n|upkeep\n|\n|t:|1788294585\n|switch|p1b: Excadrill|Excadrill, L50, M|100/100\n|turn|3\n|\n|t:|1788294599\n|switch|p1a: Tsareena|Tsareena, L50, F|100/100\n|move|p1b: Excadrill|Protect|p1b: Excadrill\n|-singleturn|p1b: Excadrill|Protect\n|move|p2b: Basculegion|Aqua Jet||[still]\n|cant|p1a: Tsareena|ability: Queenly Majesty|Aqua Jet|[of] p2b: Basculegion\n|move|p2a: Scovillain|Overheat|p1b: Excadrill\n|-activate|p1b: Excadrill|move: Protect\n|\n|-weather|Sandstorm|[upkeep]\n|-damage|p1a: Tsareena|93/100|[from] Sandstorm\n|-damage|p2a: Scovillain|2/100 psn|[from] Sandstorm\n|-damage|p2b: Basculegion|55/100|[from] Sandstorm\n|-damage|p2a: Scovillain|0 fnt|[from] psn\n|faint|p2a: Scovillain\n|upkeep\n|\n|t:|1788294607\n|switch|p2a: Sneasler|Sneasler, L50, M|100/100\n|turn|4\n|inactive|dgs27222 has 30 seconds left.\n|inactive|dgs27222 has 20 seconds left.\n|\n|t:|1788294645\n|move|p1b: Excadrill|High Horsepower|p2a: Sneasler\n|-supereffective|p2a: Sneasler|1\n|-damage|p2a: Sneasler|0 fnt\n|faint|p2a: Sneasler\n|move|p1a: Tsareena|Power Whip|p2b: Basculegion\n|-supereffective|p2b: Basculegion|1\n|-damage|p2b: Basculegion|0 fnt\n|faint|p2b: Basculegion\n|\n|-weather|Sandstorm|[upkeep]\n|-damage|p1a: Tsareena|87/100|[from] Sandstorm\n|upkeep\n|\n|t:|1788294664\n|switch|p2b: Kingambit|Kingambit, L50, M|100/100\n|turn|5\n|\n|t:|1788294676\n|move|p1b: Excadrill|High Horsepower|p2b: Kingambit\n|-supereffective|p2b: Kingambit|1\n|-damage|p2b: Kingambit|18/100\n|move|p1a: Tsareena|Power Whip|p2b: Kingambit\n|-resisted|p2b: Kingambit|1\n|-damage|p2b: Kingambit|0 fnt\n|faint|p2b: Kingambit\n|\n|win|dgs27222\n","uploadtime":1788294677,"views":"1","formatid":"gen9championsvgc2026regmbbo3","rating":null,"private":0,"password":null}