{"id":"gen9championsvgc2026regmb-2674713830","format":"[Gen 9 Champions] VGC 2026 Reg M-B","players":["Rillabossman","alysaliufann"],"log":"|j|☆Rillabossman\n|j|☆alysaliufann\n|t:|1788394677\n|gametype|doubles\n|player|p1|Rillabossman|burglar|\n|player|p2|alysaliufann|candice|\n|gen|9\n|tier|[Gen 9 Champions] VGC 2026 Reg M-B\n|rated|Tournament battle\n|rule|Species Clause: Limit one of each Pokémon\n|rule|Item Clause: Limit 1 of each item\n|raw|<div class=\"infobox\"><details class=\"readmore\" open><summary><strong>1 custom rule:</strong></summary> Force Open Team Sheets</details></div>\n|clearpoke\n|poke|p1|Gengar, L50, M|\n|poke|p1|Incineroar, L50, M|\n|poke|p1|Azumarill, L50, M|\n|poke|p1|Sinistcha-Masterpiece, L50|\n|poke|p1|Kommo-o, L50, F|\n|poke|p1|Tyranitar, L50, M|\n|poke|p2|Charizard, L50, F|\n|poke|p2|Whimsicott, L50, M|\n|poke|p2|Garchomp, L50, F|\n|poke|p2|Floette-Eternal, L50, F|\n|poke|p2|Basculegion, L50, M|\n|poke|p2|Kingambit, L50, F|\n|teampreview|4\n|showteam|p1|Gengar||Gengarite|CursedBody|SludgeBomb,ShadowBall,Substitute,Protect|Timid||M|||50|]Incineroar||ShucaBerry|Intimidate|FakeOut,FlareBlitz,PartingShot,ThroatChop|Careful||M|||50|]Azumarill||SitrusBerry|HugePower|BellyDrum,AquaJet,PlayRough,Protect|Adamant||M|||50|]Sinistcha-Masterpiece||OccaBerry|Hospitality|RagePowder,MatchaGotcha,LifeDew,Protect|Bold|||||50|]Kommo-o||Leftovers|Soundproof|ClangingScales,ClangorousSoul,AuraSphere,Protect|Modest||F|||50|]Tyranitar||ChoiceScarf|SandStream|KnockOff,RockSlide,LowKick,IcePunch|Adamant||M|||50|\n|showteam|p2|Charizard||CharizarditeY|Blaze|HeatWave,WeatherBall,SolarBeam,Protect|Timid||F|||50|]Whimsicott||FocusSash|Prankster|Moonblast,Tailwind,Encore,Protect|Timid||M|||50|]Garchomp||SitrusBerry|RoughSkin|DragonClaw,Earthquake,RockSlide,Protect|Jolly||F|||50|]Floette-Eternal||Floettite|FlowerVeil|Moonblast,DazzlingGleam,LightofRuin,Protect|Modest||F|||50|]Basculegion||LifeOrb|Adaptability|WaveCrash,LastRespects,AquaJet,Protect|Adamant||M|||50|]Kingambit||OccaBerry|Defiant|KowtowCleave,SuckerPunch,IronHead,LowKick|Adamant||F|||50|\n|c|☆Rillabossman|glhf\n|c|☆alysaliufann|glhf\n|j| Yache Burberry\n|\n|t:|1788394714\n|teamsize|p1|4\n|teamsize|p2|4\n|start\n|switch|p1a: The Purple One|Gengar, L50, M|100/100\n|switch|p1b: Stevie|Sinistcha-Masterpiece, L50|100/100\n|switch|p2a: Basculegion|Basculegion, L50, M|100/100\n|switch|p2b: Kingambit|Kingambit, L50, F|100/100\n|turn|1\n|j|#Radio Free C-Side\n|\n|t:|1788394740\n|detailschange|p1a: The Purple One|Gengar-Mega, L50, M\n|-mega|p1a: The Purple One|Gengar|Gengarite\n|move|p1a: The Purple One|Protect|p1a: The Purple One\n|-singleturn|p1a: The Purple One|Protect\n|move|p2a: Basculegion|Last Respects|p1a: The Purple One\n|-activate|p1a: The Purple One|move: Protect\n|move|p2b: Kingambit|Kowtow Cleave|p1a: The Purple One\n|-activate|p1a: The Purple One|move: Protect\n|move|p1b: Stevie|Matcha Gotcha|p2a: Basculegion|[spread] p2a,p2b\n|-supereffective|p2a: Basculegion|1\n|-resisted|p2b: Kingambit|1\n|-damage|p2a: Basculegion|48/100\n|-damage|p2b: Kingambit|86/100\n|\n|upkeep\n|turn|2\n|\n|t:|1788394748\n|move|p1b: Stevie|Rage Powder|p1b: Stevie\n|-singleturn|p1b: Stevie|move: Rage Powder\n|move|p1a: The Purple One|Shadow Ball|p2a: Basculegion\n|-supereffective|p2a: Basculegion|1\n|-damage|p2a: Basculegion|0 fnt\n|faint|p2a: Basculegion\n|move|p2b: Kingambit|Kowtow Cleave|p1b: Stevie\n|-supereffective|p1b: Stevie|1\n|-damage|p1b: Stevie|14/100\n|\n|upkeep\n|\n|t:|1788394762\n|switch|p2a: Charizard|Charizard, L50, F|100/100\n|turn|3\n|\n|t:|1788394773\n|detailschange|p2a: Charizard|Charizard-Mega-Y, L50, F\n|-mega|p2a: Charizard|Charizard|Charizardite Y\n|-weather|SunnyDay|[from] ability: Drought|[of] p2a: Charizard\n|move|p1a: The Purple One|Protect|p1a: The Purple One\n|-singleturn|p1a: The Purple One|Protect\n|move|p2b: Kingambit|Sucker Punch||[still]\n|-fail|p2b: Kingambit\n|move|p2a: Charizard|Heat Wave|p1a: The Purple One|[spread] \n|-activate|p1a: The Purple One|move: Protect\n|-miss|p2a: Charizard|p1b: Stevie\n|move|p1b: Stevie|Matcha Gotcha|p2a: Charizard|[spread] p2a,p2b\n|-resisted|p2a: Charizard|2\n|-resisted|p2b: Kingambit|1\n|-damage|p2a: Charizard|93/100\n|-heal|p1b: Stevie|17/100|[from] drain|[of] p2a: Charizard\n|-damage|p2b: Kingambit|72/100\n|-heal|p1b: Stevie|25/100|[from] drain|[of] p2b: Kingambit\n|\n|-weather|SunnyDay|[upkeep]\n|upkeep\n|turn|4\n|\n|t:|1788394788\n|switch|p1b: Marvin|Tyranitar, L50, M|100/100\n|-weather|Sandstorm|[from] ability: Sand Stream|[of] p1b: Marvin\n|move|p2b: Kingambit|Sucker Punch||[still]\n|-fail|p2b: Kingambit\n|move|p1a: The Purple One|Substitute|p1a: The Purple One\n|-start|p1a: The Purple One|Substitute\n|-damage|p1a: The Purple One|75/100\n|move|p2a: Charizard|Heat Wave|p1a: The Purple One|[spread] p1a\n|-miss|p2a: Charizard|p1b: Marvin\n|-end|p1a: The Purple One|Substitute\n|\n|-weather|Sandstorm|[upkeep]\n|-damage|p1a: The Purple One|69/100|[from] Sandstorm\n|-damage|p2a: Charizard|87/100|[from] Sandstorm\n|upkeep\n|turn|5\n|\n|t:|1788394801\n|move|p1a: The Purple One|Protect|p1a: The Purple One\n|-singleturn|p1a: The Purple One|Protect\n|move|p1b: Marvin|Low Kick|p2b: Kingambit\n|-supereffective|p2b: Kingambit|2\n|-damage|p2b: Kingambit|0 fnt\n|faint|p2b: Kingambit\n|move|p2a: Charizard|Weather Ball|p1a: The Purple One\n|-activate|p1a: The Purple One|move: Protect\n|\n|-weather|Sandstorm|[upkeep]\n|-damage|p1a: The Purple One|63/100|[from] Sandstorm\n|-damage|p2a: Charizard|81/100|[from] Sandstorm\n|upkeep\n|c|☆alysaliufann|nah i lost\n|c|☆alysaliufann|ggs\n|c|☆Rillabossman|ggs\n|-message|alysaliufann forfeited.\n|\n|win|Rillabossman\n|n|☆Rillabossman|rillabossman\n|n|☆alysaliufann|alysaliufann\n|n| Yache Burberry|yacheburberry\n|n|+Radio Free C-Side|radiofreecside\n|l|+Radio Free C-Side\n|l|☆alysaliufann\n|player|p2|\n|l| Yache Burberry\n","uploadtime":1788395945,"views":"0","formatid":"gen9championsvgc2026regmb","rating":null,"private":0,"password":null}