{"id":"gen9championsvgc2026regmbbo3-2674238569","format":"[Gen 9 Champions] VGC 2026 Reg M-B (Bo3)","players":["shibikanon","abhinav_vgc"],"log":"|j|☆shibikanon\n|j|☆abhinav_vgc\n|html|<table width=\"100%\"><tr><td align=\"left\">shibikanon</td><td align=\"right\">abhinav_vgc</tr><tr><td align=\"left\"><i class=\"fa fa-circle\"></i> <i class=\"fa fa-circle-o\"></i> </td><td align=\"right\"><i class=\"fa fa-circle-o\"></i> <i class=\"fa fa-circle\"></i> </tr></table>\n|uhtml|bestof|<h2><strong>Game 3</strong> of <a href=\"/game-bestof3-gen9championsvgc2026regmbbo3-2674235752\">a best-of-3</a></h2>\n|t:|1788320949\n|gametype|doubles\n|player|p1|shibikanon|skyla-masters3|1372\n|player|p2|abhinav_vgc|1|1255\n|gen|9\n|tier|[Gen 9 Champions] VGC 2026 Reg M-B (Bo3)\n|rated|\n|rule|Species Clause: Limit one of each Pokémon\n|rule|Item Clause: Limit 1 of each item\n|clearpoke\n|poke|p1|Charizard, L50, F, shiny|\n|poke|p1|Venusaur, L50, F|\n|poke|p1|Incineroar, L50, F|\n|poke|p1|Farigiraf, L50, M|\n|poke|p1|Sylveon, L50, F|\n|poke|p1|Rhyperior, L50, F|\n|poke|p2|Gengar, L50, M|\n|poke|p2|Incineroar, L50, M|\n|poke|p2|Staraptor, L50, M|\n|poke|p2|Kingambit, L50, M|\n|poke|p2|Whimsicott, L50, F|\n|poke|p2|Arcanine-Hisui, L50, M|\n|teampreview|4\n|showteam|p1|Charizard||CharizarditeY|Blaze|HeatWave,WeatherBall,AncientPower,Protect|Modest||F|||50|]Venusaur||FocusSash|Chlorophyll|SludgeBomb,LeafStorm,SleepPowder,Protect|Modest||F|||50|]Incineroar||PasshoBerry|Intimidate|FlareBlitz,DarkestLariat,PartingShot,FakeOut|Adamant||F|||50|]Farigiraf||SitrusBerry|ArmorTail|Psychic,Thunderbolt,TrickRoom,Protect|Quiet||M|||50|]Sylveon||FairyFeather|Pixilate|HyperVoice,Yawn,QuickAttack,Detect|Modest||F|||50|]Rhyperior||LifeOrb|SolidRock|HighHorsepower,RockSlide,IcePunch,Protect|Brave||F|||50|\n|showteam|p2|Gengar||Gengarite|CursedBody|ShadowBall,PerishSong,Disable,Protect|Timid||M|||50|]Incineroar||SitrusBerry|Intimidate|FakeOut,FlareBlitz,PartingShot,Protect|Careful||M|||50|]Staraptor||Staraptite|Intimidate|CloseCombat,BraveBird,Roost,Protect|Adamant||M|||50|]Kingambit||BlackGlasses|Defiant|KowtowCleave,SuckerPunch,IronHead,Protect|Adamant||M|||50|]Whimsicott||OccaBerry|Prankster|Tailwind,Moonblast,Charm,Encore|Calm||F|||50|]Arcanine-Hisui||FocusSash|RockHead|FlareBlitz,RockSlide,ExtremeSpeed,Protect|Jolly||M|||50|\n|inactive|Battle timer is ON: inactive players will automatically lose when time's up. (requested by shibikanon)\n|inactive|shibikanon has 60 seconds left.\n|\n|t:|1788320982\n|teamsize|p1|4\n|teamsize|p2|4\n|start\n|switch|p1a: Farigiraf|Farigiraf, L50, M|100/100\n|switch|p1b: Incineroar|Incineroar, L50, F|100/100\n|switch|p2a: Incineroar|Incineroar, L50, M|100/100\n|switch|p2b: Arcanine|Arcanine-Hisui, L50, M|100/100\n|-ability|p2a: Incineroar|Intimidate|boost\n|-unboost|p1a: Farigiraf|atk|1\n|-unboost|p1b: Incineroar|atk|1\n|-ability|p1b: Incineroar|Intimidate|boost\n|-unboost|p2a: Incineroar|atk|1\n|-unboost|p2b: Arcanine|atk|1\n|turn|1\n|\n|t:|1788320999\n|switch|p2b: Kingambit|Kingambit, L50, M|100/100\n|move|p1b: Incineroar|Fake Out|p2b: Kingambit\n|-resisted|p2b: Kingambit|1\n|-damage|p2b: Kingambit|96/100\n|move|p2a: Incineroar|Parting Shot|p1a: Farigiraf\n|-unboost|p1a: Farigiraf|atk|1\n|-unboost|p1a: Farigiraf|spa|1\n|\n|t:|1788321008\n|switch|p2a: Staraptor|Staraptor, L50, M|100/100|[from] Parting Shot\n|-ability|p2a: Staraptor|Intimidate|boost\n|-unboost|p1a: Farigiraf|atk|1\n|-unboost|p1b: Incineroar|atk|1\n|move|p1a: Farigiraf|Trick Room|p1a: Farigiraf\n|-fieldstart|move: Trick Room|[of] p1a: Farigiraf\n|\n|upkeep\n|turn|2\n|\n|t:|1788321022\n|switch|p1a: Sylveon|Sylveon, L50, F|100/100\n|detailschange|p2a: Staraptor|Staraptor-Mega, L50, M\n|-mega|p2a: Staraptor|Staraptor|Staraptite\n|move|p2b: Kingambit|Kowtow Cleave|p1a: Sylveon\n|-resisted|p1a: Sylveon|1\n|-damage|p1a: Sylveon|68/100\n|move|p1b: Incineroar|Flare Blitz|p2b: Kingambit\n|-supereffective|p2b: Kingambit|1\n|-damage|p2b: Kingambit|49/100\n|-damage|p1b: Incineroar|84/100|[from] Recoil\n|move|p2a: Staraptor|Close Combat|p1b: Incineroar\n|-supereffective|p1b: Incineroar|1\n|-damage|p1b: Incineroar|0 fnt\n|-boost|p2a: Staraptor|def|1\n|-boost|p2a: Staraptor|spd|1\n|faint|p1b: Incineroar\n|\n|upkeep\n|\n|t:|1788321035\n|switch|p1b: Rhyperior|Rhyperior, L50, F|100/100\n|turn|3\n|\n|t:|1788321045\n|switch|p2b: Incineroar|Incineroar, L50, M|100/100\n|-ability|p2b: Incineroar|Intimidate|boost\n|-unboost|p1a: Sylveon|atk|1\n|-unboost|p1b: Rhyperior|atk|1\n|move|p2a: Staraptor|Protect|p2a: Staraptor\n|-singleturn|p2a: Staraptor|Protect\n|move|p1b: Rhyperior|High Horsepower|p2b: Incineroar\n|-supereffective|p2b: Incineroar|1\n|-damage|p2b: Incineroar|5/100\n|-enditem|p2b: Incineroar|Sitrus Berry|[eat]\n|-heal|p2b: Incineroar|30/100|[from] item: Sitrus Berry\n|-damage|p1b: Rhyperior|90/100|[from] item: Life Orb\n|move|p1a: Sylveon|Hyper Voice|p2b: Incineroar|[spread] p2b\n|-activate|p2a: Staraptor|move: Protect\n|-damage|p2b: Incineroar|0 fnt\n|faint|p2b: Incineroar\n|\n|upkeep\n|\n|t:|1788321068\n|switch|p2b: Arcanine|Arcanine-Hisui, L50, M|100/100\n|turn|4\n|\n|t:|1788321080\n|move|p2b: Arcanine|Extreme Speed|p1a: Sylveon\n|-damage|p1a: Sylveon|43/100\n|move|p1b: Rhyperior|Ice Punch|p2a: Staraptor\n|-supereffective|p2a: Staraptor|1\n|-damage|p2a: Staraptor|65/100\n|-damage|p1b: Rhyperior|80/100|[from] item: Life Orb\n|move|p1a: Sylveon|Hyper Voice|p2b: Arcanine|[spread] p2a,p2b\n|-supereffective|p2a: Staraptor|1\n|-resisted|p2b: Arcanine|1\n|-crit|p2b: Arcanine\n|-damage|p2a: Staraptor|4/100\n|-damage|p2b: Arcanine|59/100\n|move|p2a: Staraptor|Close Combat|p1b: Rhyperior\n|-supereffective|p1b: Rhyperior|1\n|-crit|p1b: Rhyperior\n|-damage|p1b: Rhyperior|0 fnt\n|-boost|p2a: Staraptor|def|1\n|-boost|p2a: Staraptor|spd|1\n|faint|p1b: Rhyperior\n|\n|upkeep\n|\n|t:|1788321089\n|switch|p1b: Farigiraf|Farigiraf, L50, M|100/100\n|turn|5\n|\n|t:|1788321100\n|move|p2a: Staraptor|Protect|p2a: Staraptor\n|-singleturn|p2a: Staraptor|Protect\n|move|p2b: Arcanine|Protect|p2b: Arcanine\n|-singleturn|p2b: Arcanine|Protect\n|move|p1b: Farigiraf|Psychic|p2b: Arcanine\n|-activate|p2b: Arcanine|move: Protect\n|move|p1a: Sylveon|Hyper Voice|p2b: Arcanine|[spread] \n|-activate|p2a: Staraptor|move: Protect\n|-activate|p2b: Arcanine|move: Protect\n|\n|-fieldend|move: Trick Room\n|upkeep\n|turn|6\n|\n|t:|1788321116\n|switch|p2a: Kingambit|Kingambit, L50, M|49/100\n|move|p1a: Sylveon|Quick Attack|p2a: Kingambit\n|-damage|p2a: Kingambit|43/100\n|move|p2b: Arcanine|Flare Blitz|p1a: Sylveon\n|-damage|p1a: Sylveon|0 fnt\n|faint|p1a: Sylveon\n|move|p1b: Farigiraf|Psychic|p2b: Arcanine\n|-damage|p2b: Arcanine|11/100\n|\n|upkeep\n|turn|7\n|-message|shibikanon forfeited.\n|\n|win|abhinav_vgc\n|raw|shibikanon's rating: 1372 &rarr; <strong>1346</strong><br />(-26 for losing)\n|raw|abhinav_vgc's rating: 1255 &rarr; <strong>1288</strong><br />(+33 for winning)\n","uploadtime":1788321123,"views":"1","formatid":"gen9championsvgc2026regmbbo3","rating":1288,"private":0,"password":null}