{"id":"gen9championsvgc2026regmbbo3-2674149722","format":"[Gen 9 Champions] VGC 2026 Reg M-B (Bo3)","players":["BuffGyarados","Dkelly1126"],"log":"|j|☆BuffGyarados\n|j|☆Dkelly1126\n|html|<table width=\"100%\"><tr><td align=\"left\">BuffGyarados</td><td align=\"right\">Dkelly1126</tr><tr><td align=\"left\"><i class=\"fa fa-circle-o\"></i> <i class=\"fa fa-circle-o\"></i> </td><td align=\"right\"><i class=\"fa fa-circle-o\"></i> <i class=\"fa fa-circle\"></i> </tr></table>\n|uhtml|bestof|<h2><strong>Game 2</strong> of <a href=\"/game-bestof3-gen9championsvgc2026regmbbo3-2674147965\">a best-of-3</a></h2>\n|t:|1788306537\n|gametype|doubles\n|player|p1|BuffGyarados|cyrus|1041\n|player|p2|Dkelly1126|blue|1049\n|gen|9\n|tier|[Gen 9 Champions] VGC 2026 Reg M-B (Bo3)\n|rated|\n|rule|Species Clause: Limit one of each Pokémon\n|rule|Item Clause: Limit 1 of each item\n|clearpoke\n|poke|p1|Floette-Eternal, L50, F|\n|poke|p1|Basculegion, L50, M|\n|poke|p1|Kingambit, L50, M|\n|poke|p1|Dragonite, L50, F|\n|poke|p1|Garchomp, L50, F|\n|poke|p1|Sneasler, L50, F|\n|poke|p2|Charizard, L50, M|\n|poke|p2|Archaludon, L50, M|\n|poke|p2|Pelipper, L50, F|\n|poke|p2|Grimmsnarl, L50, M|\n|poke|p2|Venusaur, L50, F|\n|poke|p2|Swampert, L50, M|\n|teampreview|4\n|showteam|p1|Floette-Eternal||Floettite|FlowerVeil|Moonblast,DazzlingGleam,LightofRuin,Protect|Timid||F|||50|]Basculegion||LifeOrb|SwiftSwim|WaveCrash,AquaJet,LastRespects,Protect|Adamant||M|||50|]Kingambit||ChopleBerry|Defiant|SuckerPunch,KowtowCleave,LowKick,IronHead|Adamant||M|||50|]Dragonite||Dragoninite|Multiscale|DragonPulse,HeatWave,ExtremeSpeed,Protect|Modest||F|||50|]Garchomp||ChoiceScarf|RoughSkin|DragonClaw,StompingTantrum,Earthquake,RockSlide|Adamant||F|||50|]Sneasler||FocusSash|PoisonTouch|CloseCombat,DireClaw,FakeOut,Feint|Jolly||F|||50|\n|showteam|p2|Charizard||CharizarditeY|SolarPower|Protect,HeatWave,WeatherBall,Hurricane|Modest||M|||50|]Archaludon||Leftovers|Stamina|ElectroShot,Protect,FlashCannon,DragonPulse|Calm||M|||50|]Pelipper||SitrusBerry|Drizzle|Hurricane,WeatherBall,Tailwind,WideGuard|Bold||F|||50|]Grimmsnarl||LightClay|Prankster|LightScreen,Reflect,SpiritBreak,PartingShot|Sassy||M|||50|]Venusaur||FocusSash|Chlorophyll|Protect,SludgeBomb,LeafStorm,SleepPowder|Modest||F|||50|]Swampert||Swampertite|Torrent|Protect,WaveCrash,Earthquake,IcePunch|Adamant||M|||50|\n|inactive|Battle timer is ON: inactive players will automatically lose when time's up. (requested by BuffGyarados)\n|inactive|BuffGyarados has 60 seconds left.\n|\n|t:|1788306577\n|teamsize|p1|4\n|teamsize|p2|4\n|start\n|switch|p1a: Garchomp|Garchomp, L50, F|100/100\n|switch|p1b: Dragonite|Dragonite, L50, F|100/100\n|switch|p2a: Venusaur|Venusaur, L50, F|100/100\n|switch|p2b: Charizard|Charizard, L50, M|100/100\n|turn|1\n|inactive|Dkelly1126 has 30 seconds left.\n|\n|t:|1788306603\n|detailschange|p2b: Charizard|Charizard-Mega-Y, L50, M\n|-mega|p2b: Charizard|Charizard|Charizardite Y\n|-weather|SunnyDay|[from] ability: Drought|[of] p2b: Charizard\n|detailschange|p1b: Dragonite|Dragonite-Mega, L50, F\n|-mega|p1b: Dragonite|Dragonite|Dragoninite\n|move|p2a: Venusaur|Sleep Powder|p1a: Garchomp\n|-status|p1a: Garchomp|slp|[from] move: Sleep Powder\n|cant|p1a: Garchomp|slp\n|move|p1b: Dragonite|Heat Wave|p2a: Venusaur|[spread] p2a,p2b\n|-supereffective|p2a: Venusaur|1\n|-resisted|p2b: Charizard|1\n|-enditem|p2a: Venusaur|Focus Sash\n|-damage|p2a: Venusaur|1/100\n|-damage|p2b: Charizard|81/100\n|-status|p2a: Venusaur|brn\n|move|p2b: Charizard|Weather Ball|p1b: Dragonite\n|-resisted|p1b: Dragonite|1\n|-damage|p1b: Dragonite|80/100\n|\n|-weather|SunnyDay|[upkeep]\n|-damage|p2a: Venusaur|0 fnt|[from] brn\n|faint|p2a: Venusaur\n|upkeep\n|\n|t:|1788306624\n|switch|p2a: Grimmsnarl|Grimmsnarl, L50, M|100/100\n|turn|2\n|inactive|BuffGyarados has 30 seconds left.\n|\n|t:|1788306655\n|move|p2a: Grimmsnarl|Reflect|p2a: Grimmsnarl\n|-sidestart|p2: Dkelly1126|Reflect\n|cant|p1a: Garchomp|slp\n|move|p1b: Dragonite|Heat Wave|p2a: Grimmsnarl|[spread] p2a,p2b\n|-resisted|p2b: Charizard|1\n|-damage|p2a: Grimmsnarl|62/100\n|-damage|p2b: Charizard|62/100\n|move|p2b: Charizard|Heat Wave|p1a: Garchomp|[spread] p1a,p1b\n|-resisted|p1a: Garchomp|1\n|-resisted|p1b: Dragonite|1\n|-damage|p1a: Garchomp|69/100 slp\n|-damage|p1b: Dragonite|54/100\n|\n|-weather|SunnyDay|[upkeep]\n|upkeep\n|turn|3\n|\n|t:|1788306672\n|move|p2a: Grimmsnarl|Parting Shot|p1a: Garchomp\n|-unboost|p1a: Garchomp|atk|1\n|-unboost|p1a: Garchomp|spa|1\n|\n|t:|1788306676\n|switch|p2a: Archaludon|Archaludon, L50, M|100/100|[from] Parting Shot\n|-curestatus|p1a: Garchomp|slp|[msg]\n|move|p1a: Garchomp|Rock Slide|p2a: Archaludon|[spread] p2a,p2b\n|-resisted|p2a: Archaludon|1\n|-supereffective|p2b: Charizard|2\n|-damage|p2a: Archaludon|96/100\n|-damage|p2b: Charizard|22/100\n|-ability|p2a: Archaludon|Stamina|boost\n|-boost|p2a: Archaludon|def|1\n|move|p1b: Dragonite|Dragon Pulse|p2b: Charizard\n|-damage|p2b: Charizard|0 fnt\n|faint|p2b: Charizard\n|\n|-weather|SunnyDay|[upkeep]\n|-heal|p2a: Archaludon|100/100|[from] item: Leftovers\n|upkeep\n|\n|t:|1788306689\n|switch|p2b: Grimmsnarl|Grimmsnarl, L50, M|62/100\n|turn|4\n|\n|t:|1788306707\n|move|p2b: Grimmsnarl|Light Screen|p2b: Grimmsnarl\n|-sidestart|p2: Dkelly1126|move: Light Screen\n|move|p1a: Garchomp|Rock Slide|p2b: Grimmsnarl|[spread] p2a,p2b\n|-resisted|p2a: Archaludon|1\n|-crit|p2a: Archaludon\n|-damage|p2a: Archaludon|88/100\n|-damage|p2b: Grimmsnarl|52/100\n|-ability|p2a: Archaludon|Stamina|boost\n|-boost|p2a: Archaludon|def|1\n|move|p1b: Dragonite|Heat Wave|p2a: Archaludon|[spread] p2a,p2b\n|-damage|p2a: Archaludon|58/100\n|-damage|p2b: Grimmsnarl|26/100\n|-ability|p2a: Archaludon|Stamina|boost\n|-boost|p2a: Archaludon|def|1\n|cant|p2a: Archaludon|flinch\n|\n|-weather|SunnyDay|[upkeep]\n|-heal|p2a: Archaludon|64/100|[from] item: Leftovers\n|upkeep\n|turn|5\n|\n|t:|1788306727\n|move|p2b: Grimmsnarl|Parting Shot|p1b: Dragonite\n|-unboost|p1b: Dragonite|atk|1\n|-unboost|p1b: Dragonite|spa|1\n|move|p1a: Garchomp|Rock Slide|p2a: Archaludon|[spread] p2a,p2b\n|-resisted|p2a: Archaludon|1\n|-damage|p2a: Archaludon|63/100\n|-damage|p2b: Grimmsnarl|17/100\n|-ability|p2a: Archaludon|Stamina|boost\n|-boost|p2a: Archaludon|def|1\n|move|p1b: Dragonite|Heat Wave|p2a: Archaludon|[spread] p2a,p2b\n|-damage|p2a: Archaludon|45/100\n|-damage|p2b: Grimmsnarl|1/100\n|-ability|p2a: Archaludon|Stamina|boost\n|-boost|p2a: Archaludon|def|1\n|move|p2a: Archaludon|Dragon Pulse|p1b: Dragonite\n|-supereffective|p1b: Dragonite|1\n|-damage|p1b: Dragonite|0 fnt\n|faint|p1b: Dragonite\n|\n|-weather|none\n|-heal|p2a: Archaludon|51/100|[from] item: Leftovers\n|upkeep\n|\n|t:|1788306744\n|switch|p1b: Sneasler|Sneasler, L50, F|100/100\n|turn|6\n|\n|t:|1788306767\n|move|p1b: Sneasler|Fake Out|p2b: Grimmsnarl\n|-damage|p2b: Grimmsnarl|0 fnt\n|faint|p2b: Grimmsnarl\n|move|p1a: Garchomp|Rock Slide|p2a: Archaludon\n|-resisted|p2a: Archaludon|1\n|-damage|p2a: Archaludon|49/100\n|-ability|p2a: Archaludon|Stamina|boost\n|-boost|p2a: Archaludon|def|1\n|move|p2a: Archaludon|Dragon Pulse|p1b: Sneasler\n|-damage|p1b: Sneasler|53/100\n|\n|-heal|p2a: Archaludon|55/100|[from] item: Leftovers\n|upkeep\n|turn|7\n|\n|t:|1788306781\n|move|p2a: Archaludon|Protect|p2a: Archaludon\n|-singleturn|p2a: Archaludon|Protect\n|move|p1a: Garchomp|Rock Slide|p2a: Archaludon\n|-activate|p2a: Archaludon|move: Protect\n|move|p1b: Sneasler|Close Combat|p2a: Archaludon\n|-activate|p2a: Archaludon|move: Protect\n|\n|-heal|p2a: Archaludon|61/100|[from] item: Leftovers\n|upkeep\n|turn|8\n|\n|t:|1788306793\n|move|p1a: Garchomp|Rock Slide|p2a: Archaludon\n|-resisted|p2a: Archaludon|1\n|-damage|p2a: Archaludon|60/100\n|move|p1b: Sneasler|Close Combat|p2a: Archaludon\n|-supereffective|p2a: Archaludon|1\n|-damage|p2a: Archaludon|44/100\n|-unboost|p1b: Sneasler|def|1\n|-unboost|p1b: Sneasler|spd|1\n|move|p2a: Archaludon|Electro Shot||[still]\n|-prepare|p2a: Archaludon|Electro Shot\n|-boost|p2a: Archaludon|spa|1\n|\n|-heal|p2a: Archaludon|50/100g|[from] item: Leftovers\n|upkeep\n|turn|9\n|\n|t:|1788306813\n|move|p1a: Garchomp|Rock Slide|p2a: Archaludon|[miss]\n|-miss|p1a: Garchomp|p2a: Archaludon\n|move|p1b: Sneasler|Close Combat|p2a: Archaludon\n|-supereffective|p2a: Archaludon|1\n|-damage|p2a: Archaludon|35/100\n|-unboost|p1b: Sneasler|def|1\n|-unboost|p1b: Sneasler|spd|1\n|move|p2a: Archaludon|Electro Shot|p1b: Sneasler|[from] lockedmove\n|-damage|p1b: Sneasler|0 fnt\n|faint|p1b: Sneasler\n|\n|-heal|p2a: Archaludon|41/100|[from] item: Leftovers\n|-sideend|p2: Dkelly1126|Reflect\n|upkeep\n|\n|t:|1788306822\n|switch|p1b: Floette|Floette-Eternal, L50, F|100/100\n|turn|10\n|\n|t:|1788306830\n|move|p1a: Garchomp|Rock Slide|p2a: Archaludon\n|-resisted|p2a: Archaludon|1\n|-damage|p2a: Archaludon|39/100\n|move|p1b: Floette|Light of Ruin|p2a: Archaludon\n|-damage|p2a: Archaludon|0 fnt\n|faint|p2a: Archaludon\n|-damage|p1b: Floette|74/100|[from] Recoil\n|\n|win|BuffGyarados\n|l|☆BuffGyarados\n|player|p1|\n||Dkelly1126 is ready for game 3.\n","uploadtime":1788306837,"views":"1","formatid":"gen9championsvgc2026regmbbo3","rating":null,"private":0,"password":null}