{"id":"gen9championsvgc2026regmb-2674619832","format":"[Gen 9 Champions] VGC 2026 Reg M-B","players":["disciple of blahaj","JopDone"],"log":"|j|☆disciple of blahaj\n|j|☆JopDone\n|t:|1788381156\n|gametype|doubles\n|player|p1|disciple of blahaj|jacinthe|1199\n|player|p2|JopDone|palmer|1255\n|gen|9\n|tier|[Gen 9 Champions] VGC 2026 Reg M-B\n|rated|\n|rule|Species Clause: Limit one of each Pokémon\n|rule|Item Clause: Limit 1 of each item\n|clearpoke\n|poke|p1|Gengar, L50, M, shiny|\n|poke|p1|Grimmsnarl, L50, M|\n|poke|p1|Incineroar, L50, M|\n|poke|p1|Charizard, L50, M|\n|poke|p1|Pelipper, L50, M|\n|poke|p1|Primarina, L50, F|\n|poke|p2|Golurk, L50|\n|poke|p2|Incineroar, L50, M|\n|poke|p2|Farigiraf, L50, F|\n|poke|p2|Torkoal, L50, F|\n|poke|p2|Whimsicott, L50, F|\n|poke|p2|Corviknight, L50, M|\n|teampreview|4\n|inactive|Battle timer is ON: inactive players will automatically lose when time's up. (requested by disciple of blahaj)\n|inactive|disciple of blahaj has 60 seconds left.\n|inactive|JopDone has 60 seconds left.\n|\n|t:|1788381226\n|teamsize|p1|4\n|teamsize|p2|4\n|start\n|switch|p1a: Incineroar|Incineroar, L50, M|100/100\n|switch|p1b: Primarina|Primarina, L50, F|100/100\n|switch|p2a: Farigiraf|Farigiraf, L50, F|100/100\n|switch|p2b: Incineroar|Incineroar, L50, M|100/100\n|-ability|p2b: Incineroar|Intimidate|boost\n|-unboost|p1a: Incineroar|atk|1\n|-unboost|p1b: Primarina|atk|1\n|-ability|p1a: Incineroar|Intimidate|boost\n|-unboost|p2a: Farigiraf|atk|1\n|-unboost|p2b: Incineroar|atk|1\n|turn|1\n|inactive|JopDone has 30 seconds left.\n|inactive|JopDone has 20 seconds left.\n|inactive|JopDone has 15 seconds left.\n|inactive|JopDone has 10 seconds left.\n|\n|t:|1788381273\n|move|p2b: Incineroar|Fake Out|p1b: Primarina\n|-damage|p1b: Primarina|93/100\n|cant|p1b: Primarina|flinch\n|move|p1a: Incineroar|Darkest Lariat|p2a: Farigiraf\n|-supereffective|p2a: Farigiraf|1\n|-enditem|p2a: Farigiraf|Colbur Berry|[eat]\n|-enditem|p2a: Farigiraf|Colbur Berry|[weaken]\n|-damage|p2a: Farigiraf|81/100\n|move|p2a: Farigiraf|Trick Room|p2a: Farigiraf\n|-fieldstart|move: Trick Room|[of] p2a: Farigiraf\n|\n|-heal|p1b: Primarina|98/100|[from] item: Leftovers\n|upkeep\n|turn|2\n|inactive|JopDone has 30 seconds left.\n|\n|t:|1788381307\n|switch|p2a: Torkoal|Torkoal, L50, F|100/100\n|-weather|SunnyDay|[from] ability: Drought|[of] p2a: Torkoal\n|move|p1a: Incineroar|Parting Shot|p2a: Torkoal\n|-unboost|p2a: Torkoal|atk|1\n|-unboost|p2a: Torkoal|spa|1\n|\n|t:|1788381313\n|switch|p1a: Pelipper|Pelipper, L50, M|100/100|[from] Parting Shot\n|-weather|RainDance|[from] ability: Drizzle|[of] p1a: Pelipper\n|move|p1b: Primarina|Hyper Voice|p2b: Incineroar|[spread] p2a,p2b\n|-supereffective|p2a: Torkoal|1\n|-supereffective|p2b: Incineroar|1\n|-damage|p2a: Torkoal|0 fnt\n|-damage|p2b: Incineroar|24/100\n|faint|p2a: Torkoal\n|move|p2b: Incineroar|Parting Shot|p1b: Primarina\n|-unboost|p1b: Primarina|atk|1\n|-unboost|p1b: Primarina|spa|1\n|\n|t:|1788381327\n|switch|p2b: Golurk|Golurk, L50|100/100|[from] Parting Shot\n|\n|-weather|RainDance|[upkeep]\n|-heal|p1b: Primarina|100/100|[from] item: Leftovers\n|upkeep\n|\n|t:|1788381334\n|switch|p2a: Farigiraf|Farigiraf, L50, F|81/100\n|turn|3\n|inactive|JopDone has 30 seconds left.\n|\n|t:|1788381361\n|switch|p1a: Incineroar|Incineroar, L50, M|100/100\n|-ability|p1a: Incineroar|Intimidate|boost\n|-unboost|p2a: Farigiraf|atk|1\n|-unboost|p2b: Golurk|atk|1\n|detailschange|p2b: Golurk|Golurk-Mega, L50\n|-mega|p2b: Golurk|Golurk|Golurkite\n|move|p2a: Farigiraf|Ally Switch|p2a: Farigiraf\n|swap|p2a: Farigiraf|1|[from] move: Ally Switch\n|move|p2a: Golurk|Poltergeist|p1b: Primarina\n|-activate|p1b: Primarina|move: Poltergeist|Leftovers\n|-damage|p1b: Primarina|53/100\n|move|p1b: Primarina|Hyper Voice|p2b: Farigiraf|[spread] p2a,p2b\n|-supereffective|p2a: Golurk|1\n|-damage|p2a: Golurk|43/100\n|-damage|p2b: Farigiraf|55/100\n|\n|-weather|RainDance|[upkeep]\n|-heal|p1b: Primarina|59/100|[from] item: Leftovers\n|upkeep\n|turn|4\n|inactive|disciple of blahaj has 30 seconds left.\n|inactive|JopDone has 30 seconds left.\n|\n|t:|1788381391\n|move|p2b: Farigiraf|Helping Hand|p2a: Golurk\n|-singleturn|p2a: Golurk|Helping Hand|[of] p2b: Farigiraf\n|move|p2a: Golurk|Poltergeist|p1b: Primarina\n|-activate|p1b: Primarina|move: Poltergeist|Leftovers\n|-damage|p1b: Primarina|0 fnt\n|faint|p1b: Primarina\n|move|p1a: Incineroar|Darkest Lariat|p2b: Farigiraf\n|-supereffective|p2b: Farigiraf|1\n|-damage|p2b: Farigiraf|0 fnt\n|faint|p2b: Farigiraf\n|\n|-weather|RainDance|[upkeep]\n|upkeep\n|\n|t:|1788381406\n|switch|p2b: Incineroar|Incineroar, L50, M|24/100\n|switch|p1b: Charizard|Charizard, L50, M|100/100\n|-ability|p2b: Incineroar|Intimidate|boost\n|-unboost|p1a: Incineroar|atk|1\n|-unboost|p1b: Charizard|atk|1\n|turn|5\n|\n|t:|1788381424\n|detailschange|p1b: Charizard|Charizard-Mega-Y, L50, M\n|-mega|p1b: Charizard|Charizard|Charizardite Y\n|-weather|SunnyDay|[from] ability: Drought|[of] p1b: Charizard\n|move|p1a: Incineroar|Protect|p1a: Incineroar\n|-singleturn|p1a: Incineroar|Protect\n|move|p1b: Charizard|Protect|p1b: Charizard\n|-singleturn|p1b: Charizard|Protect\n|move|p2a: Golurk|Headlong Rush|p1a: Incineroar\n|-supereffective|p1a: Incineroar|1\n|-ability|p2a: Golurk|Unseen Fist\n|-zbroken|p1a: Incineroar\n|-damage|p1a: Incineroar|78/100\n|-unboost|p2a: Golurk|def|1\n|-unboost|p2a: Golurk|spd|1\n|move|p2b: Incineroar|Parting Shot|p1b: Charizard\n|-activate|p1b: Charizard|move: Protect\n|\n|-weather|SunnyDay|[upkeep]\n|-fieldend|move: Trick Room\n|upkeep\n|turn|6\n|-message|JopDone forfeited.\n|\n|win|disciple of blahaj\n|raw|disciple of blahaj's rating: 1199 &rarr; <strong>1228</strong><br />(+29 for winning)\n|raw|JopDone's rating: 1255 &rarr; <strong>1226</strong><br />(-29 for losing)\n|l|☆JopDone\n|player|p2|\n","uploadtime":1788381445,"views":"6","formatid":"gen9championsvgc2026regmb","rating":1226,"private":0,"password":null}