{"id":"gen9championsvgc2026regmb-2674255139","format":"[Gen 9 Champions] VGC 2026 Reg M-B","players":["Thornlace48812","imgonnalosefs"],"log":"|j|☆Thornlace48812\n|j|☆imgonnalosefs\n|t:|1788324439\n|gametype|doubles\n|player|p1|Thornlace48812|1|1053\n|player|p2|imgonnalosefs|169|1026\n|gen|9\n|tier|[Gen 9 Champions] VGC 2026 Reg M-B\n|rated|\n|rule|Species Clause: Limit one of each Pokémon\n|rule|Item Clause: Limit 1 of each item\n|clearpoke\n|poke|p1|Garchomp, L50, M|\n|poke|p1|Charizard, L50, M|\n|poke|p1|Whimsicott, L50, M|\n|poke|p1|Sylveon, L50, M|\n|poke|p1|Kingambit, L50, F|\n|poke|p1|Basculegion, L50, M|\n|poke|p2|Gengar, L50, F|\n|poke|p2|Incineroar, L50, M|\n|poke|p2|Sinistcha-Masterpiece, L50|\n|poke|p2|Meowscarada, L50, F|\n|poke|p2|Palafin, L50, M|\n|poke|p2|Primarina, L50, M|\n|teampreview|4\n|inactive|Battle timer is ON: inactive players will automatically lose when time's up. (requested by Thornlace48812)\nThornlace48812 rejected open team sheets.\n|\n|t:|1788324454\n|teamsize|p1|4\n|teamsize|p2|4\n|start\n|switch|p1a: Charizard|Charizard, L50, M|100/100\n|switch|p1b: Whimsicott|Whimsicott, L50, M|100/100\n|switch|p2a: Gengar|Gengar, L50, F|100/100\n|switch|p2b: Sinistcha|Sinistcha-Masterpiece, L50|100/100\n|turn|1\n|\n|t:|1788324466\n|detailschange|p2a: Gengar|Gengar-Mega, L50, F\n|-mega|p2a: Gengar|Gengar|Gengarite\n|detailschange|p1a: Charizard|Charizard-Mega-Y, L50, M\n|-mega|p1a: Charizard|Charizard|Charizardite Y\n|-weather|SunnyDay|[from] ability: Drought|[of] p1a: Charizard\n|move|p2b: Sinistcha|Rage Powder|p2b: Sinistcha\n|-singleturn|p2b: Sinistcha|move: Rage Powder\n|move|p2a: Gengar|Perish Song|p2a: Gengar\n|-start|p1a: Charizard|perish3|[silent]\n|-start|p1b: Whimsicott|perish3|[silent]\n|-start|p2a: Gengar|perish3|[silent]\n|-start|p2b: Sinistcha|perish3|[silent]\n|-fieldactivate|move: Perish Song\n|move|p1b: Whimsicott|Moonblast|p2b: Sinistcha\n|-damage|p2b: Sinistcha|53/100\n|move|p1a: Charizard|Heat Wave|p2a: Gengar|[spread] p2a,p2b\n|-supereffective|p2b: Sinistcha|1\n|-damage|p2a: Gengar|5/100\n|-damage|p2b: Sinistcha|0 fnt\n|faint|p2b: Sinistcha\n|\n|-weather|SunnyDay|[upkeep]\n|-start|p2a: Gengar|perish3\n|-start|p1b: Whimsicott|perish3\n|-start|p1a: Charizard|perish3\n|upkeep\n|\n|t:|1788324485\n|switch|p2b: Incineroar|Incineroar, L50, M|100/100\n|turn|2\n|\n|t:|1788324494\n|move|p2a: Gengar|Protect|p2a: Gengar\n|-singleturn|p2a: Gengar|Protect\n|move|p2b: Incineroar|Fake Out|p1a: Charizard\n|-damage|p1a: Charizard|86/100\n|move|p1b: Whimsicott|Tailwind|p1b: Whimsicott\n|-sidestart|p1: Thornlace48812|move: Tailwind\n|cant|p1a: Charizard|flinch\n|\n|-weather|SunnyDay|[upkeep]\n|-start|p1b: Whimsicott|perish2\n|-start|p1a: Charizard|perish2\n|-start|p2a: Gengar|perish2\n|upkeep\n|turn|3\n|inactive|imgonnalosefs has 30 seconds left.\n|\n|t:|1788324522\n|move|p1b: Whimsicott|Encore|p2a: Gengar\n|-start|p2a: Gengar|Encore\n|move|p2a: Gengar|Protect||[still]\n|-fail|p2a: Gengar\n|move|p1a: Charizard|Ancient Power|p2b: Incineroar\n|-supereffective|p2b: Incineroar|1\n|-damage|p2b: Incineroar|56/100\n|move|p2b: Incineroar|Parting Shot|p1a: Charizard\n|-unboost|p1a: Charizard|atk|1\n|-unboost|p1a: Charizard|spa|1\n|\n|t:|1788324532\n|switch|p2b: Primarina|Primarina, L50, M|100/100|[from] Parting Shot\n|\n|-weather|SunnyDay|[upkeep]\n|-start|p1b: Whimsicott|perish1\n|-start|p1a: Charizard|perish1\n|-start|p2a: Gengar|perish1\n|upkeep\n|turn|4\n|\n|t:|1788324549\n|switch|p2a: Incineroar|Incineroar, L50, M|56/100\n|move|p1b: Whimsicott|Moonblast|p2b: Primarina\n|-crit|p2b: Primarina\n|-damage|p2b: Primarina|51/100\n|move|p1a: Charizard|Heat Wave|p2b: Primarina|[spread] p2b\n|-miss|p1a: Charizard|p2a: Incineroar\n|-resisted|p2b: Primarina|1\n|-damage|p2b: Primarina|34/100\n|move|p2b: Primarina|Hyper Voice|p1b: Whimsicott|[spread] p1a,p1b\n|-supereffective|p1a: Charizard|1\n|-resisted|p1b: Whimsicott|1\n|-damage|p1a: Charizard|47/100\n|-damage|p1b: Whimsicott|85/100\n|\n|-weather|SunnyDay|[upkeep]\n|-start|p1b: Whimsicott|perish0\n|-start|p1a: Charizard|perish0\n|faint|p1b: Whimsicott\n|faint|p1a: Charizard\n|upkeep\n|\n|t:|1788324549\n|switch|p1b: Basculegion|Basculegion, L50, M|100/100\n|switch|p1a: Sylveon|Sylveon, L50, M|100/100\n|turn|5\n|inactive|imgonnalosefs has 30 seconds left.\n|\n|t:|1788324580\n|move|p1b: Basculegion|Last Respects|p2b: Primarina\n|-damage|p2b: Primarina|0 fnt\n|faint|p2b: Primarina\n|move|p1a: Sylveon|Hyper Voice|p2a: Incineroar\n|-damage|p2a: Incineroar|2/100\n|move|p2a: Incineroar|Darkest Lariat|p1b: Basculegion\n|-supereffective|p1b: Basculegion|1\n|-damage|p1b: Basculegion|21/100\n|\n|-weather|none\n|-sideend|p1: Thornlace48812|move: Tailwind\n|upkeep\n|\n|t:|1788324590\n|switch|p2b: Gengar|Gengar-Mega, L50, F|5/100\n|turn|6\n|\n|t:|1788324610\n|move|p2b: Gengar|Protect|p2b: Gengar\n|-singleturn|p2b: Gengar|Protect\n|move|p1b: Basculegion|Last Respects|p2b: Gengar\n|-activate|p2b: Gengar|move: Protect\n|move|p1a: Sylveon|Hyper Voice|p2b: Gengar|[spread] p2a\n|-activate|p2b: Gengar|move: Protect\n|-damage|p2a: Incineroar|0 fnt\n|faint|p2a: Incineroar\n|\n|upkeep\n|turn|7\n|\n|t:|1788324622\n|move|p2b: Gengar|Shadow Ball|p1b: Basculegion\n|-supereffective|p1b: Basculegion|1\n|-damage|p1b: Basculegion|0 fnt\n|faint|p1b: Basculegion\n|move|p1a: Sylveon|Hyper Beam|p2b: Gengar\n|-resisted|p2b: Gengar|1\n|-damage|p2b: Gengar|0 fnt\n|-mustrecharge|p1a: Sylveon\n|faint|p2b: Gengar\n|\n|win|Thornlace48812\n|raw|Thornlace48812's rating: 1176 &rarr; <strong>1191</strong><br />(+15 for winning)\n|raw|imgonnalosefs's rating: 1026 &rarr; <strong>1018</strong><br />(-8 for losing)\n","uploadtime":1788324623,"views":"2","formatid":"gen9championsvgc2026regmb","rating":1018,"private":0,"password":null}