{"id":"gen9championsvgc2026regmb-2674696363","format":"[Gen 9 Champions] VGC 2026 Reg M-B","players":["Moon285","Leal99"],"log":"|j|☆Moon285\n|j|☆Leal99\n|t:|1788391992\n|gametype|doubles\n|player|p1|Moon285|shadowtriad|1094\n|player|p2|Leal99|2|1012\n|gen|9\n|tier|[Gen 9 Champions] VGC 2026 Reg M-B\n|rated|\n|rule|Species Clause: Limit one of each Pokémon\n|rule|Item Clause: Limit 1 of each item\n|clearpoke\n|poke|p1|Flapple, L50, M, shiny|\n|poke|p1|Starmie, L50, shiny|\n|poke|p1|Clefable, L50, M, shiny|\n|poke|p1|Sinistcha-Masterpiece, L50, shiny|\n|poke|p1|Delphox, L50, F, shiny|\n|poke|p1|Araquanid, L50, F, shiny|\n|poke|p2|Klefki, L50, M|\n|poke|p2|Camerupt, L50, F|\n|poke|p2|Mimikyu, L50, M|\n|poke|p2|Empoleon, L50, F|\n|poke|p2|Garchomp, L50, F|\n|poke|p2|Weavile, L50, M|\n|teampreview|4\n|j| dynofritz\n|inactive|Battle timer is ON: inactive players will automatically lose when time's up. (requested by Leal99)\n|\n|t:|1788392018\n|teamsize|p1|4\n|teamsize|p2|4\n|start\n|switch|p1a: Flapple|Flapple, L50, M, shiny|100/100\n|switch|p1b: Clefable|Clefable, L50, M, shiny|100/100\n|switch|p2a: Mimikyu|Mimikyu, L50, M|100/100\n|switch|p2b: Weavile|Weavile, L50, M|100/100\n|-ability|p2b: Weavile|Pressure\n|turn|1\n|inactive|Leal99 has 30 seconds left.\n|inactive|Leal99 has 20 seconds left.\n|inactive|Leal99 has 15 seconds left.\n|inactive|Leal99 has 10 seconds left.\n|inactive|Leal99 has 5 seconds left.\n|\n|t:|1788392073\n|move|p1a: Flapple|Protect|p1a: Flapple\n|-singleturn|p1a: Flapple|Protect\n|move|p2b: Weavile|Fake Out|p1b: Clefable\n|-crit|p1b: Clefable\n|-damage|p1b: Clefable|77/100\n|move|p2a: Mimikyu|Swords Dance|p2a: Mimikyu\n|-boost|p2a: Mimikyu|atk|2\n|cant|p1b: Clefable|flinch\n|\n|-heal|p1b: Clefable|83/100|[from] item: Leftovers\n|upkeep\n|turn|2\n|\n|t:|1788392094\n|switch|p1a: Delphox|Delphox, L50, F, shiny|100/100\n|move|p2b: Weavile|Ice Spinner|p1a: Delphox\n|-resisted|p1a: Delphox|1\n|-damage|p1a: Delphox|70/100\n|move|p1b: Clefable|Gravity|p1b: Clefable\n|-fieldstart|move: Gravity\n|move|p2a: Mimikyu|Trick Room|p2a: Mimikyu\n|-fieldstart|move: Trick Room|[of] p2a: Mimikyu\n|\n|-heal|p1b: Clefable|89/100|[from] item: Leftovers\n|upkeep\n|turn|3\n|\n|t:|1788392112\n|switch|p2b: Empoleon|Empoleon, L50, F|100/100\n|detailschange|p1a: Delphox|Delphox-Mega, L50, F, shiny\n|-mega|p1a: Delphox|Delphox|Delphoxite\n|move|p1a: Delphox|Protect|p1a: Delphox\n|-singleturn|p1a: Delphox|Protect\n|move|p2a: Mimikyu|Shadow Sneak|p1a: Delphox\n|-activate|p1a: Delphox|move: Protect\n|move|p1b: Clefable|Moonblast|p2b: Empoleon\n|-resisted|p2b: Empoleon|1\n|-damage|p2b: Empoleon|85/100\n|\n|-heal|p1b: Clefable|95/100|[from] item: Leftovers\n|upkeep\n|turn|4\n|l| dynofritz\n|inactive|Leal99 has 30 seconds left.\n|\n|t:|1788392141\n|move|p2b: Empoleon|Hydro Pump|p1a: Delphox\n|-supereffective|p1a: Delphox|1\n|-damage|p1a: Delphox|0 fnt\n|faint|p1a: Delphox\n|move|p1b: Clefable|Moonblast|p2a: Mimikyu\n|-activate|p2a: Mimikyu|ability: Disguise\n|-damage|p2a: Mimikyu|100/100\n|detailschange|p2a: Mimikyu|Mimikyu-Busted, L50, M\n|-damage|p2a: Mimikyu|87/100|[from] pokemon: Mimikyu-Busted\n|move|p2a: Mimikyu|Swords Dance|p2a: Mimikyu\n|-boost|p2a: Mimikyu|atk|2\n|\n|-heal|p1b: Clefable|100/100|[from] item: Leftovers\n|upkeep\n|\n|t:|1788392149\n|switch|p1a: Flapple|Flapple, L50, M, shiny|100/100\n|turn|5\n|\n|t:|1788392165\n|move|p1a: Flapple|Protect|p1a: Flapple\n|-singleturn|p1a: Flapple|Protect\n|move|p2b: Empoleon|Flash Cannon|p1b: Clefable\n|-supereffective|p1b: Clefable|1\n|-damage|p1b: Clefable|40/100\n|-unboost|p1b: Clefable|spd|1\n|move|p1b: Clefable|Moonblast|p2a: Mimikyu\n|-damage|p2a: Mimikyu|54/100\n|move|p2a: Mimikyu|Play Rough|p1a: Flapple\n|-activate|p1a: Flapple|move: Protect\n|\n|-heal|p1b: Clefable|46/100|[from] item: Leftovers\n|upkeep\n|turn|6\n|\n|t:|1788392190\n|move|p1a: Flapple|Protect||[still]\n|-fail|p1a: Flapple\n|move|p1b: Clefable|Follow Me|p1b: Clefable\n|-singleturn|p1b: Clefable|move: Follow Me\n|move|p2b: Empoleon|Flash Cannon|p1b: Clefable\n|-supereffective|p1b: Clefable|1\n|-damage|p1b: Clefable|0 fnt\n|faint|p1b: Clefable\n|move|p2a: Mimikyu|Play Rough|p1a: Flapple\n|-supereffective|p1a: Flapple|1\n|-damage|p1a: Flapple|0 fnt\n|faint|p1a: Flapple\n|-damage|p2a: Mimikyu|44/100|[from] item: Life Orb\n|\n|-fieldend|move: Trick Room\n|-fieldend|move: Gravity\n|upkeep\n|-message|Moon285 forfeited.\n|\n|win|Leal99\n|raw|Moon285's rating: 1094 &rarr; <strong>1064</strong><br />(-30 for losing)\n|raw|Leal99's rating: 1012 &rarr; <strong>1059</strong><br />(+47 for winning)\n|l|☆Moon285\n|player|p1|\n","uploadtime":1788392208,"views":"12","formatid":"gen9championsvgc2026regmb","rating":1059,"private":0,"password":null}