{"id":"gen9championsvgc2026regmb-2674378991","format":"[Gen 9 Champions] VGC 2026 Reg M-B","players":["fkoji","WaluigiVGC"],"log":"|j|☆fkoji\n|j|☆WaluigiVGC\n|t:|1788351874\n|gametype|doubles\n|player|p1|fkoji|170|1072\n|player|p2|WaluigiVGC|170|1155\n|gen|9\n|tier|[Gen 9 Champions] VGC 2026 Reg M-B\n|rated|\n|rule|Species Clause: Limit one of each Pokémon\n|rule|Item Clause: Limit 1 of each item\n|clearpoke\n|poke|p1|Toxapex, L50, F|\n|poke|p1|Scovillain, L50, M|\n|poke|p1|Archaludon, L50, M|\n|poke|p1|Venusaur, L50, M|\n|poke|p1|Politoed, L50, F|\n|poke|p1|Garchomp, L50, M|\n|poke|p2|Venusaur, L50, F|\n|poke|p2|Charizard, L50, M|\n|poke|p2|Garchomp, L50, F|\n|poke|p2|Incineroar, L50, F|\n|poke|p2|Floette-Eternal, L50, F|\n|poke|p2|Sinistcha, L50|\n|teampreview|4\n|\n|t:|1788351900\n|teamsize|p1|4\n|teamsize|p2|4\n|start\n|switch|p1a: Toxapex|Toxapex, L50, F|100/100\n|switch|p1b: Venusaur|Venusaur, L50, M|100/100\n|switch|p2a: Venusaur|Venusaur, L50, F|100/100\n|switch|p2b: Charizard|Charizard, L50, M|100/100\n|turn|1\n|\n|t:|1788351923\n|detailschange|p2b: Charizard|Charizard-Mega-Y, L50, M\n|-mega|p2b: Charizard|Charizard|Charizardite Y\n|-weather|SunnyDay|[from] ability: Drought|[of] p2b: Charizard\n|detailschange|p1b: Venusaur|Venusaur-Mega, L50, M\n|-mega|p1b: Venusaur|Venusaur|Venusaurite\n|move|p2a: Venusaur|Earth Power|p1a: Toxapex\n|-supereffective|p1a: Toxapex|1\n|-damage|p1a: Toxapex|51/100\n|move|p2b: Charizard|Weather Ball|p1b: Venusaur\n|-supereffective|p1b: Venusaur|1\n|-damage|p1b: Venusaur|39/100\n|move|p1b: Venusaur|Leech Seed|p2b: Charizard\n|-start|p2b: Charizard|move: Leech Seed\n|move|p1a: Toxapex|Infestation|p2b: Charizard\n|-resisted|p2b: Charizard|2\n|-damage|p2b: Charizard|99/100\n|-activate|p2b: Charizard|move: Infestation|[of] p1a: Toxapex\n|\n|-weather|SunnyDay|[upkeep]\n|-damage|p2b: Charizard|86/100|[from] Leech Seed|[of] p1b: Venusaur\n|-heal|p1b: Venusaur|50/100g|[silent]\n|-damage|p2b: Charizard|74/100|[from] move: Infestation|[partiallytrapped]\n|upkeep\n|turn|2\n|\n|t:|1788351951\n|move|p1b: Venusaur|Protect|p1b: Venusaur\n|-singleturn|p1b: Venusaur|Protect\n|move|p1a: Toxapex|Baneful Bunker|p1a: Toxapex\n|-singleturn|p1a: Toxapex|move: Protect\n|move|p2a: Venusaur|Sludge Bomb|p1a: Toxapex\n|-activate|p1a: Toxapex|move: Protect\n|move|p2b: Charizard|Weather Ball|p1b: Venusaur\n|-activate|p1b: Venusaur|move: Protect\n|\n|-weather|SunnyDay|[upkeep]\n|-damage|p2b: Charizard|61/100|[from] Leech Seed|[of] p1b: Venusaur\n|-heal|p1b: Venusaur|61/100|[silent]\n|-damage|p2b: Charizard|49/100|[from] move: Infestation|[partiallytrapped]\n|upkeep\n|turn|3\n|\n|t:|1788351972\n|-heal|p1a: Toxapex|84/100|[from] ability: Regenerator|[silent]\n|switch|p1a: Politoed|Politoed, L50, F|100/100\n|-weather|RainDance|[from] ability: Drizzle|[of] p1a: Politoed\n|move|p2b: Charizard|Heat Wave|p1b: Venusaur|[spread] p1a,p1b\n|-resisted|p1a: Politoed|1\n|-supereffective|p1b: Venusaur|1\n|-damage|p1a: Politoed|93/100\n|-damage|p1b: Venusaur|50/100g\n|move|p2a: Venusaur|Sleep Powder|p1a: Politoed\n|-status|p1a: Politoed|slp|[from] move: Sleep Powder\n|move|p1b: Venusaur|Sludge Bomb|p2a: Venusaur\n|-damage|p2a: Venusaur|56/100\n|\n|-weather|RainDance|[upkeep]\n|-damage|p2b: Charizard|36/100|[from] Leech Seed|[of] p1b: Venusaur\n|-heal|p1b: Venusaur|62/100|[silent]\n|-end|p2b: Charizard|Infestation|[partiallytrapped]|[silent]\n|upkeep\n|turn|4\n|inactive|Battle timer is ON: inactive players will automatically lose when time's up. (requested by WaluigiVGC)\n|\n|t:|1788352013\n|switch|p2b: Garchomp|Garchomp, L50, F|100/100\n|cant|p1a: Politoed|slp\n|move|p2a: Venusaur|Sludge Bomb|p1b: Venusaur\n|-damage|p1b: Venusaur|35/100\n|move|p1b: Venusaur|Sludge Bomb|p2a: Venusaur\n|-damage|p2a: Venusaur|17/100\n|\n|-weather|RainDance|[upkeep]\n|upkeep\n|turn|5\n|inactive|fkoji has 30 seconds left.\n|inactive|fkoji has 20 seconds left.\n|inactive|fkoji has 15 seconds left.\n|inactive|fkoji has 10 seconds left.\n|inactive|fkoji has 5 seconds left.\n|\n|t:|1788352064\n|switch|p1b: Archaludon|Archaludon, L50, M|100/100\n|cant|p1a: Politoed|slp\n|move|p2b: Garchomp|Dragon Claw|p1b: Archaludon\n|-damage|p1b: Archaludon|69/100\n|-ability|p1b: Archaludon|Stamina|boost\n|-boost|p1b: Archaludon|def|1\n|move|p2a: Venusaur|Sludge Bomb|p1a: Politoed\n|-damage|p1a: Politoed|69/100 slp\n|\n|-weather|RainDance|[upkeep]\n|-heal|p1b: Archaludon|75/100|[from] item: Leftovers\n|upkeep\n|turn|6\n|\n|t:|1788352084\n|switch|p2b: Charizard|Charizard-Mega-Y, L50, M|36/100\n|-weather|SunnyDay|[from] ability: Drought|[of] p2b: Charizard\n|move|p1b: Archaludon|Protect|p1b: Archaludon\n|-singleturn|p1b: Archaludon|Protect\n|move|p2a: Venusaur|Sleep Powder|p1b: Archaludon\n|-activate|p1b: Archaludon|move: Protect\n|-curestatus|p1a: Politoed|slp|[msg]\n|move|p1a: Politoed|Whirlpool|p2a: Venusaur\n|-resisted|p2a: Venusaur|1\n|-damage|p2a: Venusaur|13/100\n|-activate|p2a: Venusaur|move: Whirlpool|[of] p1a: Politoed\n|\n|-weather|SunnyDay|[upkeep]\n|-heal|p1b: Archaludon|81/100|[from] item: Leftovers\n|-damage|p2a: Venusaur|1/100|[from] move: Whirlpool|[partiallytrapped]\n|upkeep\n|turn|7\n|inactive|fkoji has 30 seconds left.\n|inactive|WaluigiVGC has 30 seconds left.\n|inactive|fkoji has 20 seconds left.\n|\n|t:|1788352120\n|switch|p1a: Toxapex|Toxapex, L50, F|84/100\n|move|p1b: Archaludon|Protect|p1b: Archaludon\n|-singleturn|p1b: Archaludon|Protect\n|move|p2a: Venusaur|Earth Power|p1b: Archaludon\n|-activate|p1b: Archaludon|move: Protect\n|move|p2b: Charizard|Solar Beam||[still]\n|-prepare|p2b: Charizard|Solar Beam\n|-anim|p2b: Charizard|Solar Beam|p1a: Toxapex\n|-crit|p1a: Toxapex\n|-damage|p1a: Toxapex|25/100\n|-enditem|p1a: Toxapex|Sitrus Berry|[eat]\n|-heal|p1a: Toxapex|50/100g|[from] item: Sitrus Berry\n|\n|-weather|SunnyDay|[upkeep]\n|-heal|p1b: Archaludon|87/100|[from] item: Leftovers\n|-end|p2a: Venusaur|Whirlpool|[partiallytrapped]|[silent]\n|upkeep\n|turn|8\n|inactive|fkoji has 30 seconds left.\n|inactive|WaluigiVGC has 30 seconds left.\n|inactive|fkoji has 20 seconds left.\n|inactive|fkoji has 15 seconds left.\n|inactive|fkoji has 10 seconds left.\n|inactive|fkoji has 5 seconds left.\n|\n|t:|1788352175\n|switch|p2a: Garchomp|Garchomp, L50, F|100/100\n|switch|p2b: Incineroar|Incineroar, L50, F|100/100\n|-ability|p2b: Incineroar|Intimidate|boost\n|-unboost|p1a: Toxapex|atk|1\n|-unboost|p1b: Archaludon|atk|1\n|move|p1a: Toxapex|Baneful Bunker|p1a: Toxapex\n|-singleturn|p1a: Toxapex|move: Protect\n|move|p1b: Archaludon|Electro Shot||[still]\n|-prepare|p1b: Archaludon|Electro Shot\n|-boost|p1b: Archaludon|spa|1\n|\n|-weather|SunnyDay|[upkeep]\n|-heal|p1b: Archaludon|93/100|[from] item: Leftovers\n|upkeep\n|turn|9\n|inactive|WaluigiVGC has 30 seconds left.\n|inactive|WaluigiVGC has 20 seconds left.\n|inactive|WaluigiVGC has 15 seconds left.\n|inactive|WaluigiVGC has 10 seconds left.\n|\n|t:|1788352222\n|move|p2b: Incineroar|Fake Out|p1b: Archaludon\n|-resisted|p1b: Archaludon|1\n|-damage|p1b: Archaludon|90/100\n|-ability|p1b: Archaludon|Stamina|boost\n|-boost|p1b: Archaludon|def|1\n|move|p2a: Garchomp|Stomping Tantrum|p1a: Toxapex\n|-supereffective|p1a: Toxapex|1\n|-damage|p1a: Toxapex|0 fnt\n|faint|p1a: Toxapex\n|cant|p1b: Archaludon|flinch\n|\n|-weather|SunnyDay|[upkeep]\n|-heal|p1b: Archaludon|96/100|[from] item: Leftovers\n|upkeep\n|inactive|fkoji has 30 seconds left.\n|inactive|fkoji has 20 seconds left.\n|inactive|fkoji has 15 seconds left.\n|inactive|fkoji has 10 seconds left.\n|inactive|fkoji has 5 seconds left.\n|\n|t:|1788352277\n|switch|p1a: Politoed|Politoed, L50, F|69/100\n|-weather|RainDance|[from] ability: Drizzle|[of] p1a: Politoed\n|turn|10\n|inactive|fkoji has 30 seconds left.\n|inactive|fkoji has 20 seconds left.\n|inactive|fkoji has 15 seconds left.\n|inactive|fkoji has 10 seconds left.\n|inactive|fkoji has 5 seconds left.\n|\n|t:|1788352332\n|switch|p2b: Charizard|Charizard-Mega-Y, L50, M|36/100\n|-weather|SunnyDay|[from] ability: Drought|[of] p2b: Charizard\n|move|p2a: Garchomp|Stomping Tantrum|p1b: Archaludon\n|-supereffective|p1b: Archaludon|1\n|-damage|p1b: Archaludon|66/100\n|-ability|p1b: Archaludon|Stamina|boost\n|-boost|p1b: Archaludon|def|1\n|move|p1b: Archaludon|Electro Shot||[still]\n|-prepare|p1b: Archaludon|Electro Shot\n|-boost|p1b: Archaludon|spa|1\n|move|p1a: Politoed|Perish Song|p1a: Politoed\n|-start|p1a: Politoed|perish3|[silent]\n|-start|p1b: Archaludon|perish3|[silent]\n|-start|p2a: Garchomp|perish3|[silent]\n|-start|p2b: Charizard|perish3|[silent]\n|-fieldactivate|move: Perish Song\n|\n|-weather|SunnyDay|[upkeep]\n|-heal|p1b: Archaludon|72/100|[from] item: Leftovers\n|-start|p2a: Garchomp|perish3\n|-start|p2b: Charizard|perish3\n|-start|p1b: Archaludon|perish3\n|-start|p1a: Politoed|perish3\n|upkeep\n|turn|11\n|inactive|fkoji has 30 seconds left.\n|inactive|WaluigiVGC has 30 seconds left.\n|inactive|fkoji has 20 seconds left.\n|inactive|fkoji has 15 seconds left.\n|inactive|fkoji has 10 seconds left.\n|inactive|fkoji has 5 seconds left.\n|\n|t:|1788352387\n|move|p2a: Garchomp|Stomping Tantrum|p1b: Archaludon\n|-supereffective|p1b: Archaludon|1\n|-damage|p1b: Archaludon|44/100\n|-ability|p1b: Archaludon|Stamina|boost\n|-boost|p1b: Archaludon|def|1\n|move|p2b: Charizard|Heat Wave|p1b: Archaludon|[spread] p1a,p1b\n|-resisted|p1a: Politoed|1\n|-damage|p1a: Politoed|49/100\n|-damage|p1b: Archaludon|0 fnt\n|faint|p1b: Archaludon\n|move|p1a: Politoed|Perish Song||[still]\n|-fail|p1a: Politoed\n|\n|-weather|SunnyDay|[upkeep]\n|-start|p2a: Garchomp|perish2\n|-start|p2b: Charizard|perish2\n|-start|p1a: Politoed|perish2\n|upkeep\n|inactive|fkoji has 30 seconds left.\n|inactive|fkoji has 20 seconds left.\n|inactive|fkoji has 15 seconds left.\n|inactive|fkoji has 10 seconds left.\n|inactive|fkoji has 5 seconds left.\n|\n|t:|1788352442\n|switch|p1b: Venusaur|Venusaur-Mega, L50, M|35/100\n|turn|12\n|inactive|fkoji has 30 seconds left.\n|inactive|fkoji has 20 seconds left.\n|inactive|fkoji has 15 seconds left.\n|inactive|fkoji has 10 seconds left.\n|inactive|fkoji has 5 seconds left.\n|-message|fkoji lost due to inactivity.\n|\n|win|WaluigiVGC\n|raw|fkoji's rating: 1072 &rarr; <strong>1056</strong><br />(-16 for losing)\n|raw|WaluigiVGC's rating: 1155 &rarr; <strong>1174</strong><br />(+19 for winning)\n","uploadtime":1788352485,"views":"1","formatid":"gen9championsvgc2026regmb","rating":1056,"private":0,"password":null}