{"id":"gen9championsvgc2026regmbbo3-2674094573","format":"[Gen 9 Champions] VGC 2026 Reg M-B (Bo3)","players":["Chicops","DINOLONK"],"log":"|j|☆Chicops\n|j|☆DINOLONK\n|html|<table width=\"100%\"><tr><td align=\"left\">Chicops</td><td align=\"right\">DINOLONK</tr><tr><td align=\"left\"><i class=\"fa fa-circle\"></i> <i class=\"fa fa-circle-o\"></i> </td><td align=\"right\"><i class=\"fa fa-circle-o\"></i> <i class=\"fa fa-circle\"></i> </tr></table>\n|uhtml|bestof|<h2><strong>Game 3</strong> of <a href=\"/game-bestof3-gen9championsvgc2026regmbbo3-2674092615\">a best-of-3</a></h2>\n|t:|1788298365\n|gametype|doubles\n|player|p1|Chicops|gambler|1198\n|player|p2|DINOLONK|parasollady-gen4|1374\n|gen|9\n|tier|[Gen 9 Champions] VGC 2026 Reg M-B (Bo3)\n|rated|\n|rule|Species Clause: Limit one of each Pokémon\n|rule|Item Clause: Limit 1 of each item\n|clearpoke\n|poke|p1|Charizard, L50, M|\n|poke|p1|Kingambit, L50, F|\n|poke|p1|Sylveon, L50, F|\n|poke|p1|Aerodactyl, L50, F|\n|poke|p1|Farigiraf, L50, M|\n|poke|p1|Garchomp, L50, M|\n|poke|p2|Dragonite, L50, M|\n|poke|p2|Sneasler, L50, M|\n|poke|p2|Kingambit, L50, F|\n|poke|p2|Basculegion, L50, M|\n|poke|p2|Whimsicott, L50, M|\n|poke|p2|Floette-Eternal, L50, F|\n|teampreview|4\n|showteam|p1|Charizard||CharizarditeY|Blaze|HeatWave,SolarBeam,WeatherBall,Protect|Modest||M|||50|]Kingambit||FocusSash|Defiant|SuckerPunch,KowtowCleave,IronHead,LowKick|Adamant||F|||50|]Sylveon||FairyFeather|Pixilate|HyperVoice,HyperBeam,Protect,QuickAttack|Modest||F|||50|]Aerodactyl||Aerodactylite|Unnerve|IceFang,RockSlide,Tailwind,DualWingbeat|Jolly||F|||50|]Farigiraf||SitrusBerry|ArmorTail|TrickRoom,Psychic,Thunderbolt,Protect|Bold||M|||50|]Garchomp||LifeOrb|RoughSkin|DragonClaw,RockTomb,Earthquake,Protect|Jolly||M|||50|\n|showteam|p2|Dragonite||Dragoninite|InnerFocus|DragonPulse,HeatWave,Thunderbolt,Protect|Modest||M|||50|]Sneasler||WhiteHerb|Unburden|DireClaw,CloseCombat,RockSlide,FakeOut|Jolly||M|||50|]Kingambit||ChopleBerry|Defiant|KowtowCleave,SuckerPunch,LowKick,IronHead|Adamant||F|||50|]Basculegion||LifeOrb|Adaptability|WaveCrash,LastRespects,AquaJet,Protect|Adamant||M|||50|]Whimsicott||FocusSash|Prankster|Moonblast,Tailwind,Encore,Protect|Timid||M|||50|]Floette-Eternal||Floettite|FlowerVeil|Moonblast,DazzlingGleam,LightofRuin,Protect|Timid||F|||50|\n|inactive|Battle timer is ON: inactive players will automatically lose when time's up. (requested by DINOLONK)\n|\n|t:|1788298379\n|teamsize|p1|4\n|teamsize|p2|4\n|start\n|switch|p1a: Aerodactyl|Aerodactyl, L50, F|100/100\n|switch|p1b: Sylveon|Sylveon, L50, F|100/100\n|switch|p2a: Dragonite|Dragonite, L50, M|100/100\n|switch|p2b: Sneasler|Sneasler, L50, M|100/100\n|-ability|p1a: Aerodactyl|Unnerve\n|turn|1\n|inactive|DINOLONK has 30 seconds left.\n|inactive|Chicops has 30 seconds left.\n|\n|t:|1788298410\n|detailschange|p2a: Dragonite|Dragonite-Mega, L50, M\n|-mega|p2a: Dragonite|Dragonite|Dragoninite\n|move|p1b: Sylveon|Protect|p1b: Sylveon\n|-singleturn|p1b: Sylveon|Protect\n|move|p2b: Sneasler|Fake Out|p1b: Sylveon\n|-activate|p1b: Sylveon|move: Protect\n|move|p1a: Aerodactyl|Dual Wingbeat|p2b: Sneasler\n|-supereffective|p2b: Sneasler|1\n|-damage|p2b: Sneasler|46/100\n|-supereffective|p2b: Sneasler|1\n|-damage|p2b: Sneasler|0 fnt\n|faint|p2b: Sneasler\n|-hitcount|p2: Sneasler|2\n|move|p2a: Dragonite|Thunderbolt|p1a: Aerodactyl\n|-supereffective|p1a: Aerodactyl|1\n|-damage|p1a: Aerodactyl|14/100\n|\n|upkeep\n|\n|t:|1788298417\n|switch|p2b: Kingambit|Kingambit, L50, F|100/100\n|turn|2\n|\n|t:|1788298431\n|move|p2a: Dragonite|Protect|p2a: Dragonite\n|-singleturn|p2a: Dragonite|Protect\n|move|p1a: Aerodactyl|Tailwind|p1a: Aerodactyl\n|-sidestart|p1: Chicops|move: Tailwind\n|move|p1b: Sylveon|Hyper Voice|p2b: Kingambit|[spread] p2b\n|-activate|p2a: Dragonite|move: Protect\n|-damage|p2b: Kingambit|53/100\n|move|p2b: Kingambit|Iron Head|p1b: Sylveon\n|-supereffective|p1b: Sylveon|1\n|-damage|p1b: Sylveon|11/100\n|\n|upkeep\n|turn|3\n|\n|t:|1788298450\n|move|p2b: Kingambit|Sucker Punch|p1b: Sylveon\n|-resisted|p1b: Sylveon|1\n|-damage|p1b: Sylveon|0 fnt\n|faint|p1b: Sylveon\n|move|p1a: Aerodactyl|Rock Slide|p2a: Dragonite|[spread] p2a\n|-miss|p1a: Aerodactyl|p2b: Kingambit\n|-supereffective|p2a: Dragonite|1\n|-damage|p2a: Dragonite|77/100\n|move|p2a: Dragonite|Thunderbolt|p1a: Aerodactyl\n|-supereffective|p1a: Aerodactyl|1\n|-damage|p1a: Aerodactyl|0 fnt\n|faint|p1a: Aerodactyl\n|\n|upkeep\n|\n|t:|1788298461\n|switch|p1a: Kingambit|Kingambit, L50, F|100/100\n|switch|p1b: Charizard|Charizard, L50, M|100/100\n|turn|4\n|\n|t:|1788298475\n|detailschange|p1b: Charizard|Charizard-Mega-Y, L50, M\n|-mega|p1b: Charizard|Charizard|Charizardite Y\n|-weather|SunnyDay|[from] ability: Drought|[of] p1b: Charizard\n|move|p1a: Kingambit|Sucker Punch|p2a: Dragonite\n|-damage|p2a: Dragonite|35/100\n|move|p2b: Kingambit|Sucker Punch|p1b: Charizard\n|-damage|p1b: Charizard|58/100\n|move|p1b: Charizard|Heat Wave|p2b: Kingambit|[spread] p2a,p2b\n|-resisted|p2a: Dragonite|1\n|-supereffective|p2b: Kingambit|1\n|-crit|p2b: Kingambit\n|-damage|p2a: Dragonite|7/100\n|-damage|p2b: Kingambit|0 fnt\n|faint|p2b: Kingambit\n|move|p2a: Dragonite|Heat Wave|p1b: Charizard|[spread] p1a,p1b\n|-supereffective|p1a: Kingambit|1\n|-resisted|p1b: Charizard|1\n|-enditem|p1a: Kingambit|Focus Sash\n|-damage|p1a: Kingambit|1/100\n|-damage|p1b: Charizard|38/100\n|\n|-weather|SunnyDay|[upkeep]\n|upkeep\n|\n|t:|1788298485\n|switch|p2b: Basculegion|Basculegion, L50, M|100/100\n|turn|5\n|\n|t:|1788298499\n|move|p1a: Kingambit|Sucker Punch|p2a: Dragonite\n|-damage|p2a: Dragonite|0 fnt\n|faint|p2a: Dragonite\n|move|p2b: Basculegion|Aqua Jet|p1a: Kingambit\n|-damage|p1a: Kingambit|0 fnt\n|faint|p1a: Kingambit\n|-damage|p2b: Basculegion|90/100|[from] item: Life Orb\n|move|p1b: Charizard|Solar Beam||[still]\n|-prepare|p1b: Charizard|Solar Beam\n|-anim|p1b: Charizard|Solar Beam|p2b: Basculegion\n|-supereffective|p2b: Basculegion|1\n|-damage|p2b: Basculegion|0 fnt\n|faint|p2b: Basculegion\n|\n|win|Chicops\n|raw|Chicops's rating: 1198 &rarr; <strong>1235</strong><br />(+37 for winning)\n|raw|DINOLONK's rating: 1374 &rarr; <strong>1345</strong><br />(-29 for losing)\n","uploadtime":1788298500,"views":"2","formatid":"gen9championsvgc2026regmbbo3","rating":1235,"private":0,"password":null}