{"id":"gen9championsvgc2026regmbbo3-2673646205","format":"[Gen 9 Champions] VGC 2026 Reg M-B (Bo3)","players":["Luma Tactas","NitsuaZ"],"log":"|j|☆Luma Tactas\n|j|☆NitsuaZ\n|html|<table width=\"100%\"><tr><td align=\"left\">Luma Tactas</td><td align=\"right\">NitsuaZ</tr><tr><td align=\"left\"><i class=\"fa fa-circle-o\"></i> <i class=\"fa fa-circle-o\"></i> </td><td align=\"right\"><i class=\"fa fa-circle-o\"></i> <i class=\"fa fa-circle-o\"></i> </tr></table>\n|uhtml|bestof|<h2><strong>Game 1</strong> of <a href=\"/game-bestof3-gen9championsvgc2026regmbbo3-2673646204\">a best-of-3</a></h2>\n|t:|1788226506\n|gametype|doubles\n|player|p1|Luma Tactas|acetrainerf|1149\n|player|p2|NitsuaZ|1|1038\n|gen|9\n|tier|[Gen 9 Champions] VGC 2026 Reg M-B (Bo3)\n|rated|\n|rule|Species Clause: Limit one of each Pokémon\n|rule|Item Clause: Limit 1 of each item\n|clearpoke\n|poke|p1|Gardevoir, L50, F, shiny|\n|poke|p1|Sneasler, L50, M|\n|poke|p1|Sinistcha, L50|\n|poke|p1|Rotom-Wash, L50|\n|poke|p1|Talonflame, L50, M|\n|poke|p1|Garchomp, L50, F|\n|poke|p2|Charizard, L50, F|\n|poke|p2|Venusaur, L50, M|\n|poke|p2|Incineroar, L50, F|\n|poke|p2|Whimsicott, L50, M|\n|poke|p2|Annihilape, L50, F|\n|poke|p2|Primarina, L50, M|\n|teampreview|4\n|showteam|p1|Gardevoir||Gardevoirite|Synchronize|HyperVoice,Psychic,TrickRoom,Protect|Modest||F|||50|]Sneasler||WhiteHerb|Unburden|FakeOut,CloseCombat,DireClaw,Protect|Jolly||M|||50|]Sinistcha||SitrusBerry|Hospitality|MatchaGotcha,RagePowder,StrengthSap,LifeDew|Bold|||||50|]Rotom-Wash||Leftovers|Levitate|Thunderbolt,WillOWisp,HydroPump,Protect|Modest|||||50|]Talonflame||FocusSash|GaleWings|Tailwind,DualWingbeat,FlareBlitz,Protect|Jolly||M|||50|]Garchomp||LifeOrb|RoughSkin|StompingTantrum,RockSlide,Earthquake,Protect|Jolly||F|||50|\n|showteam|p2|Charizard||CharizarditeY|Blaze|HeatWave,WeatherBall,SolarBeam,Protect|Timid||F|||50|]Venusaur||Venusaurite|Chlorophyll|SolarBeam,SludgeBomb,Protect,EarthPower|Modest||M|||50|]Incineroar||ChopleBerry|Intimidate|FlareBlitz,PartingShot,FakeOut,HelpingHand|Careful||F|||50|]Whimsicott||FocusSash|Prankster|Tailwind,Moonblast,Encore,SunnyDay|Bold||M|||50|]Annihilape||Leftovers|Defiant|RageFist,DrainPunch,RockSlide,Protect|Adamant||F|||50|]Primarina||LifeOrb|LiquidVoice|Moonblast,HyperVoice,IcyWind,Protect|Modest||M|||50|\n|inactive|Battle timer is ON: inactive players will automatically lose when time's up. (requested by NitsuaZ)\n|inactive|Luma Tactas has 60 seconds left.\n|\n|t:|1788226593\n|teamsize|p1|4\n|teamsize|p2|4\n|start\n|switch|p1a: Motorwash|Rotom-Wash, L50|100/100\n|switch|p1b: Starflare|Garchomp, L50, F|100/100\n|switch|p2a: Whimsicott|Whimsicott, L50, M|100/100\n|switch|p2b: Incineroar|Incineroar, L50, F|100/100\n|-ability|p2b: Incineroar|Intimidate|boost\n|-unboost|p1a: Motorwash|atk|1\n|-unboost|p1b: Starflare|atk|1\n|turn|1\n|inactive|NitsuaZ has 30 seconds left.\n|\n|t:|1788226622\n|move|p1b: Starflare|Protect|p1b: Starflare\n|-singleturn|p1b: Starflare|Protect\n|move|p1a: Motorwash|Protect|p1a: Motorwash\n|-singleturn|p1a: Motorwash|Protect\n|move|p2b: Incineroar|Fake Out|p1b: Starflare\n|-activate|p1b: Starflare|move: Protect\n|move|p2a: Whimsicott|Tailwind|p2a: Whimsicott\n|-sidestart|p2: NitsuaZ|move: Tailwind\n|\n|upkeep\n|turn|2\n|inactive|Luma Tactas has 30 seconds left.\n|inactive|Luma Tactas has 20 seconds left.\n|inactive|Luma Tactas has 15 seconds left.\n|inactive|Luma Tactas has 10 seconds left.\n|inactive|Luma Tactas has 5 seconds left.\n|\n|t:|1788226674\n|switch|p1b: Morganucodon|Talonflame, L50, M|100/100\n|move|p2a: Whimsicott|Moonblast|p1b: Morganucodon\n|-resisted|p1b: Morganucodon|1\n|-damage|p1b: Morganucodon|80/100\n|move|p2b: Incineroar|Parting Shot|p1a: Motorwash\n|-unboost|p1a: Motorwash|atk|1\n|-unboost|p1a: Motorwash|spa|1\n|\n|t:|1788226685\n|switch|p2b: Charizard|Charizard, L50, F|100/100|[from] Parting Shot\n|move|p1a: Motorwash|Hydro Pump|p2b: Charizard\n|-supereffective|p2b: Charizard|1\n|-damage|p2b: Charizard|0 fnt\n|faint|p2b: Charizard\n|\n|upkeep\n|\n|t:|1788226693\n|switch|p2b: Primarina|Primarina, L50, M|100/100\n|turn|3\n|inactive|Luma Tactas has 30 seconds left.\n|inactive|Luma Tactas has 20 seconds left.\n|\n|t:|1788226731\n|move|p1a: Motorwash|Protect|p1a: Motorwash\n|-singleturn|p1a: Motorwash|Protect\n|move|p2a: Whimsicott|Moonblast|p1a: Motorwash\n|-activate|p1a: Motorwash|move: Protect\n|move|p1b: Morganucodon|Tailwind|p1b: Morganucodon\n|-sidestart|p1: Luma Tactas|move: Tailwind\n|move|p2b: Primarina|Hyper Voice|p1a: Motorwash|[spread] p1b\n|-activate|p1a: Motorwash|move: Protect\n|-supereffective|p1b: Morganucodon|1\n|-damage|p1b: Morganucodon|0 fnt\n|faint|p1b: Morganucodon\n|-damage|p2b: Primarina|90/100|[from] item: Life Orb\n|\n|upkeep\n|\n|t:|1788226745\n|switch|p1b: Unseen|Sneasler, L50, M|100/100\n|turn|4\n|\n|t:|1788226766\n|switch|p1a: Starflare|Garchomp, L50, F|100/100\n|move|p2a: Whimsicott|Encore||[still]\n|-fail|p2a: Whimsicott\n|move|p1b: Unseen|Dire Claw|p2a: Whimsicott\n|-supereffective|p2a: Whimsicott|2\n|-enditem|p2a: Whimsicott|Focus Sash\n|-damage|p2a: Whimsicott|1/100\n|move|p2b: Primarina|Moonblast|p1b: Unseen\n|-damage|p1b: Unseen|5/100\n|-damage|p2b: Primarina|80/100|[from] item: Life Orb\n|\n|-sideend|p2: NitsuaZ|move: Tailwind\n|upkeep\n|turn|5\n|\n|t:|1788226787\n|switch|p1a: Motorwash|Rotom-Wash, L50|100/100\n|move|p2a: Whimsicott|Tailwind|p2a: Whimsicott\n|-sidestart|p2: NitsuaZ|move: Tailwind\n|move|p1b: Unseen|Dire Claw|p2b: Primarina\n|-supereffective|p2b: Primarina|1\n|-damage|p2b: Primarina|0 fnt\n|faint|p2b: Primarina\n|\n|upkeep\n|\n|t:|1788226795\n|switch|p2b: Incineroar|Incineroar, L50, F|100/100\n|-ability|p2b: Incineroar|Intimidate|boost\n|-unboost|p1a: Motorwash|atk|1\n|-unboost|p1b: Unseen|atk|1\n|-enditem|p1b: Unseen|White Herb\n|-clearnegativeboost|p1b: Unseen|[silent]\n|turn|6\n|inactive|Luma Tactas has 30 seconds left.\n|\n|t:|1788226825\n|move|p1b: Unseen|Protect|p1b: Unseen\n|-singleturn|p1b: Unseen|Protect\n|move|p2a: Whimsicott|Sunny Day|p2a: Whimsicott\n|-weather|SunnyDay\n|move|p1a: Motorwash|Hydro Pump|p2b: Incineroar\n|-supereffective|p2b: Incineroar|1\n|-damage|p2b: Incineroar|61/100\n|move|p2b: Incineroar|Flare Blitz|p1a: Motorwash\n|-resisted|p1a: Motorwash|1\n|-damage|p1a: Motorwash|56/100\n|-damage|p2b: Incineroar|52/100|[from] Recoil\n|\n|-weather|SunnyDay|[upkeep]\n|-heal|p1a: Motorwash|62/100|[from] item: Leftovers\n|-sideend|p1: Luma Tactas|move: Tailwind\n|upkeep\n|turn|7\n|inactive|Luma Tactas has 30 seconds left.\n|inactive|Luma Tactas has 20 seconds left.\n|\n|t:|1788226864\n|move|p1b: Unseen|Close Combat|p2b: Incineroar\n|-supereffective|p2b: Incineroar|1\n|-enditem|p2b: Incineroar|Chople Berry|[eat]\n|-enditem|p2b: Incineroar|Chople Berry|[weaken]\n|-damage|p2b: Incineroar|0 fnt\n|-unboost|p1b: Unseen|def|1\n|-unboost|p1b: Unseen|spd|1\n|faint|p2b: Incineroar\n|move|p2a: Whimsicott|Moonblast|p1a: Motorwash\n|-damage|p1a: Motorwash|33/100\n|move|p1a: Motorwash|Thunderbolt|p2a: Whimsicott\n|-resisted|p2a: Whimsicott|1\n|-damage|p2a: Whimsicott|0 fnt\n|faint|p2a: Whimsicott\n|\n|win|Luma Tactas\n||NitsuaZ is ready for game 2.\n||Luma Tactas is ready for game 2.\n|uhtml|next|Next: <a href=\"/battle-gen9championsvgc2026regmbbo3-2673648508\"><strong>Game 2 of 3</strong></a>\n|l|☆NitsuaZ\n|player|p2|\n","uploadtime":1788227086,"views":"10","formatid":"gen9championsvgc2026regmbbo3","rating":null,"private":0,"password":null}