{"id":"gen9championsvgc2026regmb-2674158463","format":"[Gen 9 Champions] VGC 2026 Reg M-B","players":["blueplaidshirtboy","peraven"],"log":"|j|☆blueplaidshirtboy\n|j|☆peraven\n|t:|1788307868\n|gametype|doubles\n|player|p1|blueplaidshirtboy|nate|1027\n|player|p2|peraven|101|1000\n|gen|9\n|tier|[Gen 9 Champions] VGC 2026 Reg M-B\n|rated|\n|rule|Species Clause: Limit one of each Pokémon\n|rule|Item Clause: Limit 1 of each item\n|clearpoke\n|poke|p1|Talonflame, L50, M|\n|poke|p1|Corviknight, L50, F|\n|poke|p1|Vivillon, L50, F|\n|poke|p1|Staraptor, L50, M|\n|poke|p1|Rotom-Fan, L50|\n|poke|p1|Emolga, L50, F|\n|poke|p2|Farigiraf, L50, M|\n|poke|p2|Mawile, L50, F|\n|poke|p2|Torkoal, L50, F|\n|poke|p2|Arcanine-Hisui, L50, F|\n|poke|p2|Milotic, L50, F|\n|poke|p2|Raichu, L50, F|\n|teampreview|4\nperaven rejected open team sheets.\n|\n|t:|1788307895\n|teamsize|p1|4\n|teamsize|p2|4\n|start\n|switch|p1a: COCAllon|Vivillon, L50, F|100/100\n|switch|p1b: Staraptor|Staraptor, L50, M|100/100\n|switch|p2a: Raichu|Raichu, L50, F|100/100\n|switch|p2b: Milotic|Milotic, L50, F|100/100\n|-ability|p1b: Staraptor|Intimidate|boost\n|-unboost|p2a: Raichu|atk|1\n|-unboost|p2b: Milotic|atk|1\n|-ability|p2b: Milotic|Competitive|boost\n|-boost|p2b: Milotic|spa|2\n|turn|1\n|\n|t:|1788307917\n|detailschange|p1b: Staraptor|Staraptor-Mega, L50, M\n|-mega|p1b: Staraptor|Staraptor|Staraptite\n|detailschange|p2a: Raichu|Raichu-Mega-Y, L50, F\n|-mega|p2a: Raichu|Raichu|Raichunite Y\n|move|p1b: Staraptor|Protect|p1b: Staraptor\n|-singleturn|p1b: Staraptor|Protect\n|move|p2a: Raichu|Fake Out|p1b: Staraptor\n|-activate|p1b: Staraptor|move: Protect\n|move|p1a: COCAllon|Sleep Powder|p2b: Milotic\n|-status|p2b: Milotic|slp|[from] move: Sleep Powder\n|cant|p2b: Milotic|slp\n|\n|upkeep\n|turn|2\n|\n|t:|1788307934\n|switch|p1b: im so emo|Emolga, L50, F|100/100\n|switch|p2b: Arcanine|Arcanine-Hisui, L50, F|100/100\n|move|p2a: Raichu|Zap Cannon|p1a: COCAllon\n|-supereffective|p1a: COCAllon|1\n|-enditem|p1a: COCAllon|Focus Sash\n|-damage|p1a: COCAllon|1/100\n|-status|p1a: COCAllon|par\n|move|p1a: COCAllon|Quiver Dance|p1a: COCAllon\n|-boost|p1a: COCAllon|spa|1\n|-boost|p1a: COCAllon|spd|1\n|-boost|p1a: COCAllon|spe|1\n|\n|upkeep\n|turn|3\n|inactive|Battle timer is ON: inactive players will automatically lose when time's up. (requested by peraven)\n|inactive|blueplaidshirtboy has 60 seconds left.\n|-activate|p1b: im so emo|item: Quick Claw\n|\n|t:|1788308049\n|move|p1a: COCAllon|Protect|p1a: COCAllon\n|-singleturn|p1a: COCAllon|Protect\n|move|p1b: im so emo|Eerie Impulse|p2a: Raichu\n|-unboost|p2a: Raichu|spa|2\n|move|p2a: Raichu|Zap Cannon|p1a: COCAllon\n|-activate|p1a: COCAllon|move: Protect\n|move|p2b: Arcanine|Head Smash|p1b: im so emo|[miss]\n|-miss|p2b: Arcanine|p1b: im so emo\n|\n|upkeep\n|turn|4\n|-activate|p1b: im so emo|item: Quick Claw\n|\n|t:|1788308071\n|switch|p2a: Milotic|Milotic, L50, F|100/100 slp\n|move|p1b: im so emo|Nuzzle|p2b: Arcanine\n|-damage|p2b: Arcanine|93/100\n|-status|p2b: Arcanine|par\n|move|p1a: COCAllon|Sleep Powder|p2a: Milotic\n|-fail|p2a: Milotic|slp\n|move|p2b: Arcanine|Head Smash|p1b: im so emo\n|-supereffective|p1b: im so emo|1\n|-damage|p1b: im so emo|0 fnt\n|faint|p1b: im so emo\n|\n|upkeep\n|\n|t:|1788308075\n|switch|p1b: Staraptor|Staraptor-Mega, L50, M|100/100\n|turn|5\n|c|☆blueplaidshirtboy|oh emo is so goated\n|\n|t:|1788308091\n|move|p2b: Arcanine|Extreme Speed|p1a: COCAllon\n|-damage|p1a: COCAllon|0 fnt\n|faint|p1a: COCAllon\n|move|p1b: Staraptor|Close Combat|p2b: Arcanine\n|-supereffective|p2b: Arcanine|1\n|-damage|p2b: Arcanine|0 fnt\n|-boost|p1b: Staraptor|def|1\n|-boost|p1b: Staraptor|spd|1\n|faint|p2b: Arcanine\n|cant|p2a: Milotic|slp\n|\n|upkeep\n|\n|t:|1788308101\n|switch|p2b: Raichu|Raichu-Mega-Y, L50, F|100/100\n|switch|p1a: Talonflame|Talonflame, L50, M|100/100\n|turn|6\n|\n|t:|1788308123\n|move|p2b: Raichu|Fake Out|p1b: Staraptor\n|-damage|p1b: Staraptor|93/100\n|move|p1a: Talonflame|Feather Dance|p1b: Staraptor\n|-boost|p1b: Staraptor|atk|2\n|cant|p1b: Staraptor|flinch\n|-curestatus|p2a: Milotic|slp|[msg]\n|move|p2a: Milotic|Scald|p1a: Talonflame\n|-supereffective|p1a: Talonflame|1\n|-crit|p1a: Talonflame\n|-damage|p1a: Talonflame|0 fnt\n|faint|p1a: Talonflame\n|\n|upkeep\n|turn|7\n|\n|t:|1788308144\n|move|p1b: Staraptor|Close Combat|p2b: Raichu\n|-damage|p2b: Raichu|0 fnt\n|-boost|p1b: Staraptor|def|1\n|-boost|p1b: Staraptor|spd|1\n|faint|p2b: Raichu\n|move|p2a: Milotic|Ice Beam|p1b: Staraptor\n|-supereffective|p1b: Staraptor|1\n|-damage|p1b: Staraptor|58/100\n|\n|upkeep\n|\n|t:|1788308152\n|switch|p2b: Torkoal|Torkoal, L50, F|100/100\n|-weather|SunnyDay|[from] ability: Drought|[of] p2b: Torkoal\n|turn|8\n|\n|t:|1788308163\n|move|p1b: Staraptor|Close Combat|p2a: Milotic\n|-damage|p2a: Milotic|0 fnt\n|-boost|p1b: Staraptor|def|1\n|-boost|p1b: Staraptor|spd|1\n|faint|p2a: Milotic\n|move|p2b: Torkoal|Heat Wave|p1b: Staraptor\n|-damage|p1b: Staraptor|18/100\n|\n|-weather|SunnyDay|[upkeep]\n|upkeep\n|turn|9\n|\n|t:|1788308183\n|move|p1b: Staraptor|Close Combat|p2b: Torkoal\n|-damage|p2b: Torkoal|0 fnt\n|-boost|p1b: Staraptor|def|1\n|-boost|p1b: Staraptor|spd|1\n|faint|p2b: Torkoal\n|\n|win|blueplaidshirtboy\n|raw|blueplaidshirtboy's rating: 1060 &rarr; <strong>1086</strong><br />(+26 for winning)\n|raw|peraven's rating: 1000 &rarr; <strong>1000</strong><br />(+0 for losing)\n","uploadtime":1788308185,"views":"0","formatid":"gen9championsvgc2026regmb","rating":1000,"private":0,"password":null}