{"id":"gen9championsvgc2026regmbbo3-2674981496","format":"[Gen 9 Champions] VGC 2026 Reg M-B (Bo3)","players":["veryreally","xClide92"],"log":"|j|☆veryreally\n|j|☆xClide92\n|html|<table width=\"100%\"><tr><td align=\"left\">veryreally</td><td align=\"right\">xClide92</tr><tr><td align=\"left\"><i class=\"fa fa-circle-o\"></i> <i class=\"fa fa-circle-o\"></i> </td><td align=\"right\"><i class=\"fa fa-circle-o\"></i> <i class=\"fa fa-circle-o\"></i> </tr></table>\n|uhtml|bestof|<h2><strong>Game 1</strong> of <a href=\"/game-bestof3-gen9championsvgc2026regmbbo3-2674981495\">a best-of-3</a></h2>\n|t:|1788444937\n|gametype|doubles\n|player|p1|veryreally|265|1187\n|player|p2|xClide92|buck|1240\n|gen|9\n|tier|[Gen 9 Champions] VGC 2026 Reg M-B (Bo3)\n|rated|\n|rule|Species Clause: Limit one of each Pokémon\n|rule|Item Clause: Limit 1 of each item\n|clearpoke\n|poke|p1|Swampert, L50, F|\n|poke|p1|Gengar, L50, F|\n|poke|p1|Incineroar, L50, M|\n|poke|p1|Ninetales-Alola, L50, M|\n|poke|p1|Sneasler, L50, F|\n|poke|p1|Dragonite, L50, F|\n|poke|p2|Staraptor, L50, M|\n|poke|p2|Arcanine-Hisui, L50, F|\n|poke|p2|Kingambit, L50, F|\n|poke|p2|Sylveon, L50, F|\n|poke|p2|Raichu, L50, F|\n|poke|p2|Farigiraf, L50, M|\n|teampreview|4\n|showteam|p1|Swampert||Leftovers|Torrent|FlipTurn,HighHorsepower,Protect,Yawn|Brave||F|||50|]Gengar||Gengarite|CursedBody|SludgeBomb,ShadowBall,Protect,Substitute|Modest||F|||50|]Incineroar||SitrusBerry|Intimidate|FakeOut,ThroatChop,PartingShot,FlareBlitz|Impish||M|||50|]Ninetales-Alola||ChoiceScarf|SnowWarning|Blizzard,IcyWind,Encore,FreezeDry|Timid||M|||50|]Sneasler||FocusSash|Unburden|CloseCombat,RockSlide,Protect,DireClaw|Adamant||F|||50|]Dragonite||LifeOrb|InnerFocus|DragonClaw,ExtremeSpeed,Protect,Superpower|Adamant||F|||50|\n|showteam|p2|Staraptor||Staraptite|Intimidate|DualWingbeat,CloseCombat,Tailwind,Protect|Jolly||M|||50|]Arcanine-Hisui||FocusSash|RockHead|FlareBlitz,RockSlide,ExtremeSpeed,Protect|Jolly||F|||50|]Kingambit||LifeOrb|Defiant|KowtowCleave,SuckerPunch,SwordsDance,Protect|Adamant||F|||50|]Sylveon||FairyFeather|Pixilate|HyperVoice,HyperBeam,QuickAttack,Detect|Modest||F|||50|]Raichu||RaichuniteY|LightningRod|Protect,FakeOut,ZapCannon,FocusBlast|Timid||F|||50|]Farigiraf||SitrusBerry|ArmorTail|Psychic,HelpingHand,TrickRoom,Protect|Calm||M|||50|\n|inactive|Battle timer is ON: inactive players will automatically lose when time's up. (requested by veryreally)\n|c|☆xClide92|have fun & good luck\n|j| irmgy\n|inactive|xClide92 has 60 seconds left.\n|inactive|xClide92 has 30 seconds left.\n|\n|t:|1788445008\n|teamsize|p1|4\n|teamsize|p2|4\n|start\n|switch|p1a: Swampert|Swampert, L50, F|100/100\n|switch|p1b: Gengar|Gengar, L50, F|100/100\n|switch|p2a: Raichu|Raichu, L50, F|100/100\n|switch|p2b: Kingambit|Kingambit, L50, F|100/100\n|turn|1\n|\n|t:|1788445028\n|detailschange|p2a: Raichu|Raichu-Mega-Y, L50, F\n|-mega|p2a: Raichu|Raichu|Raichunite Y\n|detailschange|p1b: Gengar|Gengar-Mega, L50, F\n|-mega|p1b: Gengar|Gengar|Gengarite\n|move|p2a: Raichu|Fake Out|p1a: Swampert\n|-damage|p1a: Swampert|92/100\n|move|p1b: Gengar|Sludge Bomb|p2a: Raichu\n|-damage|p2a: Raichu|27/100\n|-status|p2a: Raichu|psn\n|cant|p1a: Swampert|flinch\n|move|p2b: Kingambit|Kowtow Cleave|p1b: Gengar\n|-supereffective|p1b: Gengar|1\n|-damage|p1b: Gengar|0 fnt\n|faint|p1b: Gengar\n|-damage|p2b: Kingambit|90/100|[from] item: Life Orb\n|\n|-heal|p1a: Swampert|98/100|[from] item: Leftovers\n|-damage|p2a: Raichu|15/100 psn|[from] psn\n|upkeep\n|\n|t:|1788445047\n|switch|p1b: Ninetales|Ninetales-Alola, L50, M|100/100\n|-weather|Snowscape|[from] ability: Snow Warning|[of] p1b: Ninetales\n|turn|2\n|inactive|xClide92 has 30 seconds left.\n|inactive|xClide92 has 20 seconds left.\n|\n|t:|1788445083\n|switch|p2a: Sylveon|Sylveon, L50, F|100/100\n|move|p1b: Ninetales|Blizzard|p2a: Sylveon|[spread] p2a,p2b\n|-resisted|p2b: Kingambit|1\n|-damage|p2a: Sylveon|79/100\n|-damage|p2b: Kingambit|75/100\n|move|p1a: Swampert|Yawn|p2a: Sylveon\n|-start|p2a: Sylveon|move: Yawn|[of] p1a: Swampert\n|move|p2b: Kingambit|Kowtow Cleave|p1a: Swampert\n|-damage|p1a: Swampert|41/100\n|-damage|p2b: Kingambit|65/100|[from] item: Life Orb\n|\n|-weather|Snowscape|[upkeep]\n|-heal|p1a: Swampert|47/100|[from] item: Leftovers\n|upkeep\n|turn|3\n|inactive|veryreally has 30 seconds left.\n|\n|t:|1788445114\n|move|p2b: Kingambit|Sucker Punch|p1a: Swampert\n|-damage|p1a: Swampert|5/100\n|-damage|p2b: Kingambit|56/100|[from] item: Life Orb\n|move|p1b: Ninetales|Blizzard|p2a: Sylveon|[spread] p2a,p2b\n|-resisted|p2b: Kingambit|1\n|-damage|p2a: Sylveon|56/100\n|-damage|p2b: Kingambit|41/100\n|move|p2a: Sylveon|Hyper Voice|p1a: Swampert|[spread] p1a,p1b\n|-damage|p1a: Swampert|0 fnt\n|-damage|p1b: Ninetales|49/100\n|faint|p1a: Swampert\n|\n|-weather|Snowscape|[upkeep]\n|-end|p2a: Sylveon|move: Yawn|[silent]\n|-status|p2a: Sylveon|slp\n|upkeep\n|\n|t:|1788445125\n|switch|p1a: Sneasler|Sneasler, L50, F|100/100\n|turn|4\n|\n|t:|1788445149\n|move|p2b: Kingambit|Protect|p2b: Kingambit\n|-singleturn|p2b: Kingambit|Protect\n|move|p1b: Ninetales|Blizzard|p2b: Kingambit|[spread] p2a\n|-activate|p2b: Kingambit|move: Protect\n|-damage|p2a: Sylveon|36/100 slp\n|move|p1a: Sneasler|Close Combat|p2b: Kingambit\n|-activate|p2b: Kingambit|move: Protect\n|cant|p2a: Sylveon|slp\n|\n|-weather|Snowscape|[upkeep]\n|upkeep\n|turn|5\n|\n|t:|1788445170\n|-curestatus|p2a: Sylveon|slp|[msg]\n|move|p2a: Sylveon|Quick Attack|p1a: Sneasler\n|-damage|p1a: Sneasler|76/100\n|move|p2b: Kingambit|Sucker Punch|p1b: Ninetales\n|-resisted|p1b: Ninetales|1\n|-damage|p1b: Ninetales|24/100\n|-damage|p2b: Kingambit|31/100|[from] item: Life Orb\n|move|p1b: Ninetales|Blizzard|p2a: Sylveon|[spread] p2a,p2b\n|-resisted|p2b: Kingambit|1\n|-damage|p2a: Sylveon|12/100\n|-damage|p2b: Kingambit|16/100\n|move|p1a: Sneasler|Rock Slide|p2b: Kingambit|[spread] p2a,p2b\n|-resisted|p2b: Kingambit|1\n|-damage|p2a: Sylveon|0 fnt\n|-damage|p2b: Kingambit|9/100\n|faint|p2a: Sylveon\n|\n|-weather|Snowscape|[upkeep]\n|upkeep\n|\n|t:|1788445189\n|switch|p2a: Raichu|Raichu-Mega-Y, L50, F|15/100 psn\n|turn|6\n|\n|t:|1788445211\n|move|p2a: Raichu|Fake Out|p1b: Ninetales\n|-damage|p1b: Ninetales|15/100\n|move|p2b: Kingambit|Sucker Punch|p1a: Sneasler\n|-resisted|p1a: Sneasler|1\n|-damage|p1a: Sneasler|31/100\n|-damage|p2b: Kingambit|0 fnt|[from] item: Life Orb\n|faint|p2b: Kingambit\n|cant|p1b: Ninetales|flinch\n|move|p1a: Sneasler|Rock Slide|p2a: Raichu\n|-crit|p2a: Raichu\n|-damage|p2a: Raichu|0 fnt\n|faint|p2a: Raichu\n|\n|-weather|none\n|upkeep\n|\n|t:|1788445229\n|switch|p2b: Arcanine|Arcanine-Hisui, L50, F|100/100\n|turn|7\n|\n|t:|1788445235\n|move|p2b: Arcanine|Extreme Speed|p1b: Ninetales\n|-damage|p1b: Ninetales|0 fnt\n|faint|p1b: Ninetales\n|move|p1a: Sneasler|Close Combat|p2b: Arcanine\n|-supereffective|p2b: Arcanine|1\n|-enditem|p2b: Arcanine|Focus Sash\n|-damage|p2b: Arcanine|1/100\n|-unboost|p1a: Sneasler|def|1\n|-unboost|p1a: Sneasler|spd|1\n|\n|upkeep\n|turn|8\n|\n|t:|1788445247\n|move|p2b: Arcanine|Extreme Speed|p1a: Sneasler\n|-damage|p1a: Sneasler|0 fnt\n|faint|p1a: Sneasler\n|\n|win|xClide92\n|c| irmgy|wow\n|inactive|veryreally has 30 seconds to confirm battle start!\n|inactive|xClide92 has 30 seconds to confirm battle start!\n","uploadtime":1788445255,"views":"1","formatid":"gen9championsvgc2026regmbbo3","rating":null,"private":0,"password":null}