{"id":"gen9championsvgc2026regmb-2673868348","format":"[Gen 9 Champions] VGC 2026 Reg M-B","players":["ShinJei13","Thornlace48812"],"log":"|j|☆ShinJei13\n|j|☆Thornlace48812\n|t:|1788270834\n|gametype|doubles\n|player|p1|ShinJei13|266|1082\n|player|p2|Thornlace48812|102|1108\n|gen|9\n|tier|[Gen 9 Champions] VGC 2026 Reg M-B\n|rated|\n|rule|Species Clause: Limit one of each Pokémon\n|rule|Item Clause: Limit 1 of each item\n|clearpoke\n|poke|p1|Excadrill, L50, F|\n|poke|p1|Primarina, L50, F|\n|poke|p1|Farigiraf, L50, F|\n|poke|p1|Chandelure, L50, M|\n|poke|p1|Pelipper, L50, F|\n|poke|p1|Sableye, L50, F|\n|poke|p2|Garchomp, L50, M|\n|poke|p2|Charizard, L50, F|\n|poke|p2|Whimsicott, L50, M|\n|poke|p2|Sylveon, L50, M|\n|poke|p2|Kingambit, L50, F|\n|poke|p2|Basculegion, L50, M|\n|teampreview|4\n|inactive|Battle timer is ON: inactive players will automatically lose when time's up. (requested by Thornlace48812)\nThornlace48812 rejected open team sheets.\n|inactive|ShinJei13 has 60 seconds left.\n|\n|t:|1788270873\n|teamsize|p1|4\n|teamsize|p2|4\n|start\n|switch|p1a: Primarina|Primarina, L50, F|100/100\n|switch|p1b: Sableye|Sableye, L50, F|100/100\n|switch|p2a: Sylveon|Sylveon, L50, M|100/100\n|switch|p2b: Basculegion|Basculegion, L50, M|100/100\n|turn|1\n|\n|t:|1788270888\n|move|p1b: Sableye|Sunny Day|p1b: Sableye\n|-weather|SunnyDay\n|move|p2b: Basculegion|Last Respects|p1a: Primarina\n|-damage|p1a: Primarina|59/100\n|move|p2a: Sylveon|Hyper Voice|p1a: Primarina|[spread] p1a,p1b\n|-supereffective|p1b: Sableye|1\n|-enditem|p1b: Sableye|Roseli Berry|[eat]\n|-enditem|p1b: Sableye|Roseli Berry|[weaken]\n|-damage|p1a: Primarina|16/100\n|-damage|p1b: Sableye|51/100\n|move|p1a: Primarina|Weather Ball|p2a: Sylveon\n|-damage|p2a: Sylveon|39/100\n|-damage|p1a: Primarina|6/100|[from] item: Life Orb\n|\n|-weather|SunnyDay|[upkeep]\n|upkeep\n|turn|2\n|inactive|ShinJei13 has 30 seconds left.\n|inactive|ShinJei13 has 20 seconds left.\n|\n|t:|1788270927\n|move|p2b: Basculegion|Aqua Jet|p1b: Sableye\n|-damage|p1b: Sableye|26/100\n|move|p1b: Sableye|Disable|p2a: Sylveon\n|-start|p2a: Sylveon|Disable|Hyper Voice\n|cant|p2a: Sylveon|Disable|Hyper Voice\n|move|p1a: Primarina|Weather Ball|p2a: Sylveon\n|-damage|p2a: Sylveon|0 fnt\n|faint|p2a: Sylveon\n|-damage|p1a: Primarina|0 fnt|[from] item: Life Orb\n|faint|p1a: Primarina\n|\n|-weather|SunnyDay|[upkeep]\n|upkeep\n|inactive|ShinJei13 has 30 seconds left.\n|\n|t:|1788270954\n|switch|p2a: Whimsicott|Whimsicott, L50, M|100/100\n|switch|p1a: Excadrill|Excadrill, L50, F|100/100\n|-ability|p1a: Excadrill|Mold Breaker\n|turn|3\n|inactive|ShinJei13 has 30 seconds left.\n|inactive|ShinJei13 has 20 seconds left.\n|inactive|ShinJei13 has 15 seconds left.\n|inactive|ShinJei13 has 10 seconds left.\n|inactive|ShinJei13 has 5 seconds left.\n|\n|t:|1788271008\n|switch|p1b: Pelipper|Pelipper, L50, F|100/100\n|-weather|RainDance|[from] ability: Drizzle|[of] p1b: Pelipper\n|move|p2a: Whimsicott|Tailwind|p2a: Whimsicott\n|-sidestart|p2: Thornlace48812|move: Tailwind\n|move|p2b: Basculegion|Wave Crash|p1a: Excadrill\n|-supereffective|p1a: Excadrill|1\n|-damage|p1a: Excadrill|0 fnt\n|faint|p1a: Excadrill\n|-damage|p2b: Basculegion|69/100|[from] Recoil\n|\n|-weather|RainDance|[upkeep]\n|upkeep\n|\n|t:|1788271020\n|switch|p1a: Sableye|Sableye, L50, F|26/100\n|turn|4\n|\n|t:|1788271037\n|move|p2a: Whimsicott|Protect|p2a: Whimsicott\n|-singleturn|p2a: Whimsicott|Protect\n|move|p1a: Sableye|Quash|p2b: Basculegion\n|-activate|p2b: Basculegion|move: Quash\n|move|p1b: Pelipper|Hurricane|p2b: Basculegion\n|-damage|p2b: Basculegion|13/100\n|move|p2b: Basculegion|Wave Crash|p1b: Pelipper\n|-resisted|p1b: Pelipper|1\n|-damage|p1b: Pelipper|22/100\n|-damage|p2b: Basculegion|0 fnt|[from] Recoil\n|faint|p2b: Basculegion\n|\n|-weather|RainDance|[upkeep]\n|upkeep\n|\n|t:|1788271037\n|switch|p2b: Charizard|Charizard, L50, F|100/100\n|turn|5\n|\n|t:|1788271062\n|detailschange|p2b: Charizard|Charizard-Mega-Y, L50, F\n|-mega|p2b: Charizard|Charizard|Charizardite Y\n|-weather|SunnyDay|[from] ability: Drought|[of] p2b: Charizard\n|move|p2a: Whimsicott|Encore|p1b: Pelipper\n|-start|p1b: Pelipper|Encore\n|move|p1a: Sableye|Rain Dance|p1a: Sableye\n|-weather|RainDance\n|move|p2b: Charizard|Heat Wave|p1b: Pelipper|[spread] p1a,p1b\n|-resisted|p1b: Pelipper|1\n|-damage|p1a: Sableye|5/100\n|-damage|p1b: Pelipper|6/100\n|move|p1b: Pelipper|Hurricane|p2b: Charizard\n|-damage|p2b: Charizard|47/100\n|\n|-weather|RainDance|[upkeep]\n|upkeep\n|turn|6\n|inactive|ShinJei13 has 30 seconds left.\n|inactive|ShinJei13 has 20 seconds left.\n|inactive|ShinJei13 has 15 seconds left.\n|\n|t:|1788271102\n|move|p1a: Sableye|Disable|p2b: Charizard\n|-start|p2b: Charizard|Disable|Heat Wave\n|move|p2a: Whimsicott|Moonblast|p1b: Pelipper\n|-damage|p1b: Pelipper|0 fnt\n|faint|p1b: Pelipper\n|move|p2b: Charizard|Ancient Power|p1a: Sableye\n|-damage|p1a: Sableye|0 fnt\n|faint|p1a: Sableye\n|\n|win|Thornlace48812\n|raw|ShinJei13's rating: 1082 &rarr; <strong>1065</strong><br />(-17 for losing)\n|raw|Thornlace48812's rating: 1166 &rarr; <strong>1185</strong><br />(+19 for winning)\n","uploadtime":1788271103,"views":"2","formatid":"gen9championsvgc2026regmb","rating":1065,"private":0,"password":null}