{"id":"gen9championsvgc2026regmb-2674428889","format":"[Gen 9 Champions] VGC 2026 Reg M-B","players":["W0kMeDed","zamazentaismart"],"log":"|j|☆W0kMeDed\n|j|☆zamazentaismart\n|t:|1788358709\n|gametype|doubles\n|player|p1|W0kMeDed|palmer|1327\n|player|p2|zamazentaismart|2|1317\n|gen|9\n|tier|[Gen 9 Champions] VGC 2026 Reg M-B\n|rated|\n|rule|Species Clause: Limit one of each Pokémon\n|rule|Item Clause: Limit 1 of each item\n|clearpoke\n|poke|p1|Metagross, L50|\n|poke|p1|Maushold-Four, L50|\n|poke|p1|Hydreigon, L50, F|\n|poke|p1|Ceruledge, L50, M|\n|poke|p1|Tauros-Paldea-Aqua, L50, M|\n|poke|p1|Floette-Eternal, L50, F|\n|poke|p2|Snorlax, L50, F|\n|poke|p2|Hawlucha, L50, F|\n|poke|p2|Sinistcha, L50|\n|poke|p2|Vanilluxe, L50, F|\n|poke|p2|Incineroar, L50, M|\n|poke|p2|Basculegion, L50, M|\n|teampreview|4\n|\n|t:|1788358739\n|teamsize|p1|4\n|teamsize|p2|4\n|start\n|switch|p1a: Ceruledge|Ceruledge, L50, M|100/100\n|switch|p1b: Maushold|Maushold-Four, L50|100/100\n|switch|p2a: Hawlucha|Hawlucha, L50, F|100/100\n|switch|p2b: Snorlax|Snorlax, L50, F|100/100\n|turn|1\n|\n|t:|1788358760\n|detailschange|p2a: Hawlucha|Hawlucha-Mega, L50, F\n|-mega|p2a: Hawlucha|Hawlucha|Hawluchanite\n|move|p2b: Snorlax|Protect|p2b: Snorlax\n|-singleturn|p2b: Snorlax|Protect\n|move|p1b: Maushold|Follow Me|p1b: Maushold\n|-singleturn|p1b: Maushold|move: Follow Me\n|move|p2a: Hawlucha|Cross Chop|p1b: Maushold\n|-supereffective|p1b: Maushold|1\n|-enditem|p1b: Maushold|Chople Berry|[eat]\n|-enditem|p1b: Maushold|Chople Berry|[weaken]\n|-damage|p1b: Maushold|30/100\n|move|p1a: Ceruledge|Swords Dance|p1a: Ceruledge\n|-boost|p1a: Ceruledge|atk|2\n|\n|upkeep\n|turn|2\n|l|☆zamazentaismart\n|player|p2|\n|inactive|Battle timer is ON: inactive players will automatically lose when time's up. (requested by W0kMeDed)\n|inactive|zamazentaismart has 30 seconds to reconnect!\n|inactive|zamazentaismart has 20 seconds to reconnect!\n|inactive|zamazentaismart has 15 seconds to reconnect!\n|j|☆zamazentaismart\n|inactive|zamazentaismart reconnected and has 45 seconds left.\n|player|p2|zamazentaismart|2|\n|\n|t:|1788358835\n|move|p1b: Maushold|Follow Me|p1b: Maushold\n|-singleturn|p1b: Maushold|move: Follow Me\n|move|p2a: Hawlucha|Cross Chop|p1b: Maushold\n|-supereffective|p1b: Maushold|1\n|-damage|p1b: Maushold|0 fnt\n|faint|p1b: Maushold\n|move|p1a: Ceruledge|Bitter Blade|p2a: Hawlucha\n|-damage|p2a: Hawlucha|0 fnt\n|faint|p2a: Hawlucha\n|move|p2b: Snorlax|Fissure|p1a: Ceruledge\n|-damage|p1a: Ceruledge|0 fnt\n|faint|p1a: Ceruledge\n|-ohko\n|\n|upkeep\n|\n|t:|1788358846\n|switch|p2a: Incineroar|Incineroar, L50, M|100/100\n|switch|p1b: Tauros|Tauros-Paldea-Aqua, L50, M|100/100\n|switch|p1a: Metagross|Metagross, L50|100/100\n|-ability|p1b: Tauros|Intimidate|boost\n|-unboost|p2a: Incineroar|atk|1\n|-unboost|p2b: Snorlax|atk|1\n|-ability|p2a: Incineroar|Intimidate|boost\n|-fail|p1a: Metagross|unboost|[from] ability: Clear Body|[of] p1a: Metagross\n|-unboost|p1b: Tauros|atk|1\n|turn|3\n|\n|t:|1788358856\n|switch|p2b: Basculegion|Basculegion, L50, M|100/100\n|move|p1b: Tauros|Protect|p1b: Tauros\n|-singleturn|p1b: Tauros|Protect\n|move|p1a: Metagross|Protect|p1a: Metagross\n|-singleturn|p1a: Metagross|Protect\n|move|p2a: Incineroar|Fake Out|p1a: Metagross\n|-activate|p1a: Metagross|move: Protect\n|\n|upkeep\n|turn|4\n|\n|t:|1788358868\n|switch|p2a: Snorlax|Snorlax, L50, F|100/100\n|detailschange|p1a: Metagross|Metagross-Mega, L50\n|-mega|p1a: Metagross|Metagross|Metagrossite\n|move|p1a: Metagross|Psychic Fangs|p2b: Basculegion\n|-damage|p2b: Basculegion|15/100\n|move|p1b: Tauros|Wave Crash|p2b: Basculegion\n|-resisted|p2b: Basculegion|1\n|-damage|p2b: Basculegion|0 fnt\n|faint|p2b: Basculegion\n|-damage|p1b: Tauros|93/100|[from] Recoil\n|-damage|p1b: Tauros|83/100|[from] item: Life Orb\n|\n|upkeep\n|\n|t:|1788358874\n|switch|p2b: Incineroar|Incineroar, L50, M|100/100\n|-ability|p2b: Incineroar|Intimidate|boost\n|-unboost|p1a: Metagross|atk|1\n|-unboost|p1b: Tauros|atk|1\n|turn|5\n|\n|t:|1788358891\n|move|p2b: Incineroar|Fake Out|p1b: Tauros\n|-damage|p1b: Tauros|70/100\n|move|p1a: Metagross|Iron Head|p2a: Snorlax\n|-damage|p2a: Snorlax|70/100\n|cant|p1b: Tauros|flinch\n|move|p2a: Snorlax|Counter|p1a: Metagross\n|-damage|p1a: Metagross|15/100\n|\n|-heal|p2a: Snorlax|76/100|[from] item: Leftovers\n|upkeep\n|turn|6\n|\n|t:|1788358914\n|move|p1a: Metagross|Iron Head|p2a: Snorlax\n|-damage|p2a: Snorlax|45/100\n|move|p1b: Tauros|Close Combat|p2a: Snorlax\n|-supereffective|p2a: Snorlax|1\n|-damage|p2a: Snorlax|0 fnt\n|-unboost|p1b: Tauros|def|1\n|-unboost|p1b: Tauros|spd|1\n|faint|p2a: Snorlax\n|-damage|p1b: Tauros|60/100|[from] item: Life Orb\n|move|p2b: Incineroar|Flare Blitz|p1a: Metagross\n|-supereffective|p1a: Metagross|1\n|-damage|p1a: Metagross|0 fnt\n|faint|p1a: Metagross\n|-damage|p2b: Incineroar|96/100|[from] Recoil\n|\n|upkeep\n|turn|7\n|\n|t:|1788358925\n|move|p1b: Tauros|Close Combat|p2b: Incineroar\n|-supereffective|p2b: Incineroar|1\n|-damage|p2b: Incineroar|36/100\n|-unboost|p1b: Tauros|def|1\n|-unboost|p1b: Tauros|spd|1\n|-enditem|p2b: Incineroar|Sitrus Berry|[eat]\n|-heal|p2b: Incineroar|61/100|[from] item: Sitrus Berry\n|-damage|p1b: Tauros|50/100g|[from] item: Life Orb\n|move|p2b: Incineroar|Flare Blitz|p1b: Tauros\n|-resisted|p1b: Tauros|1\n|-damage|p1b: Tauros|0 fnt\n|faint|p1b: Tauros\n|-damage|p2b: Incineroar|49/100|[from] Recoil\n|\n|win|zamazentaismart\n|raw|W0kMeDed's rating: 1327 &rarr; <strong>1306</strong><br />(-21 for losing)\n|raw|zamazentaismart's rating: 1317 &rarr; <strong>1338</strong><br />(+21 for winning)\n|l|☆W0kMeDed\n|player|p1|\n","uploadtime":1788358932,"views":"1","formatid":"gen9championsvgc2026regmb","rating":1306,"private":0,"password":null}