{"id":"gen9championsvgc2026regmb-2673949310","format":"[Gen 9 Champions] VGC 2026 Reg M-B","players":["conngfan","jj2435"],"log":"|j|☆conngfan\n|j|☆jj2435\n|t:|1788280753\n|gametype|doubles\n|player|p1|conngfan|arven-s|1538\n|player|p2|jj2435|zinnia|1621\n|gen|9\n|tier|[Gen 9 Champions] VGC 2026 Reg M-B\n|rated|\n|rule|Species Clause: Limit one of each Pokémon\n|rule|Item Clause: Limit 1 of each item\n|clearpoke\n|poke|p1|Aerodactyl, L50, M|\n|poke|p1|Raichu, L50, F|\n|poke|p1|Sneasler, L50, M|\n|poke|p1|Sylveon, L50, M|\n|poke|p1|Kingambit, L50, M|\n|poke|p1|Tsareena, L50, F|\n|poke|p2|Aerodactyl, L50, F|\n|poke|p2|Raichu, L50, M|\n|poke|p2|Kingambit, L50, M|\n|poke|p2|Tsareena, L50, F|\n|poke|p2|Sylveon, L50, M|\n|poke|p2|Sneasler, L50, F|\n|teampreview|4\n|inactive|Battle timer is ON: inactive players will automatically lose when time's up. (requested by conngfan)\n|c|☆jj2435|yo\n|c|☆conngfan|nice team\n|c|☆jj2435|could say the same to you\n|inactive|conngfan has 60 seconds left.\n|inactive|jj2435 has 60 seconds left.\n|c|☆jj2435|emilio is always making sick teams, always have to try em out\n|c|☆conngfan|emilio the goat\n|c|☆jj2435|yuuup\n|c|☆conngfan|yeah, that rock slide flinch was really sad\n|c|☆jj2435|it was man\n|inactive|jj2435 has 30 seconds left.\n|inactive|jj2435 has 20 seconds left.\n|inactive|jj2435 has 15 seconds left.\n|inactive|jj2435 has 10 seconds left.\n|inactive|jj2435 has 5 seconds left.\n|\n|t:|1788280841\n|teamsize|p1|4\n|teamsize|p2|4\n|start\n|switch|p1a: Sneasler|Sneasler, L50, M|100/100\n|switch|p1b: Kingambit|Kingambit, L50, M|100/100\n|switch|p2a: Sylveon|Sylveon, L50, M|100/100\n|switch|p2b: Sneasler|Sneasler, L50, F|100/100\n|turn|1\n|\n|t:|1788280860\n|move|p2b: Sneasler|Fake Out|p1b: Kingambit\n|-resisted|p1b: Kingambit|1\n|-damage|p1b: Kingambit|95/100\n|move|p1a: Sneasler|Fake Out|p2b: Sneasler\n|-damage|p2b: Sneasler|77/100\n|move|p2a: Sylveon|Hyper Voice|p1b: Kingambit|[spread] p1a,p1b\n|-damage|p1a: Sneasler|51/100\n|-damage|p1b: Kingambit|52/100\n|cant|p1b: Kingambit|flinch\n|\n|upkeep\n|turn|2\n|\n|t:|1788280881\n|move|p2b: Sneasler|Feint|p1b: Kingambit\n|-resisted|p1b: Kingambit|1\n|-damage|p1b: Kingambit|48/100\n|move|p1b: Kingambit|Sucker Punch||[still]\n|-fail|p1b: Kingambit\n|move|p1a: Sneasler|Close Combat|p2b: Sneasler\n|-resisted|p2b: Sneasler|1\n|-damage|p2b: Sneasler|24/100\n|-unboost|p1a: Sneasler|def|1\n|-unboost|p1a: Sneasler|spd|1\n|-enditem|p1a: Sneasler|White Herb\n|-clearnegativeboost|p1a: Sneasler|[silent]\n|move|p2a: Sylveon|Hyper Voice|p1a: Sneasler|[spread] p1a,p1b\n|-damage|p1a: Sneasler|3/100\n|-damage|p1b: Kingambit|7/100\n|\n|upkeep\n|turn|3\n|inactive|jj2435 has 30 seconds left.\n|inactive|jj2435 has 20 seconds left.\n|\n|t:|1788280916\n|move|p2b: Sneasler|Feint|p1a: Sneasler\n|-damage|p1a: Sneasler|0 fnt\n|faint|p1a: Sneasler\n|move|p1b: Kingambit|Sucker Punch|p2a: Sylveon\n|-resisted|p2a: Sylveon|1\n|-damage|p2a: Sylveon|68/100\n|-damage|p1b: Kingambit|0 fnt|[from] item: Life Orb\n|faint|p1b: Kingambit\n|move|p2a: Sylveon|Hyper Voice|p1: Sneasler|[notarget]\n|-fail|p2a: Sylveon\n|\n|upkeep\n|\n|t:|1788280922\n|switch|p1a: Raichu|Raichu, L50, F|100/100\n|switch|p1b: Sylveon|Sylveon, L50, M|100/100\n|turn|4\n|\n|t:|1788280938\n|detailschange|p1a: Raichu|Raichu-Mega-Y, L50, F\n|-mega|p1a: Raichu|Raichu|Raichunite Y\n|move|p1a: Raichu|Zap Cannon|p2b: Sneasler\n|-damage|p2b: Sneasler|0 fnt\n|faint|p2b: Sneasler\n|move|p1b: Sylveon|Hyper Beam|p2a: Sylveon|[miss]\n|-miss|p1b: Sylveon|p2a: Sylveon\n|move|p2a: Sylveon|Yawn|p1b: Sylveon\n|-start|p1b: Sylveon|move: Yawn|[of] p2a: Sylveon\n|\n|upkeep\n|\n|t:|1788280948\n|switch|p2b: Raichu|Raichu, L50, M|100/100\n|turn|5\n|\n|t:|1788280953\n|move|p2b: Raichu|Protect|p2b: Raichu\n|-singleturn|p2b: Raichu|Protect\n|move|p2a: Sylveon|Protect|p2a: Sylveon\n|-singleturn|p2a: Sylveon|Protect\n|move|p1a: Raichu|Focus Blast|p2b: Raichu\n|-activate|p2b: Raichu|move: Protect\n|move|p1b: Sylveon|Hyper Voice|p2b: Raichu|[spread] \n|-activate|p2a: Sylveon|move: Protect\n|-activate|p2b: Raichu|move: Protect\n|\n|-end|p1b: Sylveon|move: Yawn|[silent]\n|-status|p1b: Sylveon|slp\n|upkeep\n|turn|6\n|\n|t:|1788280963\n|detailschange|p2b: Raichu|Raichu-Mega-Y, L50, M\n|-mega|p2b: Raichu|Raichu|Raichunite Y\n|move|p1a: Raichu|Protect|p1a: Raichu\n|-singleturn|p1a: Raichu|Protect\n|move|p2b: Raichu|Zap Cannon|p1b: Sylveon\n|-damage|p1b: Sylveon|53/100 slp\n|move|p2a: Sylveon|Hyper Beam|p1a: Raichu\n|-activate|p1a: Raichu|move: Protect\n|cant|p1b: Sylveon|slp\n|\n|upkeep\n|turn|7\n|\n|t:|1788280981\n|move|p2b: Raichu|Zap Cannon|p1b: Sylveon\n|-damage|p1b: Sylveon|6/100 slp\n|move|p1a: Raichu|Zap Cannon|p2a: Sylveon\n|-damage|p2a: Sylveon|14/100\n|-status|p2a: Sylveon|par\n|cant|p1b: Sylveon|slp\n|move|p2a: Sylveon|Hyper Voice|p1a: Raichu|[spread] p1a,p1b\n|-damage|p1a: Raichu|32/100\n|-damage|p1b: Sylveon|0 fnt\n|faint|p1b: Sylveon\n|\n|upkeep\n|turn|8\n|c|☆jj2435|gg man\n|c|☆conngfan|ggs\n|inactive|conngfan has 30 seconds left.\n|c|☆conngfan|im not really used to this ho but i dont like any team in this regulation\n|-message|conngfan forfeited.\n|\n|win|jj2435\n|raw|conngfan's rating: 1538 &rarr; <strong>1523</strong><br />(-15 for losing)\n|raw|jj2435's rating: 1621 &rarr; <strong>1636</strong><br />(+15 for winning)\n","uploadtime":1788281011,"views":"0","formatid":"gen9championsvgc2026regmb","rating":1523,"private":0,"password":null}