{"id":"gen9championsvgc2026regmbbo3-2673425334","format":"[Gen 9 Champions] VGC 2026 Reg M-B (Bo3)","players":["walaye","dtcha"],"log":"|j|☆walaye\n|j|☆dtcha\n|html|<table width=\"100%\"><tr><td align=\"left\">walaye</td><td align=\"right\">dtcha</tr><tr><td align=\"left\"><i class=\"fa fa-circle\"></i> <i class=\"fa fa-circle-o\"></i> </td><td align=\"right\"><i class=\"fa fa-circle-o\"></i> <i class=\"fa fa-circle-o\"></i> </tr></table>\n|uhtml|bestof|<h2><strong>Game 2</strong> of <a href=\"/game-bestof3-gen9championsvgc2026regmbbo3-2673423094\">a best-of-3</a></h2>\n|t:|1788196252\n|gametype|doubles\n|player|p1|walaye|chuck|1281\n|player|p2|dtcha|265|1292\n|gen|9\n|tier|[Gen 9 Champions] VGC 2026 Reg M-B (Bo3)\n|rated|\n|rule|Species Clause: Limit one of each Pokémon\n|rule|Item Clause: Limit 1 of each item\n|clearpoke\n|poke|p1|Venusaur, L50, M|\n|poke|p1|Sneasler, L50, M|\n|poke|p1|Pelipper, L50, F|\n|poke|p1|Swampert, L50, M|\n|poke|p1|Archaludon, L50, F|\n|poke|p1|Meowstic, L50, M|\n|poke|p2|Camerupt, L50, F|\n|poke|p2|Aerodactyl, L50, M|\n|poke|p2|Kangaskhan, L50, F|\n|poke|p2|Farigiraf, L50, F|\n|poke|p2|Sylveon, L50, M|\n|poke|p2|Kingambit, L50, M|\n|teampreview|4\n|showteam|p1|Venusaur||Venusaurite|Chlorophyll|SludgeBomb,EarthPower,Protect,GigaDrain|Modest||M|||50|]Sneasler||FocusSash|PoisonTouch|PoisonJab,CloseCombat,RockSlide,FakeOut|Jolly||M|||50|]Pelipper||SitrusBerry|Drizzle|Hurricane,WeatherBall,Tailwind,HelpingHand|Bold||F|||50|]Swampert||Swampertite|Torrent|WaveCrash,IcePunch,Earthquake,Protect|Adamant||M|||50|]Archaludon||Leftovers|Stamina|DragonPulse,FlashCannon,ElectroShot,Protect|Modest||F|||50|]Meowstic||LightClay|Prankster|Reflect,LightScreen,Yawn,RainDance|Calm||M|||50|\n|showteam|p2|Camerupt||Cameruptite|SolidRock|Protect,EarthPower,HeatWave,AncientPower|Quiet||F|||50|]Aerodactyl||Aerodactylite|Unnerve|RockSlide,DualWingbeat,IceFang,Tailwind|Jolly||M|||50|]Kangaskhan||LifeOrb|Scrappy|DoubleEdge,FakeOut,HammerArm,IcePunch|Brave||F|||50|]Farigiraf||SitrusBerry|ArmorTail|Psychic,Thunderbolt,TrickRoom,HelpingHand|Calm||F|||50|]Sylveon||FairyFeather|Pixilate|HyperVoice,HyperBeam,QuickAttack,Protect|Modest||M|||50|]Kingambit||ExpertBelt|Defiant|KowtowCleave,IronHead,SuckerPunch,LowKick|Adamant||M|||50|\n|\n|t:|1788196302\n|teamsize|p1|4\n|teamsize|p2|4\n|start\n|switch|p1a: Pelipper|Pelipper, L50, F|100/100\n|switch|p1b: Archaludon|Archaludon, L50, F|100/100\n|switch|p2a: Farigiraf|Farigiraf, L50, F|100/100\n|switch|p2b: Kangaskhan|Kangaskhan, L50, F|100/100\n|-weather|RainDance|[from] ability: Drizzle|[of] p1a: Pelipper\n|turn|1\n|\n|t:|1788196348\n|move|p2b: Kangaskhan|Fake Out|p1b: Archaludon\n|-resisted|p1b: Archaludon|1\n|-damage|p1b: Archaludon|91/100\n|-ability|p1b: Archaludon|Stamina|boost\n|-boost|p1b: Archaludon|def|1\n|-damage|p2b: Kangaskhan|90/100|[from] item: Life Orb\n|cant|p1b: Archaludon|flinch\n|move|p1a: Pelipper|Weather Ball|p2a: Farigiraf\n|-damage|p2a: Farigiraf|58/100\n|move|p2a: Farigiraf|Trick Room|p2a: Farigiraf\n|-fieldstart|move: Trick Room|[of] p2a: Farigiraf\n|\n|-weather|RainDance|[upkeep]\n|-heal|p1b: Archaludon|97/100|[from] item: Leftovers\n|upkeep\n|turn|2\n|\n|t:|1788196373\n|switch|p2a: Camerupt|Camerupt, L50, F|100/100\n|move|p1a: Pelipper|Helping Hand|p1b: Archaludon\n|-singleturn|p1b: Archaludon|Helping Hand|[of] p1a: Pelipper\n|move|p2b: Kangaskhan|Double-Edge|p1a: Pelipper\n|-damage|p1a: Pelipper|37/100\n|-enditem|p1a: Pelipper|Sitrus Berry|[eat]\n|-heal|p1a: Pelipper|61/100|[from] item: Sitrus Berry\n|-damage|p2b: Kangaskhan|73/100|[from] Recoil\n|-damage|p2b: Kangaskhan|64/100|[from] item: Life Orb\n|move|p1b: Archaludon|Electro Shot||[still]\n|-prepare|p1b: Archaludon|Electro Shot\n|-boost|p1b: Archaludon|spa|1\n|-anim|p1b: Archaludon|Electro Shot|p2a: Camerupt\n|-immune|p2a: Camerupt\n|\n|-weather|RainDance|[upkeep]\n|-heal|p1b: Archaludon|100/100|[from] item: Leftovers\n|upkeep\n|turn|3\n|\n|t:|1788196396\n|detailschange|p2a: Camerupt|Camerupt-Mega, L50, F\n|-mega|p2a: Camerupt|Camerupt|Cameruptite\n|move|p1b: Archaludon|Protect|p1b: Archaludon\n|-singleturn|p1b: Archaludon|Protect\n|move|p2a: Camerupt|Earth Power|p1b: Archaludon\n|-activate|p1b: Archaludon|move: Protect\n|move|p1a: Pelipper|Weather Ball|p2a: Camerupt\n|-supereffective|p2a: Camerupt|2\n|-crit|p2a: Camerupt\n|-damage|p2a: Camerupt|0 fnt\n|faint|p2a: Camerupt\n|move|p2b: Kangaskhan|Double-Edge|p1a: Pelipper\n|-damage|p1a: Pelipper|0 fnt\n|faint|p1a: Pelipper\n|-damage|p2b: Kangaskhan|47/100|[from] Recoil\n|-damage|p2b: Kangaskhan|38/100|[from] item: Life Orb\n|\n|-weather|RainDance|[upkeep]\n|upkeep\n|\n|t:|1788196421\n|switch|p2a: Sylveon|Sylveon, L50, M|100/100\n|switch|p1a: Swampert|Swampert, L50, M|100/100\n|turn|4\n|\n|t:|1788196447\n|detailschange|p1a: Swampert|Swampert-Mega, L50, M\n|-mega|p1a: Swampert|Swampert|Swampertite\n|move|p2b: Kangaskhan|Hammer Arm|p1b: Archaludon|[miss]\n|-miss|p2b: Kangaskhan|p1b: Archaludon\n|move|p2a: Sylveon|Hyper Voice|p1b: Archaludon|[spread] p1a,p1b\n|-damage|p1a: Swampert|59/100\n|-damage|p1b: Archaludon|54/100\n|-ability|p1b: Archaludon|Stamina|boost\n|-boost|p1b: Archaludon|def|1\n|move|p1b: Archaludon|Electro Shot||[still]\n|-prepare|p1b: Archaludon|Electro Shot\n|-boost|p1b: Archaludon|spa|1\n|-anim|p1b: Archaludon|Electro Shot|p2b: Kangaskhan\n|-damage|p2b: Kangaskhan|0 fnt\n|faint|p2b: Kangaskhan\n|move|p1a: Swampert|Wave Crash|p2a: Sylveon\n|-damage|p2a: Sylveon|0 fnt\n|faint|p2a: Sylveon\n|-damage|p1a: Swampert|28/100|[from] Recoil\n|\n|-weather|RainDance|[upkeep]\n|-heal|p1b: Archaludon|60/100|[from] item: Leftovers\n|upkeep\n|\n|t:|1788196460\n|switch|p2b: Farigiraf|Farigiraf, L50, F|58/100\n|turn|5\n|\n|t:|1788196472\n|switch|p1a: Meowstic|Meowstic, L50, M|100/100\n|move|p1b: Archaludon|Protect|p1b: Archaludon\n|-singleturn|p1b: Archaludon|Protect\n|move|p2b: Farigiraf|Psychic|p1a: Meowstic\n|-resisted|p1a: Meowstic|1\n|-damage|p1a: Meowstic|86/100\n|\n|-weather|none\n|-heal|p1b: Archaludon|66/100|[from] item: Leftovers\n|-fieldend|move: Trick Room\n|upkeep\n|turn|6\n|\n|t:|1788196484\n|move|p1a: Meowstic|Rain Dance|p1a: Meowstic\n|-weather|RainDance\n|move|p1b: Archaludon|Electro Shot||[still]\n|-prepare|p1b: Archaludon|Electro Shot\n|-boost|p1b: Archaludon|spa|1\n|-anim|p1b: Archaludon|Electro Shot|p2b: Farigiraf\n|-damage|p2b: Farigiraf|0 fnt\n|faint|p2b: Farigiraf\n|\n|win|walaye\n|raw|walaye's rating: 1281 &rarr; <strong>1307</strong><br />(+26 for winning)\n|raw|dtcha's rating: 1292 &rarr; <strong>1266</strong><br />(-26 for losing)\n","uploadtime":1788196496,"views":"2","formatid":"gen9championsvgc2026regmbbo3","rating":1266,"private":0,"password":null}