{"id":"gen9championsvgc2026regmb-2674791494","format":"[Gen 9 Champions] VGC 2026 Reg M-B","players":["Kwiper","TheManOfSausage"],"log":"|j|☆Kwiper\n|j|☆TheManOfSausage\n|t:|1788407570\n|gametype|doubles\n|player|p1|Kwiper|sycamore|1591\n|player|p2|TheManOfSausage|miku-water|1684\n|gen|9\n|tier|[Gen 9 Champions] VGC 2026 Reg M-B\n|rated|\n|rule|Species Clause: Limit one of each Pokémon\n|rule|Item Clause: Limit 1 of each item\n|clearpoke\n|poke|p1|Tyranitar, L50, M|\n|poke|p1|Excadrill, L50, M|\n|poke|p1|Milotic, L50, M|\n|poke|p1|Gholdengo, L50|\n|poke|p1|Sinistcha, L50|\n|poke|p1|Staraptor, L50, M|\n|poke|p2|Froslass, L50, F|\n|poke|p2|Blaziken, L50, M|\n|poke|p2|Glimmora, L50, M|\n|poke|p2|Kingambit, L50, M|\n|poke|p2|Basculegion, L50, M|\n|poke|p2|Dragonite, L50, M, shiny|\n|teampreview|4\n|inactive|Battle timer is ON: inactive players will automatically lose when time's up. (requested by Kwiper)\nTheManOfSausage has agreed to open team sheets.\n|inactive|Kwiper has 60 seconds left.\n|\n|t:|1788407614\n|teamsize|p1|4\n|teamsize|p2|4\n|start\n|switch|p1a: Staraptor|Staraptor, L50, M|100/100\n|switch|p1b: Gholdengo|Gholdengo, L50|100/100\n|switch|p2a: Froslass|Froslass, L50, F|100/100\n|switch|p2b: Kingambit|Kingambit, L50, M|100/100\n|-ability|p1a: Staraptor|Intimidate|boost\n|-unboost|p2a: Froslass|atk|1\n|-unboost|p2b: Kingambit|atk|1\n|-ability|p2b: Kingambit|Defiant|boost\n|-boost|p2b: Kingambit|atk|2\n|turn|1\n|\n|t:|1788407625\n|detailschange|p1a: Staraptor|Staraptor-Mega, L50, M\n|-mega|p1a: Staraptor|Staraptor|Staraptite\n|move|p2b: Kingambit|Sucker Punch|p1b: Gholdengo\n|-supereffective|p1b: Gholdengo|1\n|-damage|p1b: Gholdengo|0 fnt\n|faint|p1b: Gholdengo\n|move|p2a: Froslass|Blizzard|p1a: Staraptor\n|-supereffective|p1a: Staraptor|1\n|-damage|p1a: Staraptor|11/100\n|-status|p1a: Staraptor|frz\n|-curestatus|p1a: Staraptor|frz|[msg]\n|move|p1a: Staraptor|Close Combat|p2b: Kingambit\n|-supereffective|p2b: Kingambit|2\n|-enditem|p2b: Kingambit|Chople Berry|[eat]\n|-enditem|p2b: Kingambit|Chople Berry|[weaken]\n|-damage|p2b: Kingambit|13/100\n|-boost|p1a: Staraptor|def|1\n|-boost|p1a: Staraptor|spd|1\n|\n|upkeep\n|\n|t:|1788407645\n|switch|p1b: Excadrill|Excadrill, L50, M|100/100\n|turn|2\n|\n|t:|1788407655\n|move|p2a: Froslass|Protect|p2a: Froslass\n|-singleturn|p2a: Froslass|Protect\n|move|p2b: Kingambit|Protect|p2b: Kingambit\n|-singleturn|p2b: Kingambit|Protect\n|move|p1a: Staraptor|Tailwind|p1a: Staraptor\n|-sidestart|p1: Kwiper|move: Tailwind\n|move|p1b: Excadrill|Rock Slide|p2b: Kingambit|[spread] \n|-activate|p2a: Froslass|move: Protect\n|-activate|p2b: Kingambit|move: Protect\n|\n|upkeep\n|turn|3\n|\n|t:|1788407664\n|detailschange|p2a: Froslass|Froslass-Mega, L50, F\n|-mega|p2a: Froslass|Froslass|Froslassite\n|-weather|Snowscape|[from] ability: Snow Warning|[of] p2a: Froslass\n|move|p1a: Staraptor|Protect|p1a: Staraptor\n|-singleturn|p1a: Staraptor|Protect\n|move|p2b: Kingambit|Sucker Punch||[still]\n|-fail|p2b: Kingambit\n|move|p1b: Excadrill|High Horsepower|p2b: Kingambit\n|-supereffective|p2b: Kingambit|1\n|-damage|p2b: Kingambit|0 fnt\n|faint|p2b: Kingambit\n|move|p2a: Froslass|Blizzard|p1b: Excadrill|[spread] p1b\n|-activate|p1a: Staraptor|move: Protect\n|-damage|p1b: Excadrill|35/100\n|\n|-weather|Snowscape|[upkeep]\n|upkeep\n|\n|t:|1788407666\n|switch|p2b: Basculegion|Basculegion, L50, M|100/100\n|turn|4\n|\n|t:|1788407672\n|switch|p1b: Tyranitar|Tyranitar, L50, M|100/100\n|-weather|Sandstorm|[from] ability: Sand Stream|[of] p1b: Tyranitar\n|move|p2b: Basculegion|Aqua Jet|p1b: Tyranitar\n|-supereffective|p1b: Tyranitar|1\n|-damage|p1b: Tyranitar|56/100\n|move|p1a: Staraptor|Brave Bird|p2a: Froslass\n|-damage|p2a: Froslass|2/100\n|-damage|p1a: Staraptor|0 fnt|[from] Recoil\n|faint|p1a: Staraptor\n|move|p2a: Froslass|Shadow Ball|p1b: Tyranitar\n|-resisted|p1b: Tyranitar|1\n|-damage|p1b: Tyranitar|42/100\n|\n|-weather|Sandstorm|[upkeep]\n|-damage|p2a: Froslass|0 fnt|[from] Sandstorm\n|-damage|p2b: Basculegion|93/100|[from] Sandstorm\n|faint|p2a: Froslass\n|upkeep\n|\n|t:|1788407674\n|switch|p2a: Dragonite|Dragonite, L50, M, shiny|100/100\n|switch|p1a: Excadrill|Excadrill, L50, M|35/100\n|turn|5\n|\n|t:|1788407681\n|move|p2b: Basculegion|Protect|p2b: Basculegion\n|-singleturn|p2b: Basculegion|Protect\n|move|p2a: Dragonite|Protect|p2a: Dragonite\n|-singleturn|p2a: Dragonite|Protect\n|move|p1a: Excadrill|High Horsepower|p2b: Basculegion\n|-activate|p2b: Basculegion|move: Protect\n|move|p1b: Tyranitar|Knock Off|p2b: Basculegion\n|-activate|p2b: Basculegion|move: Protect\n|\n|-weather|Sandstorm|[upkeep]\n|-damage|p2a: Dragonite|94/100|[from] Sandstorm\n|-damage|p2b: Basculegion|87/100|[from] Sandstorm\n|-sideend|p1: Kwiper|move: Tailwind\n|upkeep\n|turn|6\n|\n|t:|1788407684\n|move|p1a: Excadrill|Protect|p1a: Excadrill\n|-singleturn|p1a: Excadrill|Protect\n|move|p2b: Basculegion|Aqua Jet|p1a: Excadrill\n|-activate|p1a: Excadrill|move: Protect\n|move|p1b: Tyranitar|Knock Off|p2b: Basculegion\n|-supereffective|p2b: Basculegion|1\n|-damage|p2b: Basculegion|0 fnt\n|-enditem|p2b: Basculegion|Sitrus Berry|[from] move: Knock Off|[of] p1b: Tyranitar\n|faint|p2b: Basculegion\n|move|p2a: Dragonite|Low Kick|p1b: Tyranitar\n|-supereffective|p1b: Tyranitar|2\n|-crit|p1b: Tyranitar\n|-damage|p1b: Tyranitar|0 fnt\n|faint|p1b: Tyranitar\n|-damage|p2a: Dragonite|84/100|[from] item: Life Orb\n|\n|-weather|Sandstorm|[upkeep]\n|-damage|p2a: Dragonite|78/100|[from] Sandstorm\n|upkeep\n|turn|7\n|\n|t:|1788407688\n|move|p1a: Excadrill|Rock Slide|p2a: Dragonite\n|-supereffective|p2a: Dragonite|1\n|-damage|p2a: Dragonite|21/100\n|move|p2a: Dragonite|Low Kick|p1a: Excadrill\n|-supereffective|p1a: Excadrill|1\n|-damage|p1a: Excadrill|0 fnt\n|faint|p1a: Excadrill\n|-damage|p2a: Dragonite|12/100|[from] item: Life Orb\n|\n|win|TheManOfSausage\n|raw|Kwiper's rating: 1591 &rarr; <strong>1576</strong><br />(-15 for losing)\n|raw|TheManOfSausage's rating: 1684 &rarr; <strong>1699</strong><br />(+15 for winning)\n","uploadtime":1788407688,"views":"5","formatid":"gen9championsvgc2026regmb","rating":1576,"private":0,"password":null}