{"id":"gen9championsvgc2026regmbbo3-2674614523","format":"[Gen 9 Champions] VGC 2026 Reg M-B (Bo3)","players":["kalaluwi","thebigmacky"],"log":"|j|☆kalaluwi\n|j|☆thebigmacky\n|html|<table width=\"100%\"><tr><td align=\"left\">kalaluwi</td><td align=\"right\">thebigmacky</tr><tr><td align=\"left\"><i class=\"fa fa-circle-o\"></i> <i class=\"fa fa-circle-o\"></i> </td><td align=\"right\"><i class=\"fa fa-circle-o\"></i> <i class=\"fa fa-circle-o\"></i> </tr></table>\n|uhtml|bestof|<h2><strong>Game 1</strong> of <a href=\"/game-bestof3-gen9championsvgc2026regmbbo3-2674614522\">a best-of-3</a></h2>\n|t:|1788380497\n|gametype|doubles\n|player|p1|kalaluwi|266|1333\n|player|p2|thebigmacky|miku-ghost|1307\n|gen|9\n|tier|[Gen 9 Champions] VGC 2026 Reg M-B (Bo3)\n|rated|\n|rule|Species Clause: Limit one of each Pokémon\n|rule|Item Clause: Limit 1 of each item\n|clearpoke\n|poke|p1|Farigiraf, L50, M|\n|poke|p1|Incineroar, L50, M|\n|poke|p1|Camerupt, L50, M|\n|poke|p1|Vanilluxe, L50, F|\n|poke|p1|Kingambit, L50, F|\n|poke|p1|Primarina, L50, F|\n|poke|p2|Archaludon, L50, F|\n|poke|p2|Pelipper, L50, F|\n|poke|p2|Charizard, L50, M, shiny|\n|poke|p2|Venusaur, L50, F|\n|poke|p2|Swampert, L50, F|\n|poke|p2|Grimmsnarl, L50, M, shiny|\n|teampreview|4\n|showteam|p1|Farigiraf||ColburBerry|ArmorTail|TrickRoom,Psychic,HelpingHand,Thunderbolt|Modest||M|||50|]Incineroar||LifeOrb|Intimidate|FakeOut,CloseCombat,FlareBlitz,DarkestLariat|Adamant||M|||50|]Camerupt||Cameruptite|MagmaArmor|EarthPower,HeatWave,AncientPower,Protect|Modest||M|||50|]Vanilluxe||ChoiceScarf|SnowWarning|Blizzard,IcyWind,FreezeDry,SheerCold|Modest||F|||50|]Kingambit||BlackGlasses|Defiant|LowKick,KowtowCleave,SuckerPunch,Protect|Adamant||F|||50|]Primarina||Leftovers|LiquidVoice|CalmMind,HyperVoice,Moonblast,Protect|Modest||F|||50|\n|showteam|p2|Archaludon||Leftovers|Stamina|Protect,ElectroShot,FlashCannon,DragonPulse|Calm||F|||50|]Pelipper||SitrusBerry|Drizzle|WideGuard,Tailwind,WeatherBall,Hurricane|Bold||F|||50|]Charizard||CharizarditeY|Blaze|Protect,WeatherBall,HeatWave,Hurricane|Modest||M|||50|]Venusaur||FocusSash|Chlorophyll|Protect,LeafStorm,SludgeBomb,SleepPowder|Modest||F|||50|]Swampert||Swampertite|Torrent|Protect,WaveCrash,Earthquake,IcePunch|Adamant||F|||50|]Grimmsnarl||LightClay|Prankster|SpiritBreak,Reflect,LightScreen,PartingShot|Sassy||M|||50|\n|inactive|Battle timer is ON: inactive players will automatically lose when time's up. (requested by thebigmacky)\n|inactive|kalaluwi has 60 seconds left.\n|inactive|thebigmacky has 60 seconds left.\n|\n|t:|1788380536\n|teamsize|p1|4\n|teamsize|p2|4\n|start\n|switch|p1a: Farigiraf|Farigiraf, L50, M|100/100\n|switch|p1b: Incineroar|Incineroar, L50, M|100/100\n|switch|p2a: Grimmsnarl|Grimmsnarl, L50, M, shiny|100/100\n|switch|p2b: Swampert|Swampert, L50, F|100/100\n|-ability|p1b: Incineroar|Intimidate|boost\n|-unboost|p2a: Grimmsnarl|atk|1\n|-unboost|p2b: Swampert|atk|1\n|turn|1\n|\n|t:|1788380560\n|detailschange|p2b: Swampert|Swampert-Mega, L50, F\n|-mega|p2b: Swampert|Swampert|Swampertite\n|move|p2a: Grimmsnarl|Reflect|p2a: Grimmsnarl\n|-sidestart|p2: thebigmacky|Reflect\n|move|p2b: Swampert|Wave Crash|p1b: Incineroar\n|-supereffective|p1b: Incineroar|1\n|-damage|p1b: Incineroar|9/100\n|-damage|p2b: Swampert|71/100|[from] Recoil\n|move|p1b: Incineroar|Darkest Lariat|p2b: Swampert\n|-damage|p2b: Swampert|40/100\n|-damage|p1b: Incineroar|0 fnt|[from] item: Life Orb\n|faint|p1b: Incineroar\n|move|p1a: Farigiraf|Trick Room|p1a: Farigiraf\n|-fieldstart|move: Trick Room|[of] p1a: Farigiraf\n|\n|upkeep\n|\n|t:|1788380573\n|switch|p1b: Primarina|Primarina, L50, F|100/100\n|turn|2\n|\n|t:|1788380582\n|switch|p2b: Archaludon|Archaludon, L50, F|100/100\n|move|p2a: Grimmsnarl|Light Screen|p2a: Grimmsnarl\n|-sidestart|p2: thebigmacky|move: Light Screen\n|move|p1a: Farigiraf|Psychic|p2b: Archaludon\n|-resisted|p2b: Archaludon|1\n|-damage|p2b: Archaludon|88/100\n|-ability|p2b: Archaludon|Stamina|boost\n|-boost|p2b: Archaludon|def|1\n|move|p1b: Primarina|Calm Mind|p1b: Primarina\n|-boost|p1b: Primarina|spa|1\n|-boost|p1b: Primarina|spd|1\n|\n|-heal|p2b: Archaludon|94/100|[from] item: Leftovers\n|upkeep\n|turn|3\n|\n|t:|1788380597\n|move|p2b: Archaludon|Protect|p2b: Archaludon\n|-singleturn|p2b: Archaludon|Protect\n|move|p2a: Grimmsnarl|Spirit Break|p1b: Primarina\n|-damage|p1b: Primarina|75/100\n|-unboost|p1b: Primarina|spa|1\n|move|p1a: Farigiraf|Thunderbolt|p2a: Grimmsnarl\n|-damage|p2a: Grimmsnarl|86/100\n|-status|p2a: Grimmsnarl|par\n|move|p1b: Primarina|Calm Mind|p1b: Primarina\n|-boost|p1b: Primarina|spa|1\n|-boost|p1b: Primarina|spd|1\n|\n|-heal|p1b: Primarina|81/100|[from] item: Leftovers\n|-heal|p2b: Archaludon|100/100|[from] item: Leftovers\n|upkeep\n|turn|4\n|\n|t:|1788380612\n|switch|p1a: Camerupt|Camerupt, L50, M|100/100\n|move|p2a: Grimmsnarl|Spirit Break|p1b: Primarina\n|-damage|p1b: Primarina|56/100\n|-unboost|p1b: Primarina|spa|1\n|move|p1b: Primarina|Calm Mind|p1b: Primarina\n|-boost|p1b: Primarina|spa|1\n|-boost|p1b: Primarina|spd|1\n|move|p2b: Archaludon|Flash Cannon|p1b: Primarina\n|-damage|p1b: Primarina|44/100\n|\n|-heal|p1b: Primarina|50/100y|[from] item: Leftovers\n|upkeep\n|turn|5\n|inactive|kalaluwi has 30 seconds left.\n|inactive|thebigmacky has 30 seconds left.\n|inactive|kalaluwi has 20 seconds left.\n|\n|t:|1788380647\n|detailschange|p1a: Camerupt|Camerupt-Mega, L50, M\n|-mega|p1a: Camerupt|Camerupt|Cameruptite\n|move|p1b: Primarina|Protect|p1b: Primarina\n|-singleturn|p1b: Primarina|Protect\n|move|p2a: Grimmsnarl|Parting Shot|p1b: Primarina\n|-activate|p1b: Primarina|move: Protect\n|move|p1a: Camerupt|Ancient Power|p2a: Grimmsnarl\n|-damage|p2a: Grimmsnarl|68/100 par\n|move|p2b: Archaludon|Electro Shot||[still]\n|-prepare|p2b: Archaludon|Electro Shot\n|-boost|p2b: Archaludon|spa|1\n|\n|-heal|p1b: Primarina|55/100|[from] item: Leftovers\n|-fieldend|move: Trick Room\n|upkeep\n|turn|6\n|inactive|kalaluwi has 30 seconds left.\n|\n|t:|1788380676\n|move|p2a: Grimmsnarl|Parting Shot|p1a: Camerupt\n|-unboost|p1a: Camerupt|atk|1\n|-unboost|p1a: Camerupt|spa|1\n|\n|t:|1788380679\n|switch|p2a: Pelipper|Pelipper, L50, F|100/100|[from] Parting Shot\n|-weather|RainDance|[from] ability: Drizzle|[of] p2a: Pelipper\n|move|p2b: Archaludon|Electro Shot|p1b: Primarina|[from] lockedmove\n|-supereffective|p1b: Primarina|1\n|-damage|p1b: Primarina|20/100y\n|move|p1b: Primarina|Hyper Voice|p2b: Archaludon|[spread] p2a,p2b\n|-resisted|p2a: Pelipper|1\n|-resisted|p2b: Archaludon|1\n|-damage|p2a: Pelipper|70/100\n|-damage|p2b: Archaludon|73/100\n|-ability|p2b: Archaludon|Stamina|boost\n|-boost|p2b: Archaludon|def|1\n|move|p1a: Camerupt|Earth Power|p2b: Archaludon\n|-supereffective|p2b: Archaludon|1\n|-crit|p2b: Archaludon\n|-damage|p2b: Archaludon|0 fnt\n|faint|p2b: Archaludon\n|\n|-weather|RainDance|[upkeep]\n|-heal|p1b: Primarina|26/100|[from] item: Leftovers\n|upkeep\n|\n|t:|1788380688\n|switch|p2b: Swampert|Swampert-Mega, L50, F|40/100\n|turn|7\n|\n|t:|1788380705\n|switch|p1a: Farigiraf|Farigiraf, L50, M|100/100\n|move|p2b: Swampert|Earthquake|p1b: Primarina|[spread] p1a,p1b\n|-immune|p2a: Pelipper\n|-damage|p1a: Farigiraf|59/100\n|-damage|p1b: Primarina|0 fnt\n|faint|p1b: Primarina\n|move|p2a: Pelipper|Weather Ball|p1a: Farigiraf\n|-damage|p1a: Farigiraf|17/100\n|\n|-weather|RainDance|[upkeep]\n|upkeep\n|-message|kalaluwi forfeited.\n|\n|win|thebigmacky\n","uploadtime":1788380715,"views":"1","formatid":"gen9championsvgc2026regmbbo3","rating":null,"private":0,"password":null}