{"id":"gen9championsvgc2026regmb-2674513314","format":"[Gen 9 Champions] VGC 2026 Reg M-B","players":["SKR12345","FlameGoddess"],"log":"|j|☆SKR12345\n|j|☆FlameGoddess\n|t:|1788368659\n|gametype|doubles\n|player|p1|SKR12345|2|1055\n|player|p2|FlameGoddess|266|1077\n|gen|9\n|tier|[Gen 9 Champions] VGC 2026 Reg M-B\n|rated|\n|rule|Species Clause: Limit one of each Pokémon\n|rule|Item Clause: Limit 1 of each item\n|clearpoke\n|poke|p1|Torkoal, L50, M|\n|poke|p1|Charizard, L50, F|\n|poke|p1|Farigiraf, L50, M|\n|poke|p1|Sableye, L50, F|\n|poke|p1|Garchomp, L50, M|\n|poke|p1|Venusaur, L50, F|\n|poke|p2|Mimikyu, L50, M, shiny|\n|poke|p2|Tyranitar, L50, M, shiny|\n|poke|p2|Camerupt, L50, M, shiny|\n|poke|p2|Sinistcha, L50, shiny|\n|poke|p2|Excadrill, L50, M, shiny|\n|poke|p2|Sneasler, L50, M, shiny|\n|teampreview|4\n|inactive|Battle timer is ON: inactive players will automatically lose when time's up. (requested by SKR12345)\n|\n|t:|1788368674\n|teamsize|p1|4\n|teamsize|p2|4\n|start\n|switch|p1a: Torkoal|Torkoal, L50, M|100/100\n|switch|p1b: Farigiraf|Farigiraf, L50, M|100/100\n|switch|p2a: pedro|Sneasler, L50, M, shiny|100/100\n|switch|p2b: king|Excadrill, L50, M, shiny|100/100\n|-weather|SunnyDay|[from] ability: Drought|[of] p1a: Torkoal\n|turn|1\n|\n|t:|1788368691\n|move|p1b: Farigiraf|Helping Hand|p1a: Torkoal\n|-singleturn|p1a: Torkoal|Helping Hand|[of] p1b: Farigiraf\n|move|p2b: king|Protect|p2b: king\n|-singleturn|p2b: king|Protect\n|move|p2a: pedro|Coaching|p2b: king\n|-boost|p2b: king|atk|1\n|-boost|p2b: king|def|1\n|move|p1a: Torkoal|Eruption|p2b: king|[spread] p2a\n|-activate|p2b: king|move: Protect\n|-damage|p2a: pedro|0 fnt\n|faint|p2a: pedro\n|\n|-weather|SunnyDay|[upkeep]\n|upkeep\n|\n|t:|1788368703\n|switch|p2a: kaido|Tyranitar, L50, M, shiny|100/100\n|-weather|Sandstorm|[from] ability: Sand Stream|[of] p2a: kaido\n|turn|2\n|\n|t:|1788368724\n|detailschange|p2a: kaido|Tyranitar-Mega, L50, M, shiny\n|-mega|p2a: kaido|Tyranitar|Tyranitarite\n|move|p2b: king|High Horsepower|p1a: Torkoal\n|-supereffective|p1a: Torkoal|1\n|-damage|p1a: Torkoal|0 fnt\n|faint|p1a: Torkoal\n|move|p2a: kaido|Dragon Dance|p2a: kaido\n|-boost|p2a: kaido|atk|1\n|-boost|p2a: kaido|spe|1\n|move|p1b: Farigiraf|Trick Room|p1b: Farigiraf\n|-fieldstart|move: Trick Room|[of] p1b: Farigiraf\n|\n|-weather|Sandstorm|[upkeep]\n|-damage|p1b: Farigiraf|93/100|[from] Sandstorm\n|upkeep\n|\n|t:|1788368738\n|switch|p1a: Venusaur|Venusaur, L50, F|100/100\n|turn|3\n|\n|t:|1788368752\n|detailschange|p1a: Venusaur|Venusaur-Mega, L50, F\n|-mega|p1a: Venusaur|Venusaur|Venusaurite\n|move|p1b: Farigiraf|Helping Hand|p1a: Venusaur\n|-singleturn|p1a: Venusaur|Helping Hand|[of] p1b: Farigiraf\n|move|p2a: kaido|Protect|p2a: kaido\n|-singleturn|p2a: kaido|Protect\n|move|p2b: king|Protect|p2b: king\n|-singleturn|p2b: king|Protect\n|move|p1a: Venusaur|Giga Drain|p2a: kaido\n|-activate|p2a: kaido|move: Protect\n|\n|-weather|Sandstorm|[upkeep]\n|-damage|p1b: Farigiraf|87/100|[from] Sandstorm\n|-damage|p1a: Venusaur|94/100|[from] Sandstorm\n|upkeep\n|turn|4\n|\n|t:|1788368772\n|switch|p2a: brook|Sinistcha, L50, shiny|100/100\n|move|p1b: Farigiraf|Helping Hand|p1a: Venusaur\n|-singleturn|p1a: Venusaur|Helping Hand|[of] p1b: Farigiraf\n|move|p1a: Venusaur|Giga Drain|p2a: brook\n|-resisted|p2a: brook|1\n|-damage|p2a: brook|78/100\n|-heal|p1a: Venusaur|100/100|[from] drain|[of] p2a: brook\n|move|p2b: king|High Horsepower|p1a: Venusaur\n|-damage|p1a: Venusaur|40/100\n|\n|-weather|Sandstorm|[upkeep]\n|-damage|p1b: Farigiraf|81/100|[from] Sandstorm\n|-damage|p2a: brook|72/100|[from] Sandstorm\n|-damage|p1a: Venusaur|34/100|[from] Sandstorm\n|-heal|p2a: brook|78/100|[from] item: Leftovers\n|upkeep\n|turn|5\n|inactive|SKR12345 has 30 seconds left.\n|\n|t:|1788368804\n|move|p1a: Venusaur|Protect|p1a: Venusaur\n|-singleturn|p1a: Venusaur|Protect\n|move|p1b: Farigiraf|Psychic|p2a: brook\n|-damage|p2a: brook|37/100\n|move|p2b: king|High Horsepower|p1a: Venusaur\n|-activate|p1a: Venusaur|move: Protect\n|move|p2a: brook|Trick Room|p2a: brook\n|-fieldend|move: Trick Room\n|\n|-weather|Sandstorm|[upkeep]\n|-damage|p1a: Venusaur|28/100|[from] Sandstorm\n|-damage|p2a: brook|31/100|[from] Sandstorm\n|-damage|p1b: Farigiraf|75/100|[from] Sandstorm\n|-heal|p2a: brook|37/100|[from] item: Leftovers\n|upkeep\n|turn|6\n|inactive|SKR12345 has 30 seconds left.\n|\n|t:|1788368831\n|switch|p1a: Garchomp|Garchomp, L50, M|100/100\n|move|p1b: Farigiraf|Protect|p1b: Farigiraf\n|-singleturn|p1b: Farigiraf|Protect\n|move|p2b: king|High Horsepower|p1a: Garchomp\n|-damage|p1a: Garchomp|36/100\n|-damage|p2b: king|87/100|[from] ability: Rough Skin|[of] p1a: Garchomp\n|move|p2a: brook|Matcha Gotcha|p1a: Garchomp|[spread] p1a\n|-activate|p1b: Farigiraf|move: Protect\n|-damage|p1a: Garchomp|15/100\n|-heal|p2a: brook|50/100g|[from] drain|[of] p1a: Garchomp\n|\n|-weather|none\n|-heal|p2a: brook|56/100|[from] item: Leftovers\n|upkeep\n|turn|7\n|inactive|SKR12345 has 30 seconds left.\n|inactive|FlameGoddess has 30 seconds left.\n|\n|t:|1788368858\n|move|p1b: Farigiraf|Helping Hand|p1a: Garchomp\n|-singleturn|p1a: Garchomp|Helping Hand|[of] p1b: Farigiraf\n|move|p2a: brook|Rage Powder|p2a: brook\n|-singleturn|p2a: brook|move: Rage Powder\n|move|p2b: king|Rock Slide|p1b: Farigiraf|[spread] p1b\n|-miss|p2b: king|p1a: Garchomp\n|-damage|p1b: Farigiraf|40/100\n|move|p1a: Garchomp|Stomping Tantrum|p2a: brook\n|-resisted|p2a: brook|1\n|-damage|p2a: brook|28/100\n|\n|-heal|p2a: brook|34/100|[from] item: Leftovers\n|upkeep\n|turn|8\n|\n|t:|1788368882\n|move|p1b: Farigiraf|Helping Hand|p1a: Garchomp\n|-singleturn|p1a: Garchomp|Helping Hand|[of] p1b: Farigiraf\n|move|p2a: brook|Rage Powder|p2a: brook\n|-singleturn|p2a: brook|move: Rage Powder\n|move|p2b: king|Rock Slide|p1b: Farigiraf|[spread] p1a,p1b\n|-resisted|p1a: Garchomp|1\n|-damage|p1a: Garchomp|2/100\n|-damage|p1b: Farigiraf|11/100\n|move|p1a: Garchomp|Stomping Tantrum|p2a: brook\n|-resisted|p2a: brook|1\n|-damage|p2a: brook|6/100\n|\n|-heal|p2a: brook|12/100|[from] item: Leftovers\n|upkeep\n|turn|9\n|inactive|SKR12345 has 30 seconds left.\n|\n|t:|1788368910\n|move|p1b: Farigiraf|Helping Hand|p1a: Garchomp\n|-singleturn|p1a: Garchomp|Helping Hand|[of] p1b: Farigiraf\n|move|p2a: brook|Rage Powder|p2a: brook\n|-singleturn|p2a: brook|move: Rage Powder\n|move|p2b: king|Rock Slide|p1b: Farigiraf|[spread] p1b\n|-miss|p2b: king|p1a: Garchomp\n|-damage|p1b: Farigiraf|0 fnt\n|faint|p1b: Farigiraf\n|move|p1a: Garchomp|Rock Slide|p2a: brook|[spread] p2a,p2b\n|-resisted|p2b: king|2\n|-damage|p2a: brook|0 fnt\n|-damage|p2b: king|80/100\n|faint|p2a: brook\n|\n|upkeep\n|\n|t:|1788368925\n|switch|p2a: kaido|Tyranitar-Mega, L50, M, shiny|100/100\n|switch|p1b: Venusaur|Venusaur-Mega, L50, F|28/100\n|-weather|Sandstorm|[from] ability: Sand Stream|[of] p2a: kaido\n|turn|10\n|\n|t:|1788368942\n|move|p1a: Garchomp|Protect|p1a: Garchomp\n|-singleturn|p1a: Garchomp|Protect\n|move|p2a: kaido|Protect|p2a: kaido\n|-singleturn|p2a: kaido|Protect\n|move|p2b: king|High Horsepower|p1b: Venusaur\n|-damage|p1b: Venusaur|0 fnt\n|faint|p1b: Venusaur\n|\n|-weather|Sandstorm|[upkeep]\n|upkeep\n|turn|11\n|\n|t:|1788368957\n|move|p2b: king|Iron Head|p1a: Garchomp\n|-damage|p1a: Garchomp|0 fnt\n|-damage|p2b: king|67/100|[from] ability: Rough Skin|[of] p1a: Garchomp\n|faint|p1a: Garchomp\n|\n|win|FlameGoddess\n|raw|SKR12345's rating: 1055 &rarr; <strong>1038</strong><br />(-17 for losing)\n|raw|FlameGoddess's rating: 1077 &rarr; <strong>1104</strong><br />(+27 for winning)\n","uploadtime":1788368965,"views":"18","formatid":"gen9championsvgc2026regmb","rating":1038,"private":0,"password":null}