{"id":"gen9championsvgc2026regmb-2674533632","format":"[Gen 9 Champions] VGC 2026 Reg M-B","players":["WomanFollower","mklpoi"],"log":"|j|☆WomanFollower\n|j|☆mklpoi\n|t:|1788370991\n|gametype|doubles\n|player|p1|WomanFollower|102|1050\n|player|p2|mklpoi|102|1000\n|gen|9\n|tier|[Gen 9 Champions] VGC 2026 Reg M-B\n|rated|\n|rule|Species Clause: Limit one of each Pokémon\n|rule|Item Clause: Limit 1 of each item\n|clearpoke\n|poke|p1|Raichu, L50, F|\n|poke|p1|Sylveon, L50, M|\n|poke|p1|Grimmsnarl, L50, M|\n|poke|p1|Hydreigon, L50, M|\n|poke|p1|Gholdengo, L50|\n|poke|p1|Froslass, L50, F|\n|poke|p2|Metagross, L50|\n|poke|p2|Floette-Eternal, L50, F|\n|poke|p2|Garchomp, L50, F|\n|poke|p2|Basculegion, L50, M|\n|poke|p2|Kingambit, L50, M|\n|poke|p2|Sneasler, L50, F|\n|teampreview|4\n|inactive|Battle timer is ON: inactive players will automatically lose when time's up. (requested by mklpoi)\n|inactive|WomanFollower has 60 seconds left.\n|inactive|mklpoi has 60 seconds left.\n|\n|t:|1788371026\n|teamsize|p1|4\n|teamsize|p2|4\n|start\n|switch|p1a: Gholdengo|Gholdengo, L50|100/100\n|switch|p1b: Hydreigon|Hydreigon, L50, M|100/100\n|switch|p2a: Garchomp|Garchomp, L50, F|100/100\n|switch|p2b: Kingambit|Kingambit, L50, M|100/100\n|turn|1\n|\n|t:|1788371047\n|switch|p1b: Grimmsnarl|Grimmsnarl, L50, M|100/100\n|switch|p1a: Sylveon|Sylveon, L50, M|100/100\n|move|p2b: Kingambit|Sucker Punch||[still]\n|-fail|p2b: Kingambit\n|move|p2a: Garchomp|Dragon Claw|p1b: Grimmsnarl\n|-immune|p1b: Grimmsnarl\n|\n|upkeep\n|turn|2\n|\n|t:|1788371071\n|switch|p2a: Metagross|Metagross, L50|100/100\n|move|p1b: Grimmsnarl|Fake Out|p2b: Kingambit\n|-resisted|p2b: Kingambit|1\n|-damage|p2b: Kingambit|96/100\n|move|p1a: Sylveon|Hyper Voice|p2b: Kingambit|[spread] p2a,p2b\n|-resisted|p2a: Metagross|1\n|-damage|p2a: Metagross|67/100\n|-damage|p2b: Kingambit|46/100\n|cant|p2b: Kingambit|flinch\n|\n|upkeep\n|turn|3\n|inactive|WomanFollower has 30 seconds left.\n|\n|t:|1788371098\n|detailschange|p2a: Metagross|Metagross-Mega, L50\n|-mega|p2a: Metagross|Metagross|Metagrossite\n|move|p1a: Sylveon|Protect|p1a: Sylveon\n|-singleturn|p1a: Sylveon|Protect\n|move|p2a: Metagross|Iron Head|p1b: Grimmsnarl\n|-supereffective|p1b: Grimmsnarl|1\n|-damage|p1b: Grimmsnarl|3/100\n|-enditem|p1b: Grimmsnarl|Sitrus Berry|[eat]\n|-heal|p1b: Grimmsnarl|28/100|[from] item: Sitrus Berry\n|move|p1b: Grimmsnarl|Superpower|p2b: Kingambit\n|-supereffective|p2b: Kingambit|2\n|-damage|p2b: Kingambit|0 fnt\n|-unboost|p1b: Grimmsnarl|atk|1\n|-unboost|p1b: Grimmsnarl|def|1\n|faint|p2b: Kingambit\n|\n|upkeep\n|\n|t:|1788371118\n|switch|p2b: Sneasler|Sneasler, L50, F|100/100\n|turn|4\n|\n|t:|1788371126\n|switch|p1a: Gholdengo|Gholdengo, L50|100/100\n|move|p2b: Sneasler|Fake Out|p1b: Grimmsnarl\n|-damage|p1b: Grimmsnarl|6/100\n|cant|p1b: Grimmsnarl|flinch\n|move|p2a: Metagross|Iron Head|p1a: Gholdengo\n|-resisted|p1a: Gholdengo|1\n|-damage|p1a: Gholdengo|67/100\n|\n|upkeep\n|turn|5\n|inactive|mklpoi has 30 seconds left.\n|\n|t:|1788371155\n|move|p1b: Grimmsnarl|Parting Shot|p2a: Metagross\n|-unboost|p2a: Metagross|atk|1\n|-unboost|p2a: Metagross|spa|1\n|\n|t:|1788371167\n|switch|p1b: Sylveon|Sylveon, L50, M|100/100|[from] Parting Shot\n|move|p2a: Metagross|Psychic Fangs|p1a: Gholdengo\n|-resisted|p1a: Gholdengo|1\n|-damage|p1a: Gholdengo|45/100\n|move|p2b: Sneasler|Dire Claw|p1b: Sylveon\n|-supereffective|p1b: Sylveon|1\n|-damage|p1b: Sylveon|0 fnt\n|faint|p1b: Sylveon\n|move|p1a: Gholdengo|Shadow Ball|p2a: Metagross\n|-supereffective|p2a: Metagross|1\n|-damage|p2a: Metagross|0 fnt\n|faint|p2a: Metagross\n|-damage|p1a: Gholdengo|35/100|[from] item: Life Orb\n|\n|upkeep\n|\n|t:|1788371191\n|switch|p2a: Garchomp|Garchomp, L50, F|100/100\n|switch|p1b: Grimmsnarl|Grimmsnarl, L50, M|6/100\n|turn|6\n|\n|t:|1788371200\n|move|p1b: Grimmsnarl|Fake Out|p2a: Garchomp\n|-crit|p2a: Garchomp\n|-damage|p2a: Garchomp|84/100\n|-damage|p1b: Grimmsnarl|0 fnt|[from] ability: Rough Skin|[of] p2a: Garchomp\n|faint|p1b: Grimmsnarl\n|cant|p2a: Garchomp|flinch\n|move|p2b: Sneasler|Dire Claw|p1a: Gholdengo\n|-immune|p1a: Gholdengo\n|move|p1a: Gholdengo|Make It Rain|p2a: Garchomp|[spread] p2a,p2b\n|-damage|p2a: Garchomp|12/100\n|-damage|p2b: Sneasler|13/100\n|-unboost|p1a: Gholdengo|spa|2\n|-damage|p1a: Gholdengo|25/100|[from] item: Life Orb\n|\n|upkeep\n|\n|t:|1788371214\n|switch|p1b: Hydreigon|Hydreigon, L50, M|100/100\n|turn|7\n|\n|t:|1788371222\n|move|p2a: Garchomp|Stomping Tantrum|p1a: Gholdengo\n|-supereffective|p1a: Gholdengo|1\n|-damage|p1a: Gholdengo|0 fnt\n|faint|p1a: Gholdengo\n|move|p2b: Sneasler|Close Combat|p1b: Hydreigon\n|-supereffective|p1b: Hydreigon|1\n|-damage|p1b: Hydreigon|0 fnt\n|-unboost|p2b: Sneasler|def|1\n|-unboost|p2b: Sneasler|spd|1\n|faint|p1b: Hydreigon\n|\n|win|mklpoi\n|raw|WomanFollower's rating: 1050 &rarr; <strong>1030</strong><br />(-20 for losing)\n|raw|mklpoi's rating: 1000 &rarr; <strong>1046</strong><br />(+46 for winning)\n|l|☆WomanFollower\n|player|p1|\n","uploadtime":1788371238,"views":"15","formatid":"gen9championsvgc2026regmb","rating":1030,"private":0,"password":null}