{"id":"gen9championsvgc2026regmb-2674188139","format":"[Gen 9 Champions] VGC 2026 Reg M-B","players":["Lokona Mokona","ghozt99"],"log":"|j|☆Lokona Mokona\n|j|☆ghozt99\n|html|<table width=\"100%\"><tr><td align=\"left\">Lokona Mokona</td><td align=\"right\">ghozt99</tr><tr><td align=\"left\"><i class=\"fa fa-circle\"></i> <i class=\"fa fa-circle-o\"></i> </td><td align=\"right\"><i class=\"fa fa-circle-o\"></i> <i class=\"fa fa-circle-o\"></i> </tr></table>\n|uhtml|bestof|<h2><strong>Game 2</strong> of <a href=\"/game-bestof3-gen9championsvgc2026regmb-2674185482\">a best-of-3</a></h2>\n|t:|1788312478\n|gametype|doubles\n|player|p1|Lokona Mokona|marley|\n|player|p2|ghozt99|byron|\n|gen|9\n|tier|[Gen 9 Champions] VGC 2026 Reg M-B\n|rule|Species Clause: Limit one of each Pokémon\n|rule|Item Clause: Limit 1 of each item\n|raw|<div class=\"infobox\"><details class=\"readmore\" open><summary><strong>1 custom rule:</strong></summary> Best of = 3</details></div>\n|clearpoke\n|poke|p1|Rotom-Wash, L50|\n|poke|p1|Noivern, L50, F|\n|poke|p1|Decidueye-Hisui, L50, M|\n|poke|p1|Florges, L50, F|\n|poke|p1|Tyranitar, L50, M|\n|poke|p1|Glimmora, L50, F|\n|poke|p2|Overqwil, L50, F|\n|poke|p2|Sableye, L50, F|\n|poke|p2|Basculegion, L50, M, shiny|\n|poke|p2|Starmie, L50|\n|poke|p2|Annihilape, L50, M|\n|poke|p2|Greninja, L50, F|\n|teampreview|4\n|j| a_0602\n|j| crowsjester\n|\n|t:|1788312515\n|teamsize|p1|4\n|teamsize|p2|4\n|start\n|switch|p1a: Bat|Noivern, L50, F|100/100\n|switch|p1b: Boi|Tyranitar, L50, M|100/100\n|switch|p2a: Sableye|Sableye, L50, F|100/100\n|switch|p2b: Overqwil|Overqwil, L50, F|100/100\n|-item|p2a: Sableye|Focus Sash|[from] ability: Frisk|[of] p1a: Bat\n|-item|p2b: Overqwil|Leftovers|[from] ability: Frisk|[of] p1a: Bat\n|-weather|Sandstorm|[from] ability: Sand Stream|[of] p1b: Boi\n|turn|1\n|\n|t:|1788312548\n|move|p1a: Bat|Tailwind|p1a: Bat\n|-sidestart|p1: Lokona Mokona|move: Tailwind\n|move|p1b: Boi|Dragon Dance|p1b: Boi\n|-boost|p1b: Boi|atk|1\n|-boost|p1b: Boi|spe|1\n|move|p2b: Overqwil|Minimize|p2b: Overqwil\n|-boost|p2b: Overqwil|evasion|2\n|move|p2a: Sableye|Rain Dance|p2a: Sableye\n|-weather|RainDance\n|\n|-weather|RainDance|[upkeep]\n|upkeep\n|turn|2\n|\n|t:|1788312583\n|switch|p1a: Dishwasher|Rotom-Wash, L50|100/100\n|move|p1b: Boi|Knock Off|p2a: Sableye\n|-enditem|p2a: Sableye|Focus Sash\n|-damage|p2a: Sableye|1/100\n|move|p2b: Overqwil|Minimize|p2b: Overqwil\n|-boost|p2b: Overqwil|evasion|2\n|move|p2a: Sableye|Encore|p1b: Boi\n|-start|p1b: Boi|Encore\n|\n|-weather|RainDance|[upkeep]\n|upkeep\n|turn|3\n|\n|t:|1788312607\n|move|p1a: Dishwasher|Electroweb|p2b: Overqwil|[spread] p2a,p2b\n|-damage|p2a: Sableye|0 fnt\n|-damage|p2b: Overqwil|81/100\n|-unboost|p2b: Overqwil|spe|1\n|faint|p2a: Sableye\n|move|p1b: Boi|Knock Off|p2b: Overqwil|[miss]\n|-miss|p1b: Boi|p2b: Overqwil\n|move|p2b: Overqwil|Minimize|p2b: Overqwil\n|-boost|p2b: Overqwil|evasion|2\n|\n|-weather|RainDance|[upkeep]\n|-heal|p2b: Overqwil|87/100|[from] item: Leftovers\n|upkeep\n|\n|t:|1788312621\n|switch|p2a: Starmie|Starmie, L50|100/100\n|turn|4\n|\n|t:|1788312633\n|switch|p1b: Bat|Noivern, L50, F|100/100\n|-item|p2a: Starmie|Starminite|[from] ability: Frisk|[of] p1b: Bat\n|-item|p2b: Overqwil|Leftovers|[from] ability: Frisk|[of] p1b: Bat\n|detailschange|p2a: Starmie|Starmie-Mega, L50\n|-mega|p2a: Starmie|Starmie|Starminite\n|move|p2a: Starmie|Aqua Jet|p1b: Bat\n|-resisted|p1b: Bat|1\n|-damage|p1b: Bat|62/100\n|move|p1a: Dishwasher|Electroweb|p2b: Overqwil|[spread] p2a\n|-miss|p1a: Dishwasher|p2b: Overqwil\n|-supereffective|p2a: Starmie|1\n|-damage|p2a: Starmie|54/100\n|-unboost|p2a: Starmie|spe|1\n|move|p2b: Overqwil|Minimize|p2b: Overqwil\n|-boost|p2b: Overqwil|evasion|0\n|\n|-weather|RainDance|[upkeep]\n|-heal|p2b: Overqwil|93/100|[from] item: Leftovers\n|-sideend|p1: Lokona Mokona|move: Tailwind\n|upkeep\n|turn|5\n|\n|t:|1788312664\n|move|p1a: Dishwasher|Electroweb|p2a: Starmie|[spread] p2a\n|-miss|p1a: Dishwasher|p2b: Overqwil\n|-supereffective|p2a: Starmie|1\n|-damage|p2a: Starmie|2/100\n|-unboost|p2a: Starmie|spe|1\n|move|p1b: Bat|Tailwind|p1b: Bat\n|-sidestart|p1: Lokona Mokona|move: Tailwind\n|move|p2a: Starmie|Liquidation|p1b: Bat\n|-resisted|p1b: Bat|1\n|-damage|p1b: Bat|0 fnt\n|faint|p1b: Bat\n|move|p2b: Overqwil|Stockpile|p2b: Overqwil\n|-start|p2b: Overqwil|stockpile1\n|-boost|p2b: Overqwil|def|1\n|-boost|p2b: Overqwil|spd|1\n|\n|-weather|none\n|-heal|p2b: Overqwil|100/100|[from] item: Leftovers\n|upkeep\n|c|☆Lokona Mokona|oh no\n|\n|t:|1788312682\n|switch|p1b: Boi|Tyranitar, L50, M|100/100\n|-weather|Sandstorm|[from] ability: Sand Stream|[of] p1b: Boi\n|turn|6\n|\n|t:|1788312691\n|move|p2a: Starmie|Aqua Jet|p1b: Boi\n|-supereffective|p1b: Boi|1\n|-enditem|p1b: Boi|Passho Berry|[eat]\n|-enditem|p1b: Boi|Passho Berry|[weaken]\n|-damage|p1b: Boi|71/100\n|move|p1a: Dishwasher|Electroweb|p2b: Overqwil|[spread] p2a\n|-miss|p1a: Dishwasher|p2b: Overqwil\n|-supereffective|p2a: Starmie|1\n|-damage|p2a: Starmie|0 fnt\n|faint|p2a: Starmie\n|move|p1b: Boi|Dragon Dance|p1b: Boi\n|-boost|p1b: Boi|atk|1\n|-boost|p1b: Boi|spe|1\n|move|p2b: Overqwil|Stockpile|p2b: Overqwil\n|-start|p2b: Overqwil|stockpile2\n|-boost|p2b: Overqwil|def|1\n|-boost|p2b: Overqwil|spd|1\n|\n|-weather|Sandstorm|[upkeep]\n|-damage|p1a: Dishwasher|94/100|[from] Sandstorm\n|-damage|p2b: Overqwil|93/100|[from] Sandstorm\n|-heal|p2b: Overqwil|100/100|[from] item: Leftovers\n|upkeep\n|\n|t:|1788312711\n|switch|p2a: Basculegion|Basculegion, L50, M, shiny|100/100\n|turn|7\n|\n|t:|1788312726\n|switch|p1a: XMA-01 Rafflesia|Glimmora, L50, F|100/100\n|move|p1b: Boi|Knock Off|p2a: Basculegion\n|-supereffective|p2a: Basculegion|1\n|-damage|p2a: Basculegion|0 fnt\n|-enditem|p2a: Basculegion|Choice Scarf|[from] move: Knock Off|[of] p1b: Boi\n|faint|p2a: Basculegion\n|move|p2b: Overqwil|Stockpile|p2b: Overqwil\n|-start|p2b: Overqwil|stockpile3\n|-boost|p2b: Overqwil|def|1\n|-boost|p2b: Overqwil|spd|1\n|\n|-weather|Sandstorm|[upkeep]\n|-damage|p2b: Overqwil|93/100|[from] Sandstorm\n|-heal|p2b: Overqwil|100/100|[from] item: Leftovers\n|upkeep\n|turn|8\n|c| a_0602|an Overqwil and a prayer - but it's a good prayer\n|c|☆ghozt99|Time to hope and pray\n|\n|t:|1788312768\n|detailschange|p1a: XMA-01 Rafflesia|Glimmora-Mega, L50, F\n|-mega|p1a: XMA-01 Rafflesia|Glimmora|Glimmoranite\n|move|p1a: XMA-01 Rafflesia|Power Gem|p2b: Overqwil\n|-damage|p2b: Overqwil|73/100\n|move|p1b: Boi|Knock Off|p2b: Overqwil|[miss]\n|-miss|p1b: Boi|p2b: Overqwil\n|move|p2b: Overqwil|Liquidation|p1b: Boi\n|-supereffective|p1b: Boi|1\n|-damage|p1b: Boi|34/100\n|-unboost|p1b: Boi|def|1\n|\n|-weather|Sandstorm|[upkeep]\n|-damage|p2b: Overqwil|67/100|[from] Sandstorm\n|-heal|p2b: Overqwil|73/100|[from] item: Leftovers\n|-sideend|p1: Lokona Mokona|move: Tailwind\n|upkeep\n|turn|9\n|\n|t:|1788312790\n|move|p1a: XMA-01 Rafflesia|Power Gem|p2b: Overqwil|[miss]\n|-miss|p1a: XMA-01 Rafflesia|p2b: Overqwil\n|move|p1b: Boi|Knock Off|p2b: Overqwil\n|-resisted|p2b: Overqwil|1\n|-damage|p2b: Overqwil|56/100\n|-status|p1b: Boi|psn|[from] ability: Poison Point|[of] p2b: Overqwil\n|-enditem|p2b: Overqwil|Leftovers|[from] move: Knock Off|[of] p1b: Boi\n|move|p2b: Overqwil|Liquidation|p1b: Boi\n|-supereffective|p1b: Boi|1\n|-damage|p1b: Boi|0 fnt\n|faint|p1b: Boi\n|\n|-weather|Sandstorm|[upkeep]\n|-damage|p2b: Overqwil|50/100g|[from] Sandstorm\n|upkeep\n|c|☆ghozt99|Noooo\n|\n|t:|1788312804\n|switch|p1b: Dishwasher|Rotom-Wash, L50|94/100\n|turn|10\n|\n|t:|1788312815\n|move|p1a: XMA-01 Rafflesia|Spiky Shield|p1a: XMA-01 Rafflesia\n|-singleturn|p1a: XMA-01 Rafflesia|move: Protect\n|move|p1b: Dishwasher|Will-O-Wisp|p2b: Overqwil|[miss]\n|-miss|p1b: Dishwasher|p2b: Overqwil\n|move|p2b: Overqwil|Liquidation|p1a: XMA-01 Rafflesia\n|-activate|p1a: XMA-01 Rafflesia|move: Protect\n|-damage|p2b: Overqwil|38/100|[from] Spiky Shield|[of] p1a: XMA-01 Rafflesia\n|\n|-weather|none\n|upkeep\n|turn|11\n|\n|t:|1788312831\n|move|p1b: Dishwasher|Will-O-Wisp|p2b: Overqwil\n|-status|p2b: Overqwil|brn\n|move|p1a: XMA-01 Rafflesia|Power Gem|p2b: Overqwil\n|-damage|p2b: Overqwil|11/100 brn\n|move|p2b: Overqwil|Liquidation|p1a: XMA-01 Rafflesia\n|-supereffective|p1a: XMA-01 Rafflesia|1\n|-damage|p1a: XMA-01 Rafflesia|77/100\n|\n|-damage|p2b: Overqwil|5/100 brn|[from] brn\n|upkeep\n|turn|12\n|\n|t:|1788312846\n|move|p1b: Dishwasher|Will-O-Wisp|p2b: Overqwil|[miss]\n|-miss|p1b: Dishwasher|p2b: Overqwil\n|move|p1a: XMA-01 Rafflesia|Power Gem|p2b: Overqwil|[miss]\n|-miss|p1a: XMA-01 Rafflesia|p2b: Overqwil\n|move|p2b: Overqwil|Barb Barrage|p1b: Dishwasher\n|-damage|p1b: Dishwasher|78/100\n|-status|p1b: Dishwasher|psn\n|\n|-damage|p1b: Dishwasher|66/100 psn|[from] psn\n|-damage|p2b: Overqwil|0 fnt|[from] brn\n|faint|p2b: Overqwil\n|\n|win|Lokona Mokona\n|c|☆Lokona Mokona|ggwp\n|c|☆ghozt99|GG!\n|c| crowsjester|Gg\n|c| a_0602|and we hit those apparently\n|l| crowsjester\n","uploadtime":1788312899,"views":"2","formatid":"gen9championsvgc2026regmb","rating":null,"private":0,"password":null}