{"id":"gen9championsvgc2026regmb-2674054376","format":"[Gen 9 Champions] VGC 2026 Reg M-B","players":["thepotatoremix","slotharmy6670"],"log":"|j|☆thepotatoremix\n|j|☆slotharmy6670\n|t:|1788293133\n|gametype|doubles\n|player|p1|thepotatoremix|waiter-gen4dp|1137\n|player|p2|slotharmy6670|blue|1230\n|gen|9\n|tier|[Gen 9 Champions] VGC 2026 Reg M-B\n|rated|\n|rule|Species Clause: Limit one of each Pokémon\n|rule|Item Clause: Limit 1 of each item\n|clearpoke\n|poke|p1|Grimmsnarl, L50, M|\n|poke|p1|Staraptor, L50, M|\n|poke|p1|Sinistcha, L50|\n|poke|p1|Meowscarada, L50, M, shiny|\n|poke|p1|Aegislash, L50, M|\n|poke|p1|Tauros-Paldea-Blaze, L50, M, shiny|\n|poke|p2|Excadrill, L50, M|\n|poke|p2|Tyranitar, L50, F|\n|poke|p2|Trevenant, L50, M|\n|poke|p2|Toxapex, L50, F|\n|poke|p2|Corviknight, L50, F|\n|poke|p2|Farigiraf, L50, F|\n|teampreview|4\n|inactive|Battle timer is ON: inactive players will automatically lose when time's up. (requested by slotharmy6670)\nthepotatoremix rejected open team sheets.\n|\n|t:|1788293202\n|teamsize|p1|4\n|teamsize|p2|4\n|start\n|switch|p1a: Tauros|Tauros-Paldea-Blaze, L50, M, shiny|100/100\n|switch|p1b: Meowscarada|Meowscarada, L50, M, shiny|100/100\n|switch|p2a: Farigiraf|Farigiraf, L50, F|100/100\n|switch|p2b: Corviknight|Corviknight, L50, F|100/100\n|turn|1\n|inactive|thepotatoremix has 30 seconds left.\n|\n|t:|1788293231\n|move|p2a: Farigiraf|Ally Switch|p2a: Farigiraf\n|swap|p2a: Farigiraf|1|[from] move: Ally Switch\n|move|p1b: Meowscarada|U-turn|p2a: Corviknight\n|-start|p1b: Meowscarada|typechange|Bug|[from] ability: Protean\n|-resisted|p2a: Corviknight|2\n|-damage|p2a: Corviknight|92/100\n|\n|t:|1788293243\n|switch|p1b: Grimmsnarl|Grimmsnarl, L50, M|100/100|[from] U-turn\n|move|p1a: Tauros|Raging Bull|p2a: Corviknight\n|-supereffective|p2a: Corviknight|1\n|-damage|p2a: Corviknight|16/100\n|move|p2a: Corviknight|Iron Defense|p2a: Corviknight\n|-boost|p2a: Corviknight|def|2\n|\n|upkeep\n|turn|2\n|inactive|thepotatoremix has 30 seconds left.\n|inactive|thepotatoremix has 20 seconds left.\n|\n|t:|1788293279\n|move|p1b: Grimmsnarl|Reflect|p1b: Grimmsnarl\n|-sidestart|p1: thepotatoremix|Reflect\n|move|p1a: Tauros|Raging Bull|p2a: Corviknight\n|-supereffective|p2a: Corviknight|1\n|-damage|p2a: Corviknight|0 fnt\n|faint|p2a: Corviknight\n|move|p2b: Farigiraf|Trick Room|p2b: Farigiraf\n|-fieldstart|move: Trick Room|[of] p2b: Farigiraf\n|\n|upkeep\n|\n|t:|1788293287\n|switch|p2a: Tyranitar|Tyranitar, L50, F|100/100\n|-weather|Sandstorm|[from] ability: Sand Stream|[of] p2a: Tyranitar\n|turn|3\n|\n|t:|1788293309\n|detailschange|p2a: Tyranitar|Tyranitar-Mega, L50, F\n|-mega|p2a: Tyranitar|Tyranitar|Tyranitarite\n|move|p1b: Grimmsnarl|Light Screen|p1b: Grimmsnarl\n|-sidestart|p1: thepotatoremix|move: Light Screen\n|move|p2b: Farigiraf|Thunderbolt|p1b: Grimmsnarl\n|-crit|p1b: Grimmsnarl\n|-damage|p1b: Grimmsnarl|61/100\n|move|p2a: Tyranitar|Rock Slide|p1a: Tauros|[spread] p1a,p1b\n|-damage|p1a: Tauros|76/100\n|-damage|p1b: Grimmsnarl|44/100\n|move|p1a: Tauros|High Horsepower|p2b: Farigiraf\n|-damage|p2b: Farigiraf|67/100\n|\n|-weather|Sandstorm|[upkeep]\n|-damage|p2b: Farigiraf|61/100|[from] Sandstorm\n|-damage|p1b: Grimmsnarl|38/100|[from] Sandstorm\n|-damage|p1a: Tauros|70/100|[from] Sandstorm\n|-heal|p1a: Tauros|76/100|[from] item: Leftovers\n|upkeep\n|turn|4\n|inactive|thepotatoremix has 30 seconds left.\n|inactive|thepotatoremix has 20 seconds left.\n|\n|t:|1788293349\n|switch|p1b: Meowscarada|Meowscarada, L50, M, shiny|100/100\n|move|p2b: Farigiraf|Thunderbolt|p1b: Meowscarada\n|-resisted|p1b: Meowscarada|1\n|-damage|p1b: Meowscarada|87/100\n|-status|p1b: Meowscarada|par\n|move|p2a: Tyranitar|Rock Slide|p1b: Meowscarada|[spread] p1a,p1b\n|-damage|p1a: Tauros|51/100\n|-damage|p1b: Meowscarada|52/100 par\n|move|p1a: Tauros|Raging Bull|p2b: Farigiraf\n|-damage|p2b: Farigiraf|12/100\n|\n|-weather|Sandstorm|[upkeep]\n|-damage|p2b: Farigiraf|6/100|[from] Sandstorm\n|-damage|p1b: Meowscarada|46/100 par|[from] Sandstorm\n|-damage|p1a: Tauros|46/100|[from] Sandstorm\n|-heal|p1a: Tauros|51/100|[from] item: Leftovers\n|upkeep\n|turn|5\n|inactive|slotharmy6670 has 30 seconds left.\n|\n|t:|1788293375\n|move|p2b: Farigiraf|Thunderbolt|p1a: Tauros\n|-damage|p1a: Tauros|29/100\n|move|p1b: Meowscarada|Flower Trick|p2a: Tyranitar\n|-start|p1b: Meowscarada|typechange|Grass|[from] ability: Protean\n|-supereffective|p2a: Tyranitar|1\n|-crit|p2a: Tyranitar\n|-damage|p2a: Tyranitar|12/100\n|move|p2a: Tyranitar|Rock Slide|p1b: Meowscarada|[spread] p1a,p1b\n|-damage|p1a: Tauros|3/100\n|-damage|p1b: Meowscarada|11/100 par\n|cant|p1a: Tauros|flinch\n|\n|-weather|Sandstorm|[upkeep]\n|-damage|p2b: Farigiraf|0 fnt|[from] Sandstorm\n|-damage|p1b: Meowscarada|5/100 par|[from] Sandstorm\n|-damage|p1a: Tauros|0 fnt|[from] Sandstorm\n|faint|p2b: Farigiraf\n|faint|p1a: Tauros\n|upkeep\n|\n|t:|1788293392\n|switch|p2b: Toxapex|Toxapex, L50, F|100/100\n|switch|p1a: Staraptor|Staraptor, L50, M|100/100\n|-ability|p1a: Staraptor|Intimidate|boost\n|-unboost|p2a: Tyranitar|atk|1\n|-unboost|p2b: Toxapex|atk|1\n|turn|6\n|\n|t:|1788293417\n|detailschange|p1a: Staraptor|Staraptor-Mega, L50, M\n|-mega|p1a: Staraptor|Staraptor|Staraptite\n|move|p2a: Tyranitar|Protect|p2a: Tyranitar\n|-singleturn|p2a: Tyranitar|Protect\n|move|p1a: Staraptor|Protect|p1a: Staraptor\n|-singleturn|p1a: Staraptor|Protect\n|move|p2b: Toxapex|Toxic|p1a: Staraptor\n|-activate|p1a: Staraptor|move: Protect\n|move|p1b: Meowscarada|Flower Trick|p2b: Toxapex\n|-crit|p2b: Toxapex\n|-damage|p2b: Toxapex|47/100\n|\n|-weather|Sandstorm|[upkeep]\n|-damage|p2b: Toxapex|41/100|[from] Sandstorm\n|-damage|p1b: Meowscarada|0 fnt|[from] Sandstorm\n|-damage|p1a: Staraptor|93/100|[from] Sandstorm\n|faint|p1b: Meowscarada\n|-heal|p2b: Toxapex|47/100|[from] item: Leftovers\n|-fieldend|move: Trick Room\n|upkeep\n|\n|t:|1788293432\n|switch|p1b: Grimmsnarl|Grimmsnarl, L50, M|38/100\n|turn|7\n|\n|t:|1788293441\n|move|p1b: Grimmsnarl|Parting Shot|p1a: Staraptor\n|-boost|p1a: Staraptor|atk|1\n|-boost|p1a: Staraptor|spa|1\n|move|p1a: Staraptor|Close Combat|p2a: Tyranitar\n|-supereffective|p2a: Tyranitar|2\n|-damage|p2a: Tyranitar|0 fnt\n|-boost|p1a: Staraptor|def|1\n|-boost|p1a: Staraptor|spd|1\n|faint|p2a: Tyranitar\n|move|p2b: Toxapex|Toxic|p1a: Staraptor\n|-status|p1a: Staraptor|tox\n|\n|-weather|none\n|-heal|p2b: Toxapex|52/100|[from] item: Leftovers\n|-damage|p1a: Staraptor|87/100 tox|[from] psn\n|upkeep\n|turn|8\n|\n|t:|1788293459\n|move|p2b: Toxapex|Baneful Bunker|p2b: Toxapex\n|-singleturn|p2b: Toxapex|move: Protect\n|move|p1b: Grimmsnarl|Parting Shot|p1a: Staraptor\n|-boost|p1a: Staraptor|atk|1\n|-boost|p1a: Staraptor|spa|1\n|move|p1a: Staraptor|Dual Wingbeat|p2b: Toxapex\n|-activate|p2b: Toxapex|move: Protect\n|\n|-heal|p2b: Toxapex|58/100|[from] item: Leftovers\n|-damage|p1a: Staraptor|75/100 tox|[from] psn\n|upkeep\n|turn|9\n|\n|t:|1788293470\n|move|p2b: Toxapex|Baneful Bunker|p2b: Toxapex\n|-singleturn|p2b: Toxapex|move: Protect\n|move|p1b: Grimmsnarl|Parting Shot|p1a: Staraptor\n|-boost|p1a: Staraptor|atk|1\n|-boost|p1a: Staraptor|spa|1\n|move|p1a: Staraptor|Dual Wingbeat|p2b: Toxapex\n|-activate|p2b: Toxapex|move: Protect\n|\n|-heal|p2b: Toxapex|64/100|[from] item: Leftovers\n|-damage|p1a: Staraptor|56/100 tox|[from] psn\n|-sideend|p1: thepotatoremix|Reflect\n|upkeep\n|turn|10\n|\n|t:|1788293481\n|move|p2b: Toxapex|Baneful Bunker||[still]\n|-fail|p2b: Toxapex\n|move|p1b: Grimmsnarl|Parting Shot|p1a: Staraptor\n|-boost|p1a: Staraptor|atk|1\n|-boost|p1a: Staraptor|spa|1\n|move|p1a: Staraptor|Dual Wingbeat|p2b: Toxapex|[miss]\n|-miss|p1a: Staraptor|p2b: Toxapex\n|\n|-heal|p2b: Toxapex|69/100|[from] item: Leftovers\n|-damage|p1a: Staraptor|31/100 tox|[from] psn\n|-sideend|p1: thepotatoremix|move: Light Screen\n|upkeep\n|turn|11\n|\n|t:|1788293498\n|move|p2b: Toxapex|Baneful Bunker|p2b: Toxapex\n|-singleturn|p2b: Toxapex|move: Protect\n|move|p1b: Grimmsnarl|Parting Shot|p1a: Staraptor\n|-boost|p1a: Staraptor|atk|1\n|-boost|p1a: Staraptor|spa|1\n|move|p1a: Staraptor|Roost|p1a: Staraptor\n|-heal|p1a: Staraptor|81/100 tox\n|-singleturn|p1a: Staraptor|move: Roost\n|\n|-heal|p2b: Toxapex|75/100|[from] item: Leftovers\n|-damage|p1a: Staraptor|50/100y tox|[from] psn\n|upkeep\n|turn|12\n|\n|t:|1788293516\n|move|p2b: Toxapex|Baneful Bunker|p2b: Toxapex\n|-singleturn|p2b: Toxapex|move: Protect\n|move|p1b: Grimmsnarl|Parting Shot|p1a: Staraptor\n|-boost|p1a: Staraptor|atk|1\n|-boost|p1a: Staraptor|spa|1\n|move|p1a: Staraptor|Dual Wingbeat|p2b: Toxapex\n|-activate|p2b: Toxapex|move: Protect\n|\n|-heal|p2b: Toxapex|80/100|[from] item: Leftovers\n|-damage|p1a: Staraptor|12/100 tox|[from] psn\n|upkeep\n|turn|13\n|\n|t:|1788293530\n|move|p2b: Toxapex|Baneful Bunker||[still]\n|-fail|p2b: Toxapex\n|move|p1a: Staraptor|Dual Wingbeat|p2b: Toxapex\n|-damage|p2b: Toxapex|1/100\n|-damage|p2b: Toxapex|0 fnt\n|faint|p2b: Toxapex\n|-hitcount|p2: Toxapex|2\n|\n|win|thepotatoremix\n|raw|thepotatoremix's rating: 1137 &rarr; <strong>1169</strong><br />(+32 for winning)\n|raw|slotharmy6670's rating: 1230 &rarr; <strong>1198</strong><br />(-32 for losing)\n|c|☆slotharmy6670|Dude 😂\n","uploadtime":1788293543,"views":"16","formatid":"gen9championsvgc2026regmb","rating":1169,"private":0,"password":null}