{"id":"gen9championsvgc2026regmb-2674253499","format":"[Gen 9 Champions] VGC 2026 Reg M-B","players":["Thornlace48812","wingedfury11"],"log":"|j|☆Thornlace48812\n|j|☆wingedfury11\n|t:|1788324084\n|gametype|doubles\n|player|p1|Thornlace48812|1|1089\n|player|p2|wingedfury11|170|1000\n|gen|9\n|tier|[Gen 9 Champions] VGC 2026 Reg M-B\n|rated|\n|rule|Species Clause: Limit one of each Pokémon\n|rule|Item Clause: Limit 1 of each item\n|clearpoke\n|poke|p1|Garchomp, L50, M|\n|poke|p1|Charizard, L50, M|\n|poke|p1|Whimsicott, L50, M|\n|poke|p1|Sylveon, L50, M|\n|poke|p1|Kingambit, L50, M|\n|poke|p1|Basculegion, L50, M|\n|poke|p2|Armarouge, L50, M|\n|poke|p2|Pinsir, L50, M|\n|poke|p2|Klefki, L50, M|\n|poke|p2|Decidueye-Hisui, L50, F|\n|poke|p2|Gyarados, L50, M|\n|poke|p2|Incineroar, L50, M|\n|teampreview|4\n|inactive|Battle timer is ON: inactive players will automatically lose when time's up. (requested by Thornlace48812)\nThornlace48812 rejected open team sheets.\n|\n|t:|1788324109\n|teamsize|p1|4\n|teamsize|p2|4\n|start\n|switch|p1a: Charizard|Charizard, L50, M|100/100\n|switch|p1b: Whimsicott|Whimsicott, L50, M|100/100\n|switch|p2a: Klefki|Klefki, L50, M|100/100\n|switch|p2b: Armarouge|Armarouge, L50, M|100/100\n|turn|1\n|\n|t:|1788324123\n|detailschange|p1a: Charizard|Charizard-Mega-Y, L50, M\n|-mega|p1a: Charizard|Charizard|Charizardite Y\n|-weather|SunnyDay|[from] ability: Drought|[of] p1a: Charizard\n|move|p1b: Whimsicott|Tailwind|p1b: Whimsicott\n|-sidestart|p1: Thornlace48812|move: Tailwind\n|move|p2a: Klefki|Light Screen|p2a: Klefki\n|-sidestart|p2: wingedfury11|move: Light Screen\n|move|p1a: Charizard|Heat Wave|p2b: Armarouge|[spread] p2a\n|-start|p2b: Armarouge|ability: Flash Fire\n|-supereffective|p2a: Klefki|1\n|-crit|p2a: Klefki\n|-damage|p2a: Klefki|0 fnt\n|faint|p2a: Klefki\n|move|p2b: Armarouge|Trick Room|p2b: Armarouge\n|-fieldstart|move: Trick Room|[of] p2b: Armarouge\n|\n|-weather|SunnyDay|[upkeep]\n|upkeep\n|\n|t:|1788324144\n|switch|p2a: Incineroar|Incineroar, L50, M|100/100\n|-ability|p2a: Incineroar|Intimidate|boost\n|-unboost|p1a: Charizard|atk|1\n|-unboost|p1b: Whimsicott|atk|1\n|turn|2\n|\n|t:|1788324162\n|move|p1a: Charizard|Protect|p1a: Charizard\n|-singleturn|p1a: Charizard|Protect\n|move|p2b: Armarouge|Ally Switch|p2b: Armarouge\n|swap|p2b: Armarouge|0|[from] move: Ally Switch\n|move|p2b: Incineroar|Flare Blitz|p1b: Whimsicott\n|-supereffective|p1b: Whimsicott|1\n|-enditem|p1b: Whimsicott|Focus Sash\n|-damage|p1b: Whimsicott|1/100\n|-damage|p2b: Incineroar|77/100|[from] Recoil\n|move|p1b: Whimsicott|Moonblast|p2a: Armarouge\n|-resisted|p2a: Armarouge|1\n|-damage|p2a: Armarouge|90/100\n|\n|-weather|SunnyDay|[upkeep]\n|upkeep\n|turn|3\n|inactive|wingedfury11 has 30 seconds left.\n|\n|t:|1788324187\n|move|p1b: Whimsicott|Protect|p1b: Whimsicott\n|-singleturn|p1b: Whimsicott|Protect\n|move|p2a: Armarouge|Wide Guard|p2a: Armarouge\n|-singleturn|p2a: Armarouge|Wide Guard\n|move|p2b: Incineroar|Throat Chop|p1a: Charizard\n|-damage|p1a: Charizard|57/100\n|-start|p1a: Charizard|Throat Chop|[silent]\n|move|p1a: Charizard|Heat Wave|p2a: Armarouge|[spread] \n|-activate|p2a: Armarouge|move: Wide Guard\n|-activate|p2b: Incineroar|move: Wide Guard\n|\n|-weather|SunnyDay|[upkeep]\n|upkeep\n|turn|4\n|\n|t:|1788324204\n|move|p1b: Whimsicott|Encore|p2a: Armarouge\n|-start|p2a: Armarouge|Encore\n|move|p2a: Armarouge|Wide Guard|p2a: Armarouge\n|-singleturn|p2a: Armarouge|Wide Guard\n|move|p2b: Incineroar|Throat Chop|p1a: Charizard\n|-damage|p1a: Charizard|10/100\n|move|p1a: Charizard|Ancient Power|p2b: Incineroar\n|-supereffective|p2b: Incineroar|1\n|-damage|p2b: Incineroar|47/100\n|-enditem|p2b: Incineroar|Sitrus Berry|[eat]\n|-heal|p2b: Incineroar|72/100|[from] item: Sitrus Berry\n|\n|-weather|SunnyDay|[upkeep]\n|-end|p1a: Charizard|Throat Chop|[silent]\n|-sideend|p1: Thornlace48812|move: Tailwind\n|upkeep\n|turn|5\n|\n|t:|1788324224\n|-end|p2a: Armarouge|ability: Flash Fire|[silent]\n|switch|p2a: Pinsir|Pinsir, L50, M|100/100\n|move|p1b: Whimsicott|Tailwind|p1b: Whimsicott\n|-sidestart|p1: Thornlace48812|move: Tailwind\n|move|p2b: Incineroar|Throat Chop|p1b: Whimsicott\n|-resisted|p1b: Whimsicott|1\n|-damage|p1b: Whimsicott|0 fnt\n|faint|p1b: Whimsicott\n|move|p1a: Charizard|Heat Wave|p2b: Incineroar|[spread] p2a,p2b\n|-supereffective|p2a: Pinsir|1\n|-resisted|p2b: Incineroar|1\n|-damage|p2a: Pinsir|0 fnt\n|-damage|p2b: Incineroar|52/100\n|faint|p2a: Pinsir\n|\n|-weather|none\n|-fieldend|move: Trick Room\n|upkeep\n|\n|t:|1788324240\n|switch|p1b: Sylveon|Sylveon, L50, M|100/100\n|switch|p2a: Armarouge|Armarouge, L50, M|90/100\n|turn|6\n|\n|t:|1788324253\n|move|p1a: Charizard|Heat Wave|p2a: Armarouge|[spread] p2b\n|-start|p2a: Armarouge|ability: Flash Fire\n|-resisted|p2b: Incineroar|1\n|-damage|p2b: Incineroar|40/100\n|move|p1b: Sylveon|Hyper Voice|p2b: Incineroar|[spread] p2a,p2b\n|-resisted|p2a: Armarouge|1\n|-damage|p2a: Armarouge|73/100\n|-damage|p2b: Incineroar|13/100\n|move|p2b: Incineroar|Throat Chop|p1a: Charizard\n|-damage|p1a: Charizard|0 fnt\n|faint|p1a: Charizard\n|move|p2a: Armarouge|Trick Room|p2a: Armarouge\n|-fieldstart|move: Trick Room|[of] p2a: Armarouge\n|\n|upkeep\n|\n|t:|1788324253\n|switch|p1a: Basculegion|Basculegion, L50, M|100/100\n|turn|7\n|\n|t:|1788324272\n|move|p1b: Sylveon|Detect|p1b: Sylveon\n|-singleturn|p1b: Sylveon|Protect\n|move|p2a: Armarouge|Ally Switch|p2a: Armarouge\n|swap|p2a: Armarouge|1|[from] move: Ally Switch\n|move|p2a: Incineroar|Throat Chop|p1a: Basculegion\n|-supereffective|p1a: Basculegion|1\n|-damage|p1a: Basculegion|21/100\n|-start|p1a: Basculegion|Throat Chop|[silent]\n|move|p1a: Basculegion|Wave Crash|p2b: Armarouge\n|-supereffective|p2b: Armarouge|1\n|-damage|p2b: Armarouge|0 fnt\n|faint|p2b: Armarouge\n|-damage|p1a: Basculegion|0 fnt|[from] Recoil\n|faint|p1a: Basculegion\n|\n|upkeep\n|turn|8\n|\n|t:|1788324288\n|move|p2a: Incineroar|Flare Blitz|p1b: Sylveon\n|-damage|p1b: Sylveon|30/100\n|-damage|p2a: Incineroar|0 fnt|[from] Recoil\n|faint|p2a: Incineroar\n|\n|win|Thornlace48812\n|raw|Thornlace48812's rating: 1111 &rarr; <strong>1128</strong><br />(+17 for winning)\n|raw|wingedfury11's rating: 1000 &rarr; <strong>1000</strong><br />(+0 for losing)\n","uploadtime":1788324289,"views":"1","formatid":"gen9championsvgc2026regmb","rating":1000,"private":0,"password":null}