{"id":"gen9championsvgc2026regmb-2674745707","format":"[Gen 9 Champions] VGC 2026 Reg M-B","players":["Brichardi","testeifie"],"log":"|j|☆Brichardi\n|j|☆testeifie\n|t:|1788399648\n|gametype|doubles\n|player|p1|Brichardi|1|1525\n|player|p2|testeifie|winona|1489\n|gen|9\n|tier|[Gen 9 Champions] VGC 2026 Reg M-B\n|rated|\n|rule|Species Clause: Limit one of each Pokémon\n|rule|Item Clause: Limit 1 of each item\n|clearpoke\n|poke|p1|Staraptor, L50, M|\n|poke|p1|Whimsicott, L50, M|\n|poke|p1|Grimmsnarl, L50, M|\n|poke|p1|Scizor, L50, F|\n|poke|p1|Garchomp, L50, M|\n|poke|p1|Malamar, L50, M|\n|poke|p2|Blaziken, L50, M|\n|poke|p2|Kingambit, L50, M|\n|poke|p2|Basculegion, L50, M|\n|poke|p2|Ninetales-Alola, L50, M|\n|poke|p2|Garchomp, L50, F|\n|poke|p2|Floette-Eternal, L50, F|\n|teampreview|4\n|\n|t:|1788399719\n|teamsize|p1|4\n|teamsize|p2|4\n|start\n|switch|p1a: Whimsicott|Whimsicott, L50, M|100/100\n|switch|p1b: Staraptor|Staraptor, L50, M|100/100\n|switch|p2a: Floette|Floette-Eternal, L50, F|100/100\n|switch|p2b: Basculegion|Basculegion, L50, M|100/100\n|-ability|p1b: Staraptor|Intimidate|boost\n|-unboost|p2a: Floette|atk|1\n|-unboost|p2b: Basculegion|atk|1\n|turn|1\n|\n|t:|1788399771\n|detailschange|p2a: Floette|Floette-Mega, L50, F\n|-mega|p2a: Floette|Floette|Floettite\n|-ability|p2a: Floette|Fairy Aura\n|detailschange|p1b: Staraptor|Staraptor-Mega, L50, M\n|-mega|p1b: Staraptor|Staraptor|Staraptite\n|move|p1b: Staraptor|Protect|p1b: Staraptor\n|-singleturn|p1b: Staraptor|Protect\n|move|p1a: Whimsicott|Charm|p2b: Basculegion\n|-unboost|p2b: Basculegion|atk|2\n|move|p2a: Floette|Dazzling Gleam|p1a: Whimsicott|[spread] p1a\n|-activate|p1b: Staraptor|move: Protect\n|-damage|p1a: Whimsicott|47/100\n|move|p2b: Basculegion|Last Respects|p1a: Whimsicott\n|-damage|p1a: Whimsicott|30/100\n|-damage|p2b: Basculegion|90/100|[from] item: Life Orb\n|\n|upkeep\n|turn|2\n|\n|t:|1788399826\n|switch|p2a: Kingambit|Kingambit, L50, M|100/100\n|switch|p2b: Ninetales|Ninetales-Alola, L50, M|100/100\n|-weather|Snowscape|[from] ability: Snow Warning|[of] p2b: Ninetales\n|move|p1a: Whimsicott|Fake Tears|p1b: Staraptor\n|-boost|p1b: Staraptor|spd|2\n|move|p1b: Staraptor|Close Combat|p2a: Kingambit\n|-supereffective|p2a: Kingambit|2\n|-enditem|p2a: Kingambit|Focus Sash\n|-damage|p2a: Kingambit|1/100\n|-boost|p1b: Staraptor|def|1\n|-boost|p1b: Staraptor|spd|1\n|\n|-weather|Snowscape|[upkeep]\n|upkeep\n|turn|3\n|\n|t:|1788399867\n|move|p1a: Whimsicott|Charm|p1b: Staraptor\n|-boost|p1b: Staraptor|atk|2\n|move|p2b: Ninetales|Blizzard|p1a: Whimsicott|[spread] p1a,p1b\n|-supereffective|p1a: Whimsicott|1\n|-supereffective|p1b: Staraptor|1\n|-crit|p1b: Staraptor\n|-damage|p1a: Whimsicott|0 fnt\n|-damage|p1b: Staraptor|9/100\n|faint|p1a: Whimsicott\n|move|p1b: Staraptor|Close Combat|p2b: Ninetales\n|-damage|p2b: Ninetales|0 fnt\n|-boost|p1b: Staraptor|def|1\n|-boost|p1b: Staraptor|spd|1\n|faint|p2b: Ninetales\n|move|p2a: Kingambit|Iron Head|p1b: Staraptor\n|-damage|p1b: Staraptor|0 fnt\n|faint|p1b: Staraptor\n|\n|-weather|Snowscape|[upkeep]\n|upkeep\n|\n|t:|1788399891\n|switch|p2b: Basculegion|Basculegion, L50, M|90/100\n|switch|p1a: Grimmsnarl|Grimmsnarl, L50, M|100/100\n|switch|p1b: Scizor|Scizor, L50, F|100/100\n|turn|4\n|\n|t:|1788399914\n|move|p1a: Grimmsnarl|Reflect|p1a: Grimmsnarl\n|-sidestart|p1: Brichardi|Reflect\n|move|p2b: Basculegion|Wave Crash|p1b: Scizor\n|-damage|p1b: Scizor|42/100\n|-damage|p2b: Basculegion|75/100|[from] Recoil\n|-damage|p2b: Basculegion|65/100|[from] item: Life Orb\n|move|p1b: Scizor|Swords Dance|p1b: Scizor\n|-boost|p1b: Scizor|atk|2\n|move|p2a: Kingambit|Iron Head|p1a: Grimmsnarl\n|-supereffective|p1a: Grimmsnarl|1\n|-damage|p1a: Grimmsnarl|31/100\n|\n|-weather|Snowscape|[upkeep]\n|-heal|p1b: Scizor|49/100|[from] item: Leftovers\n|upkeep\n|turn|5\n|\n|t:|1788399936\n|move|p1b: Scizor|Bullet Punch|p2a: Kingambit\n|-resisted|p2a: Kingambit|1\n|-damage|p2a: Kingambit|0 fnt\n|faint|p2a: Kingambit\n|move|p1a: Grimmsnarl|Sucker Punch|p2b: Basculegion\n|-supereffective|p2b: Basculegion|1\n|-damage|p2b: Basculegion|0 fnt\n|faint|p2b: Basculegion\n|\n|-weather|Snowscape|[upkeep]\n|-heal|p1b: Scizor|55/100|[from] item: Leftovers\n|upkeep\n|n|!testeifie|testeifie\n|-message|testeifie forfeited.\n|\n|win|Brichardi\n","uploadtime":1788399942,"views":"2","formatid":"gen9championsvgc2026regmb","rating":null,"private":0,"password":null}