{"id":"gen9championsvgc2026regmbbo3-2674678407","format":"[Gen 9 Champions] VGC 2026 Reg M-B (Bo3)","players":["jeanryupr","JLFalcon"],"log":"|j|☆jeanryupr\n|j|☆JLFalcon\n|html|<table width=\"100%\"><tr><td align=\"left\">jeanryupr</td><td align=\"right\">JLFalcon</tr><tr><td align=\"left\"><i class=\"fa fa-circle-o\"></i> <i class=\"fa fa-circle-o\"></i> </td><td align=\"right\"><i class=\"fa fa-circle-o\"></i> <i class=\"fa fa-circle-o\"></i> </tr></table>\n|uhtml|bestof|<h2><strong>Game 1</strong> of <a href=\"/game-bestof3-gen9championsvgc2026regmbbo3-2674678406\">a best-of-3</a></h2>\n|t:|1788389237\n|gametype|doubles\n|player|p1|jeanryupr|2|1263\n|player|p2|JLFalcon|brawly|1207\n|gen|9\n|tier|[Gen 9 Champions] VGC 2026 Reg M-B (Bo3)\n|rated|\n|rule|Species Clause: Limit one of each Pokémon\n|rule|Item Clause: Limit 1 of each item\n|clearpoke\n|poke|p1|Scovillain, L50, M, shiny|\n|poke|p1|Basculegion, L50, M|\n|poke|p1|Kingambit, L50, F|\n|poke|p1|Sneasler, L50, F|\n|poke|p1|Lycanroc-Dusk, L50, M|\n|poke|p1|Froslass, L50, F|\n|poke|p2|Sneasler, L50, M|\n|poke|p2|Barbaracle, L50, M|\n|poke|p2|Farigiraf, L50, M|\n|poke|p2|Camerupt, L50, F|\n|poke|p2|Ninetales-Alola, L50, F|\n|poke|p2|Sinistcha, L50|\n|teampreview|4\n|showteam|p1|Scovillain||Scovillainite|Moody|GigaDrain,Overheat,RagePowder,Protect|Bold||M|||50|]Basculegion||LifeOrb|Adaptability|WaveCrash,LastRespects,AquaJet,Protect|Adamant||M|||50|]Kingambit||BlackGlasses|Defiant|KowtowCleave,SuckerPunch,SwordsDance,Protect|Adamant||F|||50|]Sneasler||WhiteHerb|Unburden|CloseCombat,DireClaw,Protect,FakeOut|Adamant||F|||50|]Lycanroc-Dusk||FocusSash|ToughClaws|CloseCombat,Accelerock,RockSlide,Protect|Adamant||M|||50|]Froslass||Froslassite|CursedBody|Blizzard,ShadowBall,AuroraVeil,Protect|Timid||F|||50|\n|showteam|p2|Sneasler||WhiteHerb|Unburden|CloseCombat,DireClaw,FakeOut,Coaching|Jolly||M|||50|]Barbaracle||Barbaracite|ToughClaws|RockSlide,CloseCombat,ShellSmash,Protect|Adamant||M|||50|]Farigiraf||SitrusBerry|ArmorTail|TwinBeam,HyperVoice,HelpingHand,TrickRoom|Quiet||M|||50|]Camerupt||Cameruptite|SolidRock|EarthPower,Eruption,HeatWave,Protect|Quiet||F|||50|]Ninetales-Alola||FocusSash|SnowWarning|Blizzard,FreezeDry,Moonblast,Protect|Timid||F|||50|]Sinistcha||KasibBerry|Hospitality|MatchaGotcha,StrengthSap,RagePowder,TrickRoom|Calm|||||50|\n|c|☆JLFalcon|glhf\n|inactive|Battle timer is ON: inactive players will automatically lose when time's up. (requested by JLFalcon)\n|\n|t:|1788389264\n|teamsize|p1|4\n|teamsize|p2|4\n|start\n|switch|p1a: Froslass|Froslass, L50, F|100/100\n|switch|p1b: Basculegion|Basculegion, L50, M|100/100\n|switch|p2a: Sneasler|Sneasler, L50, M|100/100\n|switch|p2b: Farigiraf|Farigiraf, L50, M|100/100\n|turn|1\n|\n|t:|1788389279\n|detailschange|p1a: Froslass|Froslass-Mega, L50, F\n|-mega|p1a: Froslass|Froslass|Froslassite\n|-weather|Snowscape|[from] ability: Snow Warning|[of] p1a: Froslass\n|move|p2a: Sneasler|Coaching|p2b: Farigiraf\n|-boost|p2b: Farigiraf|atk|1\n|-boost|p2b: Farigiraf|def|1\n|move|p1a: Froslass|Blizzard|p2a: Sneasler|[spread] p2a,p2b\n|-damage|p2a: Sneasler|48/100\n|-damage|p2b: Farigiraf|65/100\n|move|p1b: Basculegion|Wave Crash|p2b: Farigiraf\n|-damage|p2b: Farigiraf|0 fnt\n|faint|p2b: Farigiraf\n|-damage|p1b: Basculegion|75/100|[from] Recoil\n|-damage|p1b: Basculegion|65/100|[from] item: Life Orb\n|\n|-weather|Snowscape|[upkeep]\n|upkeep\n|\n|t:|1788389295\n|switch|p2b: Camerupt|Camerupt, L50, F|100/100\n|turn|2\n|\n|t:|1788389306\n|move|p2b: Camerupt|Protect|p2b: Camerupt\n|-singleturn|p2b: Camerupt|Protect\n|move|p1b: Basculegion|Aqua Jet|p2b: Camerupt\n|-activate|p2b: Camerupt|move: Protect\n|move|p2a: Sneasler|Dire Claw|p1b: Basculegion\n|-resisted|p1b: Basculegion|1\n|-damage|p1b: Basculegion|41/100\n|-status|p1b: Basculegion|slp\n|move|p1a: Froslass|Blizzard|p2a: Sneasler|[spread] p2a\n|-activate|p2b: Camerupt|move: Protect\n|-damage|p2a: Sneasler|0 fnt\n|faint|p2a: Sneasler\n|\n|-weather|Snowscape|[upkeep]\n|upkeep\n|\n|t:|1788389317\n|switch|p2a: Sinistcha|Sinistcha, L50|100/100\n|turn|3\n|\n|t:|1788389330\n|detailschange|p2b: Camerupt|Camerupt-Mega, L50, F\n|-mega|p2b: Camerupt|Camerupt|Cameruptite\n|move|p1a: Froslass|Blizzard|p2b: Camerupt|[spread] p2a,p2b\n|-supereffective|p2a: Sinistcha|1\n|-damage|p2a: Sinistcha|32/100\n|-damage|p2b: Camerupt|64/100\n|cant|p1b: Basculegion|slp\n|move|p2b: Camerupt|Heat Wave|p1b: Basculegion|[spread] p1a,p1b\n|-supereffective|p1a: Froslass|1\n|-resisted|p1b: Basculegion|1\n|-damage|p1a: Froslass|0 fnt\n|-damage|p1b: Basculegion|11/100 slp\n|faint|p1a: Froslass\n|move|p2a: Sinistcha|Trick Room|p2a: Sinistcha\n|-fieldstart|move: Trick Room|[of] p2a: Sinistcha\n|\n|-weather|Snowscape|[upkeep]\n|upkeep\n|\n|t:|1788389338\n|switch|p1a: Kingambit|Kingambit, L50, F|100/100\n|turn|4\n|\n|t:|1788389357\n|move|p2a: Sinistcha|Rage Powder|p2a: Sinistcha\n|-singleturn|p2a: Sinistcha|move: Rage Powder\n|move|p1a: Kingambit|Sucker Punch||[still]\n|-fail|p1a: Kingambit\n|cant|p1b: Basculegion|slp\n|move|p2b: Camerupt|Heat Wave|p1b: Basculegion|[spread] p1a,p1b\n|-supereffective|p1a: Kingambit|1\n|-resisted|p1b: Basculegion|1\n|-damage|p1a: Kingambit|0 fnt\n|-damage|p1b: Basculegion|0 fnt\n|faint|p1a: Kingambit\n|faint|p1b: Basculegion\n|\n|-weather|Snowscape|[upkeep]\n|upkeep\n|\n|t:|1788389362\n|switch|p1b: Lycanroc|Lycanroc-Dusk, L50, M|100/100\n|turn|5\n|\n|t:|1788389376\n|move|p2b: Camerupt|Earth Power|p1b: Lycanroc\n|-supereffective|p1b: Lycanroc|1\n|-enditem|p1b: Lycanroc|Focus Sash\n|-damage|p1b: Lycanroc|1/100\n|move|p2a: Sinistcha|Strength Sap|p1b: Lycanroc\n|-unboost|p1b: Lycanroc|atk|1\n|-heal|p2a: Sinistcha|100/100\n|move|p1b: Lycanroc|Rock Slide|p2b: Camerupt|[spread] p2a,p2b\n|-damage|p2a: Sinistcha|83/100\n|-damage|p2b: Camerupt|45/100\n|\n|-weather|none\n|upkeep\n|turn|6\n|\n|t:|1788389389\n|move|p2b: Camerupt|Earth Power|p1b: Lycanroc\n|-supereffective|p1b: Lycanroc|1\n|-damage|p1b: Lycanroc|0 fnt\n|faint|p1b: Lycanroc\n|\n|win|JLFalcon\n","uploadtime":1788389242,"views":"1","formatid":"gen9championsvgc2026regmbbo3","rating":null,"private":0,"password":null}