{"id":"gen9championsvgc2026regmbbo3-2673757587","format":"[Gen 9 Champions] VGC 2026 Reg M-B (Bo3)","players":["CaratroncoSun","ZMegasOnFraudWatch"],"log":"|j|☆CaratroncoSun\n|j|☆ZMegasOnFraudWatch\n|html|<table width=\"100%\"><tr><td align=\"left\">CaratroncoSun</td><td align=\"right\">ZMegasOnFraudWatch</tr><tr><td align=\"left\"><i class=\"fa fa-circle\"></i> <i class=\"fa fa-circle-o\"></i> </td><td align=\"right\"><i class=\"fa fa-circle-o\"></i> <i class=\"fa fa-circle\"></i> </tr></table>\n|uhtml|bestof|<h2><strong>Game 3</strong> of <a href=\"/game-bestof3-gen9championsvgc2026regmbbo3-2673755601\">a best-of-3</a></h2>\n|t:|1788249416\n|gametype|doubles\n|player|p1|CaratroncoSun|170|1321\n|player|p2|ZMegasOnFraudWatch|psychic-gen2|1441\n|gen|9\n|tier|[Gen 9 Champions] VGC 2026 Reg M-B (Bo3)\n|rated|\n|rule|Species Clause: Limit one of each Pokémon\n|rule|Item Clause: Limit 1 of each item\n|clearpoke\n|poke|p1|Charizard, L50, F, shiny|\n|poke|p1|Venusaur, L50, M, shiny|\n|poke|p1|Whimsicott, L50, M, shiny|\n|poke|p1|Basculegion, L50, M|\n|poke|p1|Tyranitar, L50, F|\n|poke|p1|Mamoswine, L50, M|\n|poke|p2|Scovillain, L50, M, shiny|\n|poke|p2|Basculegion, L50, M|\n|poke|p2|Kingambit, L50, M|\n|poke|p2|Sneasler, L50, M|\n|poke|p2|Lycanroc-Dusk, L50, F|\n|poke|p2|Froslass, L50, F|\n|teampreview|4\n|showteam|p1|Charizard||CharizarditeY|Blaze|Protect,SolarBeam,HeatWave,AirSlash|Modest||F|||50|]Venusaur||WideLens|Chlorophyll|Protect,GigaDrain,EarthPower,SleepPowder|Modest||M|||50|]Whimsicott||FocusSash|Prankster|Protect,Moonblast,Tailwind,Encore|Timid||M|||50|]Basculegion||MysticWater|Adaptability|Protect,AquaJet,WaveCrash,LastRespects|Adamant||M|||50|]Tyranitar||Tyranitarite|SandStream|Protect,RockSlide,KnockOff,LowKick|Adamant||F|||50|]Mamoswine||LifeOrb|Oblivious|Protect,HighHorsepower,RockSlide,IceShard|Adamant||M|||50|\n|showteam|p2|Scovillain||Scovillainite|Moody|GigaDrain,Overheat,RagePowder,Protect|Bold||M|||50|]Basculegion||LifeOrb|Adaptability|WaveCrash,LastRespects,AquaJet,Protect|Adamant||M|||50|]Kingambit||BlackGlasses|Defiant|KowtowCleave,SuckerPunch,SwordsDance,Protect|Adamant||M|||50|]Sneasler||WhiteHerb|Unburden|CloseCombat,DireClaw,Protect,FakeOut|Adamant||M|||50|]Lycanroc-Dusk||FocusSash|ToughClaws|CloseCombat,Accelerock,RockSlide,Protect|Adamant||F|||50|]Froslass||Froslassite|CursedBody|Blizzard,ShadowBall,AuroraVeil,Protect|Timid||F|||50|\n|\n|t:|1788249451\n|teamsize|p1|4\n|teamsize|p2|4\n|start\n|switch|p1a: Venusaur|Venusaur, L50, M, shiny|100/100\n|switch|p1b: Whimsicott|Whimsicott, L50, M, shiny|100/100\n|switch|p2a: Hardly Know Her|Sneasler, L50, M|100/100\n|switch|p2b: KTC Choppa|Kingambit, L50, M|100/100\n|turn|1\n|\n|t:|1788249474\n|move|p1b: Whimsicott|Moonblast|p2b: KTC Choppa\n|-damage|p2b: KTC Choppa|64/100\n|move|p2a: Hardly Know Her|Close Combat|p1a: Venusaur\n|-resisted|p1a: Venusaur|1\n|-damage|p1a: Venusaur|58/100\n|-unboost|p2a: Hardly Know Her|def|1\n|-unboost|p2a: Hardly Know Her|spd|1\n|-enditem|p2a: Hardly Know Her|White Herb\n|-clearnegativeboost|p2a: Hardly Know Her|[silent]\n|move|p1a: Venusaur|Sleep Powder|p2a: Hardly Know Her\n|-status|p2a: Hardly Know Her|slp|[from] move: Sleep Powder\n|move|p2b: KTC Choppa|Kowtow Cleave|p1a: Venusaur\n|-damage|p1a: Venusaur|0 fnt\n|faint|p1a: Venusaur\n|\n|upkeep\n|\n|t:|1788249492\n|switch|p1a: Mamoswine|Mamoswine, L50, M|100/100\n|turn|2\n|\n|t:|1788249499\n|move|p2b: KTC Choppa|Sucker Punch|p1a: Mamoswine\n|-damage|p1a: Mamoswine|43/100\n|cant|p2a: Hardly Know Her|slp\n|move|p1b: Whimsicott|Moonblast|p2b: KTC Choppa\n|-damage|p2b: KTC Choppa|28/100\n|move|p1a: Mamoswine|High Horsepower|p2a: Hardly Know Her\n|-supereffective|p2a: Hardly Know Her|1\n|-crit|p2a: Hardly Know Her\n|-damage|p2a: Hardly Know Her|0 fnt\n|faint|p2a: Hardly Know Her\n|-damage|p1a: Mamoswine|33/100|[from] item: Life Orb\n|\n|upkeep\n|\n|t:|1788249503\n|switch|p2a: BooPauls Veil Race|Froslass, L50, F|100/100\n|turn|3\n|\n|t:|1788249547\n|detailschange|p2a: BooPauls Veil Race|Froslass-Mega, L50, F\n|-mega|p2a: BooPauls Veil Race|Froslass|Froslassite\n|-weather|Snowscape|[from] ability: Snow Warning|[of] p2a: BooPauls Veil Race\n|move|p1a: Mamoswine|Protect|p1a: Mamoswine\n|-singleturn|p1a: Mamoswine|Protect\n|move|p1b: Whimsicott|Tailwind|p1b: Whimsicott\n|-sidestart|p1: CaratroncoSun|move: Tailwind\n|move|p2b: KTC Choppa|Sucker Punch||[still]\n|-fail|p2b: KTC Choppa\n|move|p2a: BooPauls Veil Race|Blizzard|p1a: Mamoswine|[spread] p1b\n|-activate|p1a: Mamoswine|move: Protect\n|-supereffective|p1b: Whimsicott|1\n|-enditem|p1b: Whimsicott|Focus Sash\n|-damage|p1b: Whimsicott|1/100\n|-status|p1b: Whimsicott|frz\n|\n|-weather|Snowscape|[upkeep]\n|upkeep\n|turn|4\n|\n|t:|1788249568\n|move|p1a: Mamoswine|Ice Shard|p2b: KTC Choppa\n|-resisted|p2b: KTC Choppa|1\n|-damage|p2b: KTC Choppa|17/100\n|-damage|p1a: Mamoswine|23/100|[from] item: Life Orb\n|cant|p1b: Whimsicott|frz\n|move|p2a: BooPauls Veil Race|Blizzard|p1a: Mamoswine|[spread] p1a,p1b\n|-supereffective|p1b: Whimsicott|1\n|-damage|p1a: Mamoswine|0 fnt\n|-damage|p1b: Whimsicott|0 fnt\n|faint|p1a: Mamoswine\n|faint|p1b: Whimsicott\n|move|p2b: KTC Choppa|Swords Dance|p2b: KTC Choppa\n|-boost|p2b: KTC Choppa|atk|2\n|\n|-weather|Snowscape|[upkeep]\n|upkeep\n|\n|t:|1788249583\n|switch|p1b: Charizard|Charizard, L50, F, shiny|100/100\n|turn|5\n|\n|t:|1788249587\n|detailschange|p1b: Charizard|Charizard-Mega-Y, L50, F, shiny\n|-mega|p1b: Charizard|Charizard|Charizardite Y\n|-weather|SunnyDay|[from] ability: Drought|[of] p1b: Charizard\n|move|p2b: KTC Choppa|Sucker Punch|p1b: Charizard\n|-damage|p1b: Charizard|0 fnt\n|faint|p1b: Charizard\n|\n|win|ZMegasOnFraudWatch\n|raw|CaratroncoSun's rating: 1321 &rarr; <strong>1308</strong><br />(-13 for losing)\n|raw|ZMegasOnFraudWatch's rating: 1441 &rarr; <strong>1454</strong><br />(+13 for winning)\n","uploadtime":1788249588,"views":"1","formatid":"gen9championsvgc2026regmbbo3","rating":1308,"private":0,"password":null}