{"id":"gen9championsvgc2026regmbbo3-2673931632","format":"[Gen 9 Champions] VGC 2026 Reg M-B (Bo3)","players":["Popularshaman","DINOLONK"],"log":"|j|☆Popularshaman\n|j|☆DINOLONK\n|html|<table width=\"100%\"><tr><td align=\"left\">Popularshaman</td><td align=\"right\">DINOLONK</tr><tr><td align=\"left\"><i class=\"fa fa-circle-o\"></i> <i class=\"fa fa-circle-o\"></i> </td><td align=\"right\"><i class=\"fa fa-circle-o\"></i> <i class=\"fa fa-circle-o\"></i> </tr></table>\n|uhtml|bestof|<h2><strong>Game 1</strong> of <a href=\"/game-bestof3-gen9championsvgc2026regmbbo3-2673931631\">a best-of-3</a></h2>\n|t:|1788278621\n|gametype|doubles\n|player|p1|Popularshaman|266|1220\n|player|p2|DINOLONK|parasollady-gen4|1374\n|gen|9\n|tier|[Gen 9 Champions] VGC 2026 Reg M-B (Bo3)\n|rated|\n|rule|Species Clause: Limit one of each Pokémon\n|rule|Item Clause: Limit 1 of each item\n|clearpoke\n|poke|p1|Tyranitar, L50, M, shiny|\n|poke|p1|Excadrill, L50, F, shiny|\n|poke|p1|Milotic, L50, M, shiny|\n|poke|p1|Sinistcha, L50, shiny|\n|poke|p1|Gholdengo, L50, shiny|\n|poke|p1|Staraptor, L50, F, shiny|\n|poke|p2|Dragonite, L50, M|\n|poke|p2|Sneasler, L50, M|\n|poke|p2|Kingambit, L50, F|\n|poke|p2|Basculegion, L50, M|\n|poke|p2|Whimsicott, L50, M|\n|poke|p2|Floette-Eternal, L50, F|\n|teampreview|4\n|showteam|p1|Tyranitar||ChoiceScarf|SandStream|RockSlide,KnockOff,LowKick,IcePunch|Jolly||M|||50|]Excadrill||FocusSash|SandRush|RockSlide,IronHead,HighHorsepower,Protect|Adamant||F|||50|]Milotic||Leftovers|Competitive|IcyWind,Scald,IceBeam,Protect|Quiet||M|||50|]Sinistcha||SitrusBerry|Hospitality|MatchaGotcha,RagePowder,LifeDew,TrickRoom|Modest|||||50|]Gholdengo||LifeOrb|GoodasGold|MakeItRain,NastyPlot,ShadowBall,Protect|Timid|||||50|]Staraptor||Staraptite|Intimidate|CloseCombat,BraveBird,Tailwind,Protect|Jolly||F|||50|\n|showteam|p2|Dragonite||Dragoninite|InnerFocus|DragonPulse,HeatWave,Thunderbolt,Protect|Modest||M|||50|]Sneasler||WhiteHerb|Unburden|DireClaw,CloseCombat,RockSlide,FakeOut|Jolly||M|||50|]Kingambit||ChopleBerry|Defiant|KowtowCleave,SuckerPunch,LowKick,IronHead|Adamant||F|||50|]Basculegion||LifeOrb|Adaptability|WaveCrash,LastRespects,AquaJet,Protect|Adamant||M|||50|]Whimsicott||FocusSash|Prankster|Moonblast,Tailwind,Encore,Protect|Timid||M|||50|]Floette-Eternal||Floettite|FlowerVeil|Moonblast,DazzlingGleam,LightofRuin,Protect|Timid||F|||50|\n|inactive|Battle timer is ON: inactive players will automatically lose when time's up. (requested by DINOLONK)\n|inactive|Popularshaman has 60 seconds left.\n|inactive|Popularshaman has 30 seconds left.\n|\n|t:|1788278692\n|teamsize|p1|4\n|teamsize|p2|4\n|start\n|switch|p1a: Milotic|Milotic, L50, M, shiny|100/100\n|switch|p1b: Gholdengo|Gholdengo, L50, shiny|100/100\n|switch|p2a: Dragonite|Dragonite, L50, M|100/100\n|switch|p2b: Sneasler|Sneasler, L50, M|100/100\n|turn|1\n|inactive|Popularshaman has 30 seconds left.\n|inactive|Popularshaman has 20 seconds left.\n|inactive|Popularshaman has 15 seconds left.\n|inactive|Popularshaman has 10 seconds left.\n|\n|t:|1788278738\n|detailschange|p2a: Dragonite|Dragonite-Mega, L50, M\n|-mega|p2a: Dragonite|Dragonite|Dragoninite\n|move|p2b: Sneasler|Fake Out|p1a: Milotic\n|-damage|p1a: Milotic|84/100\n|move|p2a: Dragonite|Heat Wave|p1b: Gholdengo|[spread] p1a,p1b\n|-resisted|p1a: Milotic|1\n|-supereffective|p1b: Gholdengo|1\n|-damage|p1a: Milotic|74/100\n|-damage|p1b: Gholdengo|35/100\n|move|p1b: Gholdengo|Shadow Ball|p2b: Sneasler\n|-damage|p2b: Sneasler|34/100\n|-unboost|p2b: Sneasler|spd|1\n|-damage|p1b: Gholdengo|25/100|[from] item: Life Orb\n|-enditem|p2b: Sneasler|White Herb\n|-clearnegativeboost|p2b: Sneasler|[silent]\n|cant|p1a: Milotic|flinch\n|\n|-heal|p1a: Milotic|80/100|[from] item: Leftovers\n|upkeep\n|turn|2\n|inactive|DINOLONK has 30 seconds left.\n|\n|t:|1788278770\n|switch|p1b: Staraptor|Staraptor, L50, F, shiny|100/100\n|-ability|p1b: Staraptor|Intimidate|boost\n|-unboost|p2a: Dragonite|atk|1\n|-unboost|p2b: Sneasler|atk|1\n|move|p2b: Sneasler|Dire Claw|p1a: Milotic\n|-damage|p1a: Milotic|49/100\n|move|p2a: Dragonite|Heat Wave|p1a: Milotic|[spread] p1a\n|-miss|p2a: Dragonite|p1b: Staraptor\n|-resisted|p1a: Milotic|1\n|-damage|p1a: Milotic|39/100\n|move|p1a: Milotic|Icy Wind|p2b: Sneasler|[spread] p2a,p2b\n|-supereffective|p2a: Dragonite|2\n|-damage|p2a: Dragonite|76/100\n|-damage|p2b: Sneasler|17/100\n|-unboost|p2a: Dragonite|spe|1\n|-unboost|p2b: Sneasler|spe|1\n|\n|-heal|p1a: Milotic|45/100|[from] item: Leftovers\n|upkeep\n|turn|3\n|inactive|Popularshaman has 30 seconds left.\n|\n|t:|1788278795\n|switch|p2a: Kingambit|Kingambit, L50, F|100/100\n|detailschange|p1b: Staraptor|Staraptor-Mega, L50, F, shiny\n|-mega|p1b: Staraptor|Staraptor|Staraptite\n|move|p2b: Sneasler|Rock Slide|p1b: Staraptor|[spread] p1a,p1b\n|-damage|p1a: Milotic|30/100\n|-damage|p1b: Staraptor|87/100\n|move|p1b: Staraptor|Tailwind|p1b: Staraptor\n|-sidestart|p1: Popularshaman|move: Tailwind\n|move|p1a: Milotic|Icy Wind|p2b: Sneasler|[spread] p2a,p2b\n|-resisted|p2a: Kingambit|1\n|-damage|p2a: Kingambit|93/100\n|-damage|p2b: Sneasler|1/100\n|-unboost|p2a: Kingambit|spe|1\n|-ability|p2a: Kingambit|Defiant|boost\n|-boost|p2a: Kingambit|atk|2\n|-unboost|p2b: Sneasler|spe|1\n|\n|-heal|p1a: Milotic|36/100|[from] item: Leftovers\n|upkeep\n|turn|4\n|inactive|Popularshaman has 30 seconds left.\n|\n|t:|1788278830\n|move|p2a: Kingambit|Sucker Punch|p1a: Milotic\n|-crit|p1a: Milotic\n|-damage|p1a: Milotic|0 fnt\n|faint|p1a: Milotic\n|move|p1b: Staraptor|Close Combat|p2a: Kingambit\n|-supereffective|p2a: Kingambit|2\n|-enditem|p2a: Kingambit|Chople Berry|[eat]\n|-enditem|p2a: Kingambit|Chople Berry|[weaken]\n|-damage|p2a: Kingambit|6/100\n|-boost|p1b: Staraptor|def|1\n|-boost|p1b: Staraptor|spd|1\n|move|p2b: Sneasler|Dire Claw|p1b: Staraptor\n|-damage|p1b: Staraptor|70/100\n|\n|upkeep\n|\n|t:|1788278847\n|switch|p1a: Tyranitar|Tyranitar, L50, M, shiny|100/100\n|-weather|Sandstorm|[from] ability: Sand Stream|[of] p1a: Tyranitar\n|turn|5\n|inactive|Popularshaman has 30 seconds left.\n|inactive|DINOLONK has 30 seconds left.\n|\n|t:|1788278877\n|switch|p1a: Gholdengo|Gholdengo, L50, shiny|25/100\n|move|p2a: Kingambit|Sucker Punch||[still]\n|-fail|p2a: Kingambit\n|move|p1b: Staraptor|Close Combat|p2a: Kingambit\n|-supereffective|p2a: Kingambit|2\n|-damage|p2a: Kingambit|0 fnt\n|-boost|p1b: Staraptor|def|1\n|-boost|p1b: Staraptor|spd|1\n|faint|p2a: Kingambit\n|move|p2b: Sneasler|Dire Claw|p1b: Staraptor\n|-damage|p1b: Staraptor|57/100\n|\n|-weather|Sandstorm|[upkeep]\n|-damage|p1b: Staraptor|51/100|[from] Sandstorm\n|-damage|p2b: Sneasler|0 fnt|[from] Sandstorm\n|faint|p2b: Sneasler\n|upkeep\n|\n|t:|1788278885\n|switch|p2b: Basculegion|Basculegion, L50, M|100/100\n|switch|p2a: Dragonite|Dragonite-Mega, L50, M|76/100\n|turn|6\n|\n|t:|1788278910\n|move|p2b: Basculegion|Protect|p2b: Basculegion\n|-singleturn|p2b: Basculegion|Protect\n|move|p1b: Staraptor|Close Combat|p2a: Dragonite\n|-resisted|p2a: Dragonite|1\n|-damage|p2a: Dragonite|50/100g\n|-boost|p1b: Staraptor|def|1\n|-boost|p1b: Staraptor|spd|1\n|move|p1a: Gholdengo|Shadow Ball|p2b: Basculegion\n|-activate|p2b: Basculegion|move: Protect\n|move|p2a: Dragonite|Heat Wave|p1a: Gholdengo|[spread] p1b\n|-miss|p2a: Dragonite|p1a: Gholdengo\n|-damage|p1b: Staraptor|39/100\n|\n|-weather|Sandstorm|[upkeep]\n|-damage|p1b: Staraptor|32/100|[from] Sandstorm\n|-damage|p2a: Dragonite|44/100|[from] Sandstorm\n|-damage|p2b: Basculegion|93/100|[from] Sandstorm\n|-sideend|p1: Popularshaman|move: Tailwind\n|upkeep\n|turn|7\n|inactive|DINOLONK has 30 seconds left.\n|inactive|Popularshaman has 30 seconds left.\n|\n|t:|1788278949\n|move|p2b: Basculegion|Aqua Jet|p1a: Gholdengo\n|-damage|p1a: Gholdengo|0 fnt\n|faint|p1a: Gholdengo\n|-damage|p2b: Basculegion|84/100|[from] item: Life Orb\n|move|p1b: Staraptor|Tailwind|p1b: Staraptor\n|-sidestart|p1: Popularshaman|move: Tailwind\n|move|p2a: Dragonite|Thunderbolt|p1b: Staraptor\n|-supereffective|p1b: Staraptor|1\n|-damage|p1b: Staraptor|4/100\n|\n|-weather|Sandstorm|[upkeep]\n|-damage|p1b: Staraptor|0 fnt|[from] Sandstorm\n|-damage|p2a: Dragonite|38/100|[from] Sandstorm\n|-damage|p2b: Basculegion|77/100|[from] Sandstorm\n|faint|p1b: Staraptor\n|upkeep\n|\n|t:|1788278962\n|switch|p1a: Tyranitar|Tyranitar, L50, M, shiny|100/100\n|turn|8\n|\n|t:|1788278967\n|move|p2a: Dragonite|Protect|p2a: Dragonite\n|-singleturn|p2a: Dragonite|Protect\n|move|p2b: Basculegion|Protect|p2b: Basculegion\n|-singleturn|p2b: Basculegion|Protect\n|move|p1a: Tyranitar|Knock Off|p2b: Basculegion\n|-activate|p2b: Basculegion|move: Protect\n|\n|-weather|Sandstorm|[upkeep]\n|-damage|p2a: Dragonite|32/100|[from] Sandstorm\n|-damage|p2b: Basculegion|71/100|[from] Sandstorm\n|upkeep\n|turn|9\n|\n|t:|1788278981\n|move|p2b: Basculegion|Aqua Jet|p1a: Tyranitar\n|-supereffective|p1a: Tyranitar|1\n|-damage|p1a: Tyranitar|32/100\n|-damage|p2b: Basculegion|62/100|[from] item: Life Orb\n|move|p1a: Tyranitar|Knock Off|p2b: Basculegion\n|-supereffective|p2b: Basculegion|1\n|-damage|p2b: Basculegion|0 fnt\n|-enditem|p2b: Basculegion|Life Orb|[from] move: Knock Off|[of] p1a: Tyranitar\n|faint|p2b: Basculegion\n|move|p2a: Dragonite|Dragon Pulse|p1a: Tyranitar\n|-damage|p1a: Tyranitar|0 fnt\n|faint|p1a: Tyranitar\n|\n|win|DINOLONK\n","uploadtime":1788278982,"views":"0","formatid":"gen9championsvgc2026regmbbo3","rating":null,"private":0,"password":null}