{"id":"gen9championsvgc2026regmb-2674230415","format":"[Gen 9 Champions] VGC 2026 Reg M-B","players":["verd1squo","HospitalityCheck"],"log":"|j|☆verd1squo\n|j|☆HospitalityCheck\n|t:|1788319424\n|gametype|doubles\n|player|p1|verd1squo|steven|1087\n|player|p2|HospitalityCheck|2|1140\n|gen|9\n|tier|[Gen 9 Champions] VGC 2026 Reg M-B\n|rated|\n|rule|Species Clause: Limit one of each Pokémon\n|rule|Item Clause: Limit 1 of each item\n|clearpoke\n|poke|p1|Dragonite, L50, M, shiny|\n|poke|p1|Floette-Eternal, L50, F|\n|poke|p1|Basculegion, L50, M, shiny|\n|poke|p1|Garchomp, L50, M, shiny|\n|poke|p1|Kingambit, L50, M, shiny|\n|poke|p1|Sneasler, L50, M, shiny|\n|poke|p2|Metagross, L50|\n|poke|p2|Incineroar, L50, M|\n|poke|p2|Sinistcha, L50|\n|poke|p2|Whimsicott, L50, F|\n|poke|p2|Garchomp, L50, F|\n|poke|p2|Kingambit, L50, M|\n|teampreview|4\n|inactive|Battle timer is ON: inactive players will automatically lose when time's up. (requested by HospitalityCheck)\nHospitalityCheck has agreed to open team sheets.\nverd1squo rejected open team sheets.\n|\n|t:|1788319441\n|teamsize|p1|4\n|teamsize|p2|4\n|start\n|switch|p1a: Dragonite|Dragonite, L50, M, shiny|100/100\n|switch|p1b: Sneasler|Sneasler, L50, M, shiny|100/100\n|switch|p2a: Metagross|Metagross, L50|100/100\n|switch|p2b: Garchomp|Garchomp, L50, F|100/100\n|turn|1\n|\n|t:|1788319456\n|detailschange|p1a: Dragonite|Dragonite-Mega, L50, M, shiny\n|-mega|p1a: Dragonite|Dragonite|Dragoninite\n|detailschange|p2a: Metagross|Metagross-Mega, L50\n|-mega|p2a: Metagross|Metagross|Metagrossite\n|move|p1b: Sneasler|Fake Out|p2a: Metagross\n|-resisted|p2a: Metagross|1\n|-damage|p2a: Metagross|94/100\n|move|p2b: Garchomp|Dragon Claw|p1a: Dragonite\n|-supereffective|p1a: Dragonite|1\n|-damage|p1a: Dragonite|50/100g\n|-damage|p2b: Garchomp|90/100|[from] item: Life Orb\n|cant|p2a: Metagross|flinch\n|move|p1a: Dragonite|Dragon Pulse|p2b: Garchomp\n|-supereffective|p2b: Garchomp|1\n|-damage|p2b: Garchomp|0 fnt\n|faint|p2b: Garchomp\n|\n|upkeep\n|\n|t:|1788319458\n|switch|p2b: Incineroar|Incineroar, L50, M|100/100\n|-ability|p2b: Incineroar|Intimidate|boost\n|-unboost|p1a: Dragonite|atk|1\n|-unboost|p1b: Sneasler|atk|1\n|turn|2\n|\n|t:|1788319477\n|move|p1a: Dragonite|Protect|p1a: Dragonite\n|-singleturn|p1a: Dragonite|Protect\n|move|p1b: Sneasler|Dire Claw|p2b: Incineroar\n|-damage|p2b: Incineroar|76/100\n|-status|p2b: Incineroar|slp\n|move|p2a: Metagross|Ice Punch|p1a: Dragonite\n|-activate|p1a: Dragonite|move: Protect\n|cant|p2b: Incineroar|slp\n|\n|upkeep\n|turn|3\n|\n|t:|1788319491\n|move|p1b: Sneasler|Close Combat|p2b: Incineroar\n|-supereffective|p2b: Incineroar|1\n|-damage|p2b: Incineroar|7/100 slp\n|-unboost|p1b: Sneasler|def|1\n|-unboost|p1b: Sneasler|spd|1\n|-enditem|p2b: Incineroar|Sitrus Berry|[eat]\n|-heal|p2b: Incineroar|32/100 slp|[from] item: Sitrus Berry\n|move|p2a: Metagross|Psychic Fangs|p1a: Dragonite\n|-damage|p1a: Dragonite|0 fnt\n|faint|p1a: Dragonite\n|-curestatus|p2b: Incineroar|slp|[msg]\n|move|p2b: Incineroar|Parting Shot|p1b: Sneasler\n|-unboost|p1b: Sneasler|atk|1\n|-unboost|p1b: Sneasler|spa|1\n|\n|t:|1788319492\n|switch|p2b: Whimsicott|Whimsicott, L50, F|100/100|[from] Parting Shot\n|\n|upkeep\n|\n|t:|1788319507\n|switch|p1a: Basculegion|Basculegion, L50, M, shiny|100/100\n|turn|4\n|\n|t:|1788319514\n|switch|p2b: Incineroar|Incineroar, L50, M|32/100\n|-ability|p2b: Incineroar|Intimidate|boost\n|-unboost|p1a: Basculegion|atk|1\n|-unboost|p1b: Sneasler|atk|1\n|move|p1b: Sneasler|Dire Claw|p2b: Incineroar\n|-damage|p2b: Incineroar|17/100\n|-status|p2b: Incineroar|par\n|move|p2a: Metagross|Psychic Fangs|p1b: Sneasler\n|-supereffective|p1b: Sneasler|2\n|-enditem|p1b: Sneasler|Focus Sash\n|-damage|p1b: Sneasler|1/100\n|move|p1a: Basculegion|Last Respects|p2a: Metagross\n|-supereffective|p2a: Metagross|1\n|-damage|p2a: Metagross|0 fnt\n|faint|p2a: Metagross\n|-damage|p1a: Basculegion|90/100|[from] item: Life Orb\n|\n|upkeep\n|\n|t:|1788319515\n|switch|p2a: Whimsicott|Whimsicott, L50, F|100/100\n|turn|5\n|\n|t:|1788319538\n|move|p1b: Sneasler|Dire Claw|p2a: Whimsicott\n|-supereffective|p2a: Whimsicott|2\n|-enditem|p2a: Whimsicott|Focus Sash\n|-damage|p2a: Whimsicott|1/100\n|move|p2a: Whimsicott|Moonblast|p1b: Sneasler\n|-damage|p1b: Sneasler|0 fnt\n|faint|p1b: Sneasler\n|move|p1a: Basculegion|Wave Crash|p2b: Incineroar\n|-supereffective|p2b: Incineroar|1\n|-damage|p2b: Incineroar|0 fnt\n|faint|p2b: Incineroar\n|-damage|p1a: Basculegion|84/100|[from] Recoil\n|-damage|p1a: Basculegion|74/100|[from] item: Life Orb\n|\n|upkeep\n|\n|t:|1788319551\n|switch|p1b: Kingambit|Kingambit, L50, M, shiny|100/100\n|-activate|p1b: Kingambit|ability: Supreme Overlord\n|-start|p1b: Kingambit|fallen2|[silent]\n|turn|6\n|\n|t:|1788319560\n|move|p2a: Whimsicott|Protect|p2a: Whimsicott\n|-singleturn|p2a: Whimsicott|Protect\n|move|p1a: Basculegion|Wave Crash|p2a: Whimsicott\n|-activate|p2a: Whimsicott|move: Protect\n|move|p1b: Kingambit|Iron Head|p2a: Whimsicott\n|-activate|p2a: Whimsicott|move: Protect\n|\n|upkeep\n|turn|7\n|\n|t:|1788319572\n|move|p2a: Whimsicott|Moonblast|p1a: Basculegion\n|-damage|p1a: Basculegion|40/100\n|move|p1a: Basculegion|Last Respects|p2a: Whimsicott\n|-crit|p2a: Whimsicott\n|-damage|p2a: Whimsicott|0 fnt\n|faint|p2a: Whimsicott\n|-damage|p1a: Basculegion|30/100|[from] item: Life Orb\n|\n|win|verd1squo\n|raw|verd1squo's rating: 1087 &rarr; <strong>1118</strong><br />(+31 for winning)\n|raw|HospitalityCheck's rating: 1140 &rarr; <strong>1111</strong><br />(-29 for losing)\n|l|☆HospitalityCheck\n|player|p2|\n","uploadtime":1788319581,"views":"4","formatid":"gen9championsvgc2026regmb","rating":1111,"private":0,"password":null}