{"id":"gen9championsvgc2026regmbbo3-2674043740","format":"[Gen 9 Champions] VGC 2026 Reg M-B (Bo3)","players":["ace.bnz","ambivalencecrimes"],"log":"|j|☆ace.bnz\n|j|‽ambivalencecrimes\n|html|<table width=\"100%\"><tr><td align=\"left\">ace.bnz</td><td align=\"right\">ambivalencecrimes</tr><tr><td align=\"left\"><i class=\"fa fa-circle-o\"></i> <i class=\"fa fa-circle-o\"></i> </td><td align=\"right\"><i class=\"fa fa-circle-o\"></i> <i class=\"fa fa-circle\"></i> </tr></table>\n|uhtml|bestof|<h2><strong>Game 2</strong> of <a href=\"/game-bestof3-gen9championsvgc2026regmbbo3-2674042362\">a best-of-3</a></h2>\n|t:|1788291844\n|gametype|doubles\n|player|p1|ace.bnz|benga|1209\n|player|p2|ambivalencecrimes|guitarist|1169\n|gen|9\n|tier|[Gen 9 Champions] VGC 2026 Reg M-B (Bo3)\n|rated|\n|rule|Species Clause: Limit one of each Pokémon\n|rule|Item Clause: Limit 1 of each item\n|clearpoke\n|poke|p1|Kingambit, L50, F|\n|poke|p1|Whimsicott, L50, M|\n|poke|p1|Garchomp, L50, M|\n|poke|p1|Charizard, L50, M|\n|poke|p1|Basculegion, L50, M|\n|poke|p1|Dragonite, L50, M|\n|poke|p2|Raichu, L50, M|\n|poke|p2|Ninetales-Alola, L50, M|\n|poke|p2|Arcanine-Hisui, L50, M|\n|poke|p2|Sinistcha, L50|\n|poke|p2|Ditto, L50|\n|poke|p2|Pikachu, L50, M|\n|teampreview|4\n|showteam|p1|Kingambit||ChopleBerry|Defiant|Protect,KowtowCleave,SuckerPunch,IronHead|Adamant||F|||50|]Whimsicott||FocusSash|Prankster|Protect,Moonblast,Encore,Tailwind|Timid||M|||50|]Garchomp||RoseliBerry|RoughSkin|RockTomb,PoisonJab,DragonClaw,Earthquake|Adamant||M|||50|]Charizard||CharizarditeY|SolarPower|Protect,WeatherBall,SolarBeam,HeatWave|Modest||M|||50|]Basculegion||SitrusBerry|Adaptability|Protect,WaveCrash,AquaJet,LastRespects|Adamant||M|||50|]Dragonite||Dragoninite|Multiscale|Protect,HeatWave,Thunderbolt,DragonPulse|Modest||M|||50|\n|showteam|p2|Raichu||RaichuniteY|LightningRod|FakeOut,ZapCannon,FocusBlast,Protect|Timid||M|||50|]Ninetales-Alola||NeverMeltIce|SnowWarning|Blizzard,AuroraVeil,Encore,IcyWind|Timid||M|||50|]Arcanine-Hisui||FocusSash|Intimidate|FlareBlitz,RockSlide,ExtremeSpeed,Protect|Jolly||M|||50|]Sinistcha||KasibBerry|Hospitality|MatchaGotcha,ShadowBall,RagePowder,Protect|Bold|||||50|]Ditto|||Limber|Transform|Timid|||||50|]Pikachu|||Static|FakeOut,AlluringVoice,Facade,Endeavor|Hasty||M|||50|\n|\n|t:|1788291886\n|teamsize|p1|4\n|teamsize|p2|4\n|start\n|switch|p1a: Charizard|Charizard, L50, M|100/100\n|switch|p1b: Whimsicott|Whimsicott, L50, M|100/100\n|switch|p2a: Raichu|Raichu, L50, M|100/100\n|switch|p2b: Ninetales|Ninetales-Alola, L50, M|100/100\n|-weather|Snowscape|[from] ability: Snow Warning|[of] p2b: Ninetales\n|turn|1\n|\n|t:|1788291923\n|switch|p2b: Arcanine|Arcanine-Hisui, L50, M|100/100\n|-ability|p2b: Arcanine|Intimidate|boost\n|-unboost|p1a: Charizard|atk|1\n|-unboost|p1b: Whimsicott|atk|1\n|detailschange|p2a: Raichu|Raichu-Mega-Y, L50, M\n|-mega|p2a: Raichu|Raichu|Raichunite Y\n|detailschange|p1a: Charizard|Charizard-Mega-Y, L50, M\n|-mega|p1a: Charizard|Charizard|Charizardite Y\n|-weather|SunnyDay|[from] ability: Drought|[of] p1a: Charizard\n|move|p2a: Raichu|Fake Out|p1a: Charizard\n|-damage|p1a: Charizard|90/100\n|move|p1b: Whimsicott|Tailwind|p1b: Whimsicott\n|-sidestart|p1: ace.bnz|move: Tailwind\n|cant|p1a: Charizard|flinch\n|\n|-weather|SunnyDay|[upkeep]\n|upkeep\n|turn|2\n|\n|t:|1788291950\n|switch|p1a: Garchomp|Garchomp, L50, M|100/100\n|move|p2a: Raichu|Protect|p2a: Raichu\n|-singleturn|p2a: Raichu|Protect\n|move|p1b: Whimsicott|Encore|p2a: Raichu\n|-activate|p2a: Raichu|move: Protect\n|move|p2b: Arcanine|Rock Slide|p1a: Garchomp|[spread] p1a,p1b\n|-resisted|p1a: Garchomp|1\n|-damage|p1a: Garchomp|88/100\n|-damage|p1b: Whimsicott|61/100\n|\n|-weather|SunnyDay|[upkeep]\n|upkeep\n|turn|3\n|\n|t:|1788291987\n|switch|p2a: Sinistcha|Sinistcha, L50|100/100\n|move|p1b: Whimsicott|Moonblast|p2b: Arcanine\n|-resisted|p2b: Arcanine|1\n|-damage|p2b: Arcanine|78/100\n|move|p1a: Garchomp|Earthquake|p2a: Sinistcha|[spread] p1b,p2a,p2b\n|-resisted|p1b: Whimsicott|1\n|-resisted|p2a: Sinistcha|1\n|-supereffective|p2b: Arcanine|2\n|-damage|p1b: Whimsicott|34/100\n|-damage|p2a: Sinistcha|86/100\n|-damage|p2b: Arcanine|0 fnt\n|faint|p2b: Arcanine\n|\n|-weather|SunnyDay|[upkeep]\n|upkeep\n|\n|t:|1788292009\n|switch|p2b: Ninetales|Ninetales-Alola, L50, M|100/100\n|-weather|Snowscape|[from] ability: Snow Warning|[of] p2b: Ninetales\n|turn|4\n|\n|t:|1788292064\n|switch|p2a: Raichu|Raichu-Mega-Y, L50, M|100/100\n|move|p1b: Whimsicott|Moonblast|p2a: Raichu\n|-damage|p2a: Raichu|50/100g\n|move|p1a: Garchomp|Poison Jab|p2b: Ninetales\n|-supereffective|p2b: Ninetales|1\n|-damage|p2b: Ninetales|36/100\n|-status|p2b: Ninetales|psn\n|move|p2b: Ninetales|Icy Wind|p1a: Garchomp|[spread] p1a,p1b\n|-supereffective|p1a: Garchomp|2\n|-supereffective|p1b: Whimsicott|1\n|-damage|p1a: Garchomp|6/100\n|-damage|p1b: Whimsicott|0 fnt\n|-unboost|p1a: Garchomp|spe|1\n|faint|p1b: Whimsicott\n|\n|-weather|Snowscape|[upkeep]\n|-damage|p2b: Ninetales|24/100 psn|[from] psn\n|-sideend|p1: ace.bnz|move: Tailwind\n|upkeep\n|\n|t:|1788292087\n|switch|p1b: Kingambit|Kingambit, L50, F|100/100\n|turn|5\n|\n|t:|1788292118\n|switch|p2a: Sinistcha|Sinistcha, L50|86/100\n|-heal|p2b: Ninetales|49/100 psn|[from] ability: Hospitality|[of] p2a: Sinistcha\n|move|p1b: Kingambit|Sucker Punch|p2b: Ninetales\n|-resisted|p2b: Ninetales|1\n|-damage|p2b: Ninetales|30/100 psn\n|move|p2b: Ninetales|Blizzard|p1b: Kingambit|[spread] p1a,p1b\n|-supereffective|p1a: Garchomp|2\n|-resisted|p1b: Kingambit|1\n|-damage|p1a: Garchomp|0 fnt\n|-damage|p1b: Kingambit|82/100\n|faint|p1a: Garchomp\n|\n|-weather|Snowscape|[upkeep]\n|-damage|p2b: Ninetales|18/100 psn|[from] psn\n|upkeep\n|\n|t:|1788292131\n|switch|p1a: Charizard|Charizard-Mega-Y, L50, M|90/100\n|-weather|SunnyDay|[from] ability: Drought|[of] p1a: Charizard\n|turn|6\n|\n|t:|1788292151\n|move|p2a: Sinistcha|Protect|p2a: Sinistcha\n|-singleturn|p2a: Sinistcha|Protect\n|move|p2b: Ninetales|Encore|p1b: Kingambit\n|-start|p1b: Kingambit|Encore\n|move|p1b: Kingambit|Sucker Punch||[still]\n|-fail|p1b: Kingambit\n|move|p1a: Charizard|Heat Wave|p2b: Ninetales|[spread] p2b\n|-activate|p2a: Sinistcha|move: Protect\n|-supereffective|p2b: Ninetales|1\n|-damage|p2b: Ninetales|0 fnt\n|faint|p2b: Ninetales\n|\n|-weather|SunnyDay|[upkeep]\n|upkeep\n|\n|t:|1788292163\n|switch|p2b: Raichu|Raichu-Mega-Y, L50, M|50/100g\n|turn|7\n|\n|t:|1788292181\n|move|p2a: Sinistcha|Rage Powder|p2a: Sinistcha\n|-singleturn|p2a: Sinistcha|move: Rage Powder\n|move|p1b: Kingambit|Sucker Punch||[still]\n|-fail|p1b: Kingambit\n|move|p2b: Raichu|Zap Cannon|p1a: Charizard\n|-supereffective|p1a: Charizard|1\n|-damage|p1a: Charizard|0 fnt\n|faint|p1a: Charizard\n|\n|-weather|SunnyDay|[upkeep]\n|upkeep\n|turn|8\n|\n|t:|1788292192\n|move|p2a: Sinistcha|Rage Powder|p2a: Sinistcha\n|-singleturn|p2a: Sinistcha|move: Rage Powder\n|move|p1b: Kingambit|Sucker Punch||[still]\n|-fail|p1b: Kingambit\n|move|p2b: Raichu|Focus Blast|p1b: Kingambit\n|-supereffective|p1b: Kingambit|2\n|-enditem|p1b: Kingambit|Chople Berry|[eat]\n|-enditem|p1b: Kingambit|Chople Berry|[weaken]\n|-damage|p1b: Kingambit|0 fnt\n|faint|p1b: Kingambit\n|\n|win|ambivalencecrimes\n|raw|ace.bnz's rating: 1209 &rarr; <strong>1181</strong><br />(-28 for losing)\n|raw|ambivalencecrimes's rating: 1169 &rarr; <strong>1197</strong><br />(+28 for winning)\n|l|‽ambivalencecrimes\n|player|p2|\n","uploadtime":1788292230,"views":"1","formatid":"gen9championsvgc2026regmbbo3","rating":1181,"private":0,"password":null}