{"id":"gen9championsvgc2026regmb-2674276029","format":"[Gen 9 Champions] VGC 2026 Reg M-B","players":["zedsssss","fenik122"],"log":"|j|☆zedsssss\n|j|☆fenik122\n|t:|1788329386\n|gametype|doubles\n|player|p1|zedsssss|juan|1145\n|player|p2|fenik122|101|1040\n|gen|9\n|tier|[Gen 9 Champions] VGC 2026 Reg M-B\n|rated|\n|rule|Species Clause: Limit one of each Pokémon\n|rule|Item Clause: Limit 1 of each item\n|clearpoke\n|poke|p1|Infernape, L50, F|\n|poke|p1|Delphox, L50, M|\n|poke|p1|Meowstic, L50, M|\n|poke|p1|Garchomp, L50, M|\n|poke|p1|Farigiraf, L50, F|\n|poke|p1|Mawile, L50, M|\n|poke|p2|Garganacl, L50, M|\n|poke|p2|Armarouge, L50, M|\n|poke|p2|Malamar, L50, F|\n|poke|p2|Vivillon-Modern, L50, F|\n|poke|p2|Luxray, L50, F|\n|poke|p2|Volcarona, L50, F|\n|teampreview|4\n|inactive|Battle timer is ON: inactive players will automatically lose when time's up. (requested by fenik122)\n|inactive|zedsssss has 60 seconds left.\n|\n|t:|1788329440\n|teamsize|p1|4\n|teamsize|p2|4\n|start\n|switch|p1a: Meowstic|Meowstic, L50, M|100/100\n|switch|p1b: Delphox|Delphox, L50, M|100/100\n|switch|p2a: Vivillon|Vivillon-Modern, L50, F|100/100\n|switch|p2b: Luxray|Luxray, L50, F|100/100\n|-ability|p2b: Luxray|Intimidate|boost\n|-unboost|p1a: Meowstic|atk|1\n|-unboost|p1b: Delphox|atk|1\n|turn|1\n|\n|t:|1788329461\n|detailschange|p1b: Delphox|Delphox-Mega, L50, M\n|-mega|p1b: Delphox|Delphox|Delphoxite\n|move|p1a: Meowstic|Fake Out|p2a: Vivillon\n|-damage|p2a: Vivillon|93/100\n|move|p1b: Delphox|Skill Swap|p2a: Vivillon\n|-activate|p1b: Delphox|Skill Swap|Friend Guard|Levitate|[of] p2a: Vivillon\n|cant|p2a: Vivillon|flinch\n|move|p2b: Luxray|Swagger|p1b: Delphox|[miss]\n|-miss|p2b: Luxray|p1b: Delphox\n|\n|upkeep\n|turn|2\n|\n|t:|1788329484\n|move|p1a: Meowstic|Psychic Terrain|p1a: Meowstic\n|-fieldstart|move: Psychic Terrain\n|move|p1b: Delphox|Expanding Force|p2b: Luxray|[spread] p2a,p2b\n|-damage|p2a: Vivillon|0 fnt\n|-damage|p2b: Luxray|11/100\n|faint|p2a: Vivillon\n|move|p2b: Luxray|Swagger|p1a: Meowstic|[miss]\n|-miss|p2b: Luxray|p1a: Meowstic\n|\n|upkeep\n|\n|t:|1788329491\n|switch|p2a: Armarouge|Armarouge, L50, M|100/100\n|turn|3\n|\n|t:|1788329501\n|move|p1b: Delphox|Expanding Force|p2a: Armarouge|[spread] p2a,p2b\n|-resisted|p2a: Armarouge|1\n|-damage|p2a: Armarouge|51/100\n|-damage|p2b: Luxray|0 fnt\n|faint|p2b: Luxray\n|move|p1a: Meowstic|Expanding Force|p2a: Armarouge\n|-resisted|p2a: Armarouge|1\n|-damage|p2a: Armarouge|15/100\n|-enditem|p2a: Armarouge|Sitrus Berry|[eat]\n|-heal|p2a: Armarouge|40/100|[from] item: Sitrus Berry\n|move|p2a: Armarouge|Expanding Force|p1a: Meowstic|[spread] p1a,p1b\n|-resisted|p1a: Meowstic|1\n|-resisted|p1b: Delphox|1\n|-damage|p1a: Meowstic|78/100\n|-damage|p1b: Delphox|71/100\n|\n|upkeep\n|\n|t:|1788329504\n|switch|p2b: Malamar|Malamar, L50, F|100/100\n|turn|4\n|\n|t:|1788329519\n|switch|p1a: Garchomp|Garchomp, L50, M|100/100\n|detailschange|p2b: Malamar|Malamar-Mega, L50, F\n|-mega|p2b: Malamar|Malamar|Malamarite\n|move|p1b: Delphox|Heat Wave|p2b: Malamar|[spread] p2a,p2b\n|-resisted|p2a: Armarouge|1\n|-damage|p2a: Armarouge|13/100\n|-damage|p2b: Malamar|66/100\n|move|p2b: Malamar|Lash Out|p1b: Delphox\n|-supereffective|p1b: Delphox|1\n|-damage|p1b: Delphox|0 fnt\n|faint|p1b: Delphox\n|move|p2a: Armarouge|Expanding Force|p1a: Garchomp\n|-damage|p1a: Garchomp|12/100\n|\n|upkeep\n|\n|t:|1788329530\n|switch|p1b: Infernape|Infernape, L50, F|100/100\n|turn|5\n|\n|t:|1788329549\n|move|p1b: Infernape|Endeavor|p2b: Malamar\n|-immune|p2b: Malamar\n|move|p1a: Garchomp|Earthquake|p2b: Malamar|[spread] p1b,p2a,p2b\n|-supereffective|p1b: Infernape|1\n|-supereffective|p2a: Armarouge|1\n|-enditem|p1b: Infernape|Focus Sash\n|-damage|p1b: Infernape|1/100\n|-damage|p2a: Armarouge|0 fnt\n|-damage|p2b: Malamar|27/100\n|faint|p2a: Armarouge\n|-damage|p1a: Garchomp|2/100|[from] item: Life Orb\n|move|p2b: Malamar|Lash Out|p1a: Garchomp\n|-damage|p1a: Garchomp|0 fnt\n|-damage|p2b: Malamar|15/100|[from] ability: Rough Skin|[of] p1a: Garchomp\n|faint|p1a: Garchomp\n|\n|upkeep\n|\n|t:|1788329557\n|switch|p1a: Meowstic|Meowstic, L50, M|78/100\n|turn|6\n|\n|t:|1788329581\n|move|p1b: Infernape|Endeavor|p2b: Malamar\n|-damage|p2b: Malamar|1/100\n|move|p1a: Meowstic|Expanding Force|p2b: Malamar\n|-immune|p2b: Malamar\n|move|p2b: Malamar|Lash Out|p1a: Meowstic\n|-supereffective|p1a: Meowstic|1\n|-enditem|p1a: Meowstic|Colbur Berry|[eat]\n|-enditem|p1a: Meowstic|Colbur Berry|[weaken]\n|-damage|p1a: Meowstic|46/100\n|\n|-fieldend|move: Psychic Terrain\n|upkeep\n|turn|7\n|\n|t:|1788329592\n|move|p1b: Infernape|Mach Punch|p2b: Malamar\n|-damage|p2b: Malamar|0 fnt\n|faint|p2b: Malamar\n|\n|win|zedsssss\n|raw|zedsssss's rating: 1145 &rarr; <strong>1163</strong><br />(+18 for winning)\n|raw|fenik122's rating: 1040 &rarr; <strong>1029</strong><br />(-11 for losing)\n|l|☆fenik122\n|player|p2|\n|l|☆zedsssss\n|player|p1|\n|j|☆zedsssss\n|player|p1|zedsssss|juan|\n","uploadtime":1788329632,"views":"9","formatid":"gen9championsvgc2026regmb","rating":1029,"private":0,"password":null}