{"id":"gen9championsvgc2026regmbbo3-2674603881","format":"[Gen 9 Champions] VGC 2026 Reg M-B (Bo3)","players":["OreXis945","Jim9174"],"log":"|j|☆OreXis945\n|j|☆Jim9174\n|html|<table width=\"100%\"><tr><td align=\"left\">OreXis945</td><td align=\"right\">Jim9174</tr><tr><td align=\"left\"><i class=\"fa fa-circle-o\"></i> <i class=\"fa fa-circle-o\"></i> </td><td align=\"right\"><i class=\"fa fa-circle-o\"></i> <i class=\"fa fa-circle-o\"></i> </tr></table>\n|uhtml|bestof|<h2><strong>Game 1</strong> of <a href=\"/game-bestof3-gen9championsvgc2026regmbbo3-2674603880\">a best-of-3</a></h2>\n|t:|1788379176\n|gametype|doubles\n|player|p1|OreXis945|266|\n|player|p2|Jim9174|benga|\n|gen|9\n|tier|[Gen 9 Champions] VGC 2026 Reg M-B (Bo3)\n|rule|Species Clause: Limit one of each Pokémon\n|rule|Item Clause: Limit 1 of each item\n|clearpoke\n|poke|p1|Aerodactyl, L50, F, shiny|\n|poke|p1|Dragonite, L50, M, shiny|\n|poke|p1|Sneasler, L50, M, shiny|\n|poke|p1|Basculegion, L50, M, shiny|\n|poke|p1|Sylveon, L50, F, shiny|\n|poke|p1|Kingambit, L50, M, shiny|\n|poke|p2|Gengar, L50, M|\n|poke|p2|Sylveon, L50, F|\n|poke|p2|Tsareena, L50, F|\n|poke|p2|Incineroar, L50, F|\n|poke|p2|Azumarill, L50, F|\n|poke|p2|Garchomp, L50, F|\n|teampreview|4\n|showteam|p1|Aerodactyl||Aerodactylite|Unnerve|RockSlide,DualWingbeat,Protect,Tailwind|Jolly||F|||50|]Dragonite||Dragoninite|Multiscale|DragonPulse,HeatWave,ExtremeSpeed,Protect|Modest||M|||50|]Sneasler||FocusSash|PoisonTouch|FakeOut,CloseCombat,DireClaw,Coaching|Jolly||M|||50|]Basculegion||MysticWater|Adaptability|WaveCrash,LastRespects,AquaJet,Protect|Adamant||M|||50|]Sylveon||FairyFeather|Pixilate|HyperVoice,HyperBeam,QuickAttack,Detect|Modest||F|||50|]Kingambit||ChopleBerry|Defiant|KowtowCleave,IronHead,SuckerPunch,LowKick|Adamant||M|||50|\n|showteam|p2|Gengar||Gengarite|CursedBody|ShadowBall,PerishSong,Disable,Protect|Timid||M|||50|]Sylveon||FairyFeather|Pixilate|HyperVoice,HyperBeam,Yawn,Protect|Modest||F|||50|]Tsareena||WideLens|QueenlyMajesty|PowerWhip,TripleAxel,HighJumpKick,Protect|Adamant||F|||50|]Incineroar||SitrusBerry|Intimidate|FakeOut,FlareBlitz,Protect,PartingShot|Careful||F|||50|]Azumarill||KebiaBerry|SapSipper|Whirlpool,PerishSong,Encore,Protect|Bold||F|||50|]Garchomp||LifeOrb|RoughSkin|StompingTantrum,DragonClaw,RockSlide,Protect|Jolly||F|||50|\n|j| cynthia's grippers\n|n| Hax musumeci|cynthiasgrippers\n|c| Hax musumeci|make him pay Jim!\n|j| cillianvgc\n|j| TheRealEmilyRose\n|\n|t:|1788379337\n|teamsize|p1|4\n|teamsize|p2|4\n|start\n|switch|p1a: Aerodactyl|Aerodactyl, L50, F, shiny|100/100\n|switch|p1b: Basculegion|Basculegion, L50, M, shiny|100/100\n|switch|p2a: Gengar|Gengar, L50, M|100/100\n|switch|p2b: Incineroar|Incineroar, L50, F|100/100\n|-ability|p1a: Aerodactyl|Unnerve\n|-ability|p2b: Incineroar|Intimidate|boost\n|-unboost|p1a: Aerodactyl|atk|1\n|-unboost|p1b: Basculegion|atk|1\n|turn|1\n|c|☆OreXis945|legendary name\n|\n|t:|1788379392\n|switch|p2b: Azumarill|Azumarill, L50, F|100/100\n|detailschange|p2a: Gengar|Gengar-Mega, L50, M\n|-mega|p2a: Gengar|Gengar|Gengarite\n|move|p1a: Aerodactyl|Protect|p1a: Aerodactyl\n|-singleturn|p1a: Aerodactyl|Protect\n|move|p1b: Basculegion|Protect|p1b: Basculegion\n|-singleturn|p1b: Basculegion|Protect\n|move|p2a: Gengar|Perish Song|p2a: Gengar\n|-start|p1a: Aerodactyl|perish3|[silent]\n|-start|p1b: Basculegion|perish3|[silent]\n|-start|p2a: Gengar|perish3|[silent]\n|-start|p2b: Azumarill|perish3|[silent]\n|-fieldactivate|move: Perish Song\n|\n|-start|p2a: Gengar|perish3\n|-start|p1a: Aerodactyl|perish3\n|-start|p1b: Basculegion|perish3\n|-start|p2b: Azumarill|perish3\n|upkeep\n|turn|2\n|\n|t:|1788379419\n|switch|p2b: Incineroar|Incineroar, L50, F|100/100\n|-ability|p2b: Incineroar|Intimidate|boost\n|-unboost|p1a: Aerodactyl|atk|1\n|-unboost|p1b: Basculegion|atk|1\n|detailschange|p1a: Aerodactyl|Aerodactyl-Mega, L50, F, shiny\n|-mega|p1a: Aerodactyl|Aerodactyl|Aerodactylite\n|move|p2a: Gengar|Protect|p2a: Gengar\n|-singleturn|p2a: Gengar|Protect\n|move|p1a: Aerodactyl|Tailwind|p1a: Aerodactyl\n|-sidestart|p1: OreXis945|move: Tailwind\n|move|p1b: Basculegion|Wave Crash|p2a: Gengar\n|-activate|p2a: Gengar|move: Protect\n|\n|-start|p1a: Aerodactyl|perish2\n|-start|p1b: Basculegion|perish2\n|-start|p2a: Gengar|perish2\n|upkeep\n|turn|3\n|\n|t:|1788379445\n|switch|p1b: Kingambit|Kingambit, L50, M, shiny|100/100\n|switch|p2a: Azumarill|Azumarill, L50, F|100/100\n|move|p1a: Aerodactyl|Rock Slide|p2a: Azumarill|[spread] p2b\n|-miss|p1a: Aerodactyl|p2a: Azumarill\n|-supereffective|p2b: Incineroar|1\n|-damage|p2b: Incineroar|76/100\n|move|p2b: Incineroar|Parting Shot|p1b: Kingambit\n|-unboost|p1b: Kingambit|atk|1\n|-ability|p1b: Kingambit|Defiant|boost\n|-boost|p1b: Kingambit|atk|2\n|-unboost|p1b: Kingambit|spa|1\n|-ability|p1b: Kingambit|Defiant|boost\n|-boost|p1b: Kingambit|atk|2\n|\n|t:|1788379471\n|switch|p2b: Gengar|Gengar-Mega, L50, M|100/100|[from] Parting Shot\n|\n|-start|p1a: Aerodactyl|perish1\n|upkeep\n|turn|4\n|\n|t:|1788379500\n|move|p2b: Gengar|Protect|p2b: Gengar\n|-singleturn|p2b: Gengar|Protect\n|move|p1a: Aerodactyl|Rock Slide|p2b: Gengar|[spread] p2a\n|-activate|p2b: Gengar|move: Protect\n|-damage|p2a: Azumarill|89/100\n|move|p1b: Kingambit|Kowtow Cleave|p2b: Gengar\n|-activate|p2b: Gengar|move: Protect\n|cant|p2a: Azumarill|flinch\n|\n|-start|p1a: Aerodactyl|perish0\n|faint|p1a: Aerodactyl\n|upkeep\n|\n|t:|1788379510\n|switch|p1a: Sneasler|Sneasler, L50, M, shiny|100/100\n|turn|5\n|\n|t:|1788379596\n|move|p1a: Sneasler|Dire Claw|p2a: Azumarill\n|-supereffective|p2a: Azumarill|1\n|-enditem|p2a: Azumarill|Kebia Berry|[eat]\n|-enditem|p2a: Azumarill|Kebia Berry|[weaken]\n|-damage|p2a: Azumarill|57/100\n|-status|p2a: Azumarill|par\n|move|p2b: Gengar|Perish Song|p2b: Gengar\n|-start|p1a: Sneasler|perish3|[silent]\n|-start|p1b: Kingambit|perish3|[silent]\n|-start|p2a: Azumarill|perish3|[silent]\n|-start|p2b: Gengar|perish3|[silent]\n|-fieldactivate|move: Perish Song\n|move|p1b: Kingambit|Iron Head|p2b: Gengar\n|-damage|p2b: Gengar|0 fnt\n|faint|p2b: Gengar\n|move|p2a: Azumarill|Encore|p1b: Kingambit\n|-start|p1b: Kingambit|Encore\n|\n|-start|p1a: Sneasler|perish3\n|-start|p1b: Kingambit|perish3\n|-start|p2a: Azumarill|perish3\n|-sideend|p1: OreXis945|move: Tailwind\n|upkeep\n|\n|t:|1788379640\n|switch|p2b: Incineroar|Incineroar, L50, F|76/100\n|-ability|p2b: Incineroar|Intimidate|boost\n|-unboost|p1a: Sneasler|atk|1\n|-unboost|p1b: Kingambit|atk|1\n|-ability|p1b: Kingambit|Defiant|boost\n|-boost|p1b: Kingambit|atk|2\n|turn|6\n|c|☆OreXis945|hax musumeci...\n|c| Hax musumeci|strikes again\n|\n|t:|1788379686\n|switch|p1b: Basculegion|Basculegion, L50, M, shiny|100/100\n|move|p2b: Incineroar|Fake Out|p1b: Basculegion\n|-immune|p1b: Basculegion\n|move|p1a: Sneasler|Close Combat|p2b: Incineroar\n|-supereffective|p2b: Incineroar|1\n|-damage|p2b: Incineroar|1/100\n|-unboost|p1a: Sneasler|def|1\n|-unboost|p1a: Sneasler|spd|1\n|-enditem|p2b: Incineroar|Sitrus Berry|[eat]\n|-heal|p2b: Incineroar|26/100|[from] item: Sitrus Berry\n|move|p2a: Azumarill|Whirlpool|p1b: Basculegion\n|-resisted|p1b: Basculegion|1\n|-damage|p1b: Basculegion|95/100\n|-activate|p1b: Basculegion|move: Whirlpool|[of] p2a: Azumarill\n|\n|-damage|p1b: Basculegion|83/100|[from] move: Whirlpool|[partiallytrapped]\n|-start|p1a: Sneasler|perish2\n|-start|p2a: Azumarill|perish2\n|upkeep\n|turn|7\n|c| Hax musumeci|take away the rng how good is max really?\n|c|☆OreXis945|makes you think\n|\n|t:|1788379726\n|cant|p2a: Azumarill|par\n|move|p1a: Sneasler|Close Combat|p2b: Incineroar\n|-supereffective|p2b: Incineroar|1\n|-damage|p2b: Incineroar|0 fnt\n|-unboost|p1a: Sneasler|def|1\n|-unboost|p1a: Sneasler|spd|1\n|faint|p2b: Incineroar\n|move|p1b: Basculegion|Last Respects|p2a: Azumarill\n|-damage|p2a: Azumarill|4/100 par\n|\n|-damage|p1b: Basculegion|71/100|[from] move: Whirlpool|[partiallytrapped]\n|-start|p1a: Sneasler|perish1\n|-start|p2a: Azumarill|perish1\n|upkeep\n|\n|t:|1788379731\n|switch|p2b: Tsareena|Tsareena, L50, F|100/100\n|turn|8\n|\n|t:|1788379776\n|switch|p1a: Kingambit|Kingambit, L50, M, shiny|100/100\n|move|p2b: Tsareena|Power Whip|p1b: Basculegion\n|-supereffective|p1b: Basculegion|1\n|-damage|p1b: Basculegion|0 fnt\n|faint|p1b: Basculegion\n|move|p2a: Azumarill|Perish Song|p2a: Azumarill\n|-start|p1a: Kingambit|perish3|[silent]\n|-start|p2b: Tsareena|perish3|[silent]\n|-fieldactivate|move: Perish Song\n|\n|-start|p2b: Tsareena|perish3\n|-start|p1a: Kingambit|perish3\n|-start|p2a: Azumarill|perish0\n|upkeep\n|faint|p2a: Azumarill\n|\n|t:|1788379783\n|switch|p1b: Sneasler|Sneasler, L50, M, shiny|100/100\n|turn|9\n|\n|t:|1788379789\n|move|p1b: Sneasler|Dire Claw|p2b: Tsareena\n|-supereffective|p2b: Tsareena|1\n|-crit|p2b: Tsareena\n|-damage|p2b: Tsareena|0 fnt\n|faint|p2b: Tsareena\n|\n|win|OreXis945\n||OreXis945 is ready for game 2.\n||Jim9174 is ready for game 2.\n|uhtml|next|Next: <a href=\"/battle-gen9championsvgc2026regmbbo3-2674608917\"><strong>Game 2 of 3</strong></a>\n|c| Hax musumeci|WOW\n|j| challengeie\n|l| TheRealEmilyRose\n|l| cillianvgc\n","uploadtime":1788380103,"views":"34","formatid":"gen9championsvgc2026regmbbo3","rating":null,"private":0,"password":null}