{"id":"gen9championsvgc2026regmbbo3-2673392209","format":"[Gen 9 Champions] VGC 2026 Reg M-B (Bo3)","players":["Avalanche766","joguisolo"],"log":"|j|☆Avalanche766\n|j|☆joguisolo\n|html|<table width=\"100%\"><tr><td align=\"left\">Avalanche766</td><td align=\"right\">joguisolo</tr><tr><td align=\"left\"><i class=\"fa fa-circle\"></i> <i class=\"fa fa-circle-o\"></i> </td><td align=\"right\"><i class=\"fa fa-circle-o\"></i> <i class=\"fa fa-circle-o\"></i> </tr></table>\n|uhtml|bestof|<h2><strong>Game 2</strong> of <a href=\"/game-bestof3-gen9championsvgc2026regmbbo3-2673389352\">a best-of-3</a></h2>\n|t:|1788192207\n|gametype|doubles\n|player|p1|Avalanche766|petrel|\n|player|p2|joguisolo|dragontamer|\n|gen|9\n|tier|[Gen 9 Champions] VGC 2026 Reg M-B (Bo3)\n|rule|Species Clause: Limit one of each Pokémon\n|rule|Item Clause: Limit 1 of each item\n|clearpoke\n|poke|p1|Staraptor, L50, M|\n|poke|p1|Gholdengo, L50|\n|poke|p1|Torkoal, L50, F|\n|poke|p1|Corviknight, L50, F, shiny|\n|poke|p1|Excadrill, L50, F|\n|poke|p1|Mimikyu, L50, F|\n|poke|p2|Gardevoir, L50, M|\n|poke|p2|Gallade, L50, M|\n|poke|p2|Armarouge, L50, F|\n|poke|p2|Primarina, L50, F|\n|poke|p2|Meowstic, L50, M|\n|poke|p2|Rhyperior, L50, F|\n|teampreview|4\n|showteam|p1|Staraptor||Staraptite|Intimidate|CloseCombat,BraveBird,Protect,Roost|Jolly||M|||50|]Gholdengo||LifeOrb|GoodasGold|MakeItRain,ShadowBall,DazzlingGleam,Protect|Modest|||||50|]Torkoal||Charcoal|Drought|Eruption,HeatWave,EarthPower,Protect|Quiet||F|||50|]Corviknight||Leftovers|Pressure|Tailwind,Roost,BodyPress,Taunt|Impish||F|||50|]Excadrill||FocusSash|MoldBreaker|Earthquake,IronHead,RockSlide,Protect|Adamant||F|||50|]Mimikyu||MentalHerb|Disguise|TrickRoom,ShadowSneak,PlayRough,WillOWisp|Brave||F|||50|\n|showteam|p2|Gardevoir||Gardevoirite|Trace|HyperVoice,ShadowBall,TrickRoom,Protect|Timid||M|||50|]Gallade||SitrusBerry|Sharpness|SacredSword,PsychoCut,WideGuard,Protect|Adamant||M|||50|]Armarouge||FocusSash|FlashFire|ArmorCannon,Psychic,WideGuard,TrickRoom|Quiet||F|||50|]Primarina||MysticWater|LiquidVoice|HyperVoice,Moonblast,IceBeam,Protect|Quiet||F|||50|]Meowstic||LightClay|Prankster|Reflect,LightScreen,HelpingHand,FakeOut|Calm||M|||50|]Rhyperior||ExpertBelt|SolidRock|HighHorsepower,RockSlide,HeavySlam,Protect|Brave||F|||50|\n|j| EGG_dude\n|j| PorygonTheBot\n|c| PorygonTheBot|You got this!\n|\n|t:|1788192231\n|teamsize|p1|4\n|teamsize|p2|4\n|start\n|switch|p1a: Mimikyu|Mimikyu, L50, F|100/100\n|switch|p1b: Excadrill|Excadrill, L50, F|100/100\n|switch|p2a: Gaby Gaby|Meowstic, L50, M|100/100\n|switch|p2b: Neto Bran|Armarouge, L50, F|100/100\n|-ability|p1b: Excadrill|Mold Breaker\n|turn|1\n|\n|t:|1788192276\n|move|p1b: Excadrill|Protect|p1b: Excadrill\n|-singleturn|p1b: Excadrill|Protect\n|move|p2a: Gaby Gaby|Fake Out|p1b: Excadrill\n|-activate|p1b: Excadrill|move: Protect\n|move|p1a: Mimikyu|Shadow Sneak|p2b: Neto Bran\n|-supereffective|p2b: Neto Bran|1\n|-damage|p2b: Neto Bran|64/100\n|move|p2b: Neto Bran|Armor Cannon|p1b: Excadrill\n|-activate|p1b: Excadrill|move: Protect\n|\n|upkeep\n|turn|2\n|\n|t:|1788192304\n|move|p2a: Gaby Gaby|Reflect|p2a: Gaby Gaby\n|-sidestart|p2: joguisolo|Reflect\n|move|p1a: Mimikyu|Shadow Sneak|p2b: Neto Bran\n|-supereffective|p2b: Neto Bran|1\n|-damage|p2b: Neto Bran|41/100\n|move|p1b: Excadrill|Rock Slide|p2b: Neto Bran|[spread] p2a\n|-miss|p1b: Excadrill|p2b: Neto Bran\n|-damage|p2a: Gaby Gaby|85/100\n|move|p2b: Neto Bran|Armor Cannon|p1b: Excadrill\n|-supereffective|p1b: Excadrill|1\n|-enditem|p1b: Excadrill|Focus Sash\n|-damage|p1b: Excadrill|1/100\n|-unboost|p2b: Neto Bran|def|1\n|-unboost|p2b: Neto Bran|spd|1\n|\n|upkeep\n|turn|3\n|\n|t:|1788192354\n|switch|p2b: Esme La Chapina|Primarina, L50, F|100/100\n|move|p1b: Excadrill|Protect|p1b: Excadrill\n|-singleturn|p1b: Excadrill|Protect\n|move|p2a: Gaby Gaby|Light Screen|p2a: Gaby Gaby\n|-sidestart|p2: joguisolo|move: Light Screen\n|move|p1a: Mimikyu|Shadow Sneak|p2b: Esme La Chapina\n|-damage|p2b: Esme La Chapina|86/100\n|\n|upkeep\n|turn|4\n|\n|t:|1788192378\n|move|p2a: Gaby Gaby|Helping Hand|p2b: Esme La Chapina\n|-singleturn|p2b: Esme La Chapina|Helping Hand|[of] p2a: Gaby Gaby\n|move|p1a: Mimikyu|Shadow Sneak|p2a: Gaby Gaby\n|-supereffective|p2a: Gaby Gaby|1\n|-damage|p2a: Gaby Gaby|58/100\n|move|p1b: Excadrill|Rock Slide|p2b: Esme La Chapina|[spread] p2a,p2b\n|-damage|p2a: Gaby Gaby|43/100\n|-damage|p2b: Esme La Chapina|68/100\n|cant|p2b: Esme La Chapina|flinch\n|\n|upkeep\n|turn|5\n|\n|t:|1788192404\n|move|p2a: Gaby Gaby|Helping Hand|p2b: Esme La Chapina\n|-singleturn|p2b: Esme La Chapina|Helping Hand|[of] p2a: Gaby Gaby\n|move|p1a: Mimikyu|Shadow Sneak|p2a: Gaby Gaby\n|-supereffective|p2a: Gaby Gaby|1\n|-damage|p2a: Gaby Gaby|18/100\n|move|p1b: Excadrill|Rock Slide|p2a: Gaby Gaby|[spread] p2a,p2b\n|-damage|p2a: Gaby Gaby|1/100\n|-damage|p2b: Esme La Chapina|50/100g\n|move|p2b: Esme La Chapina|Hyper Voice|p1b: Excadrill|[spread] p1a,p1b\n|-supereffective|p1b: Excadrill|1\n|-activate|p1a: Mimikyu|ability: Disguise\n|-damage|p1a: Mimikyu|100/100\n|-damage|p1b: Excadrill|0 fnt\n|detailschange|p1a: Mimikyu|Mimikyu-Busted, L50, F\n|-damage|p1a: Mimikyu|87/100|[from] pokemon: Mimikyu-Busted\n|faint|p1b: Excadrill\n|\n|upkeep\n|\n|t:|1788192421\n|switch|p1b: Gholdengo|Gholdengo, L50|100/100\n|turn|6\n|\n|t:|1788192448\n|move|p2a: Gaby Gaby|Helping Hand|p2b: Esme La Chapina\n|-singleturn|p2b: Esme La Chapina|Helping Hand|[of] p2a: Gaby Gaby\n|move|p1a: Mimikyu|Shadow Sneak|p2a: Gaby Gaby\n|-supereffective|p2a: Gaby Gaby|1\n|-damage|p2a: Gaby Gaby|0 fnt\n|faint|p2a: Gaby Gaby\n|move|p1b: Gholdengo|Shadow Ball|p2b: Esme La Chapina\n|-damage|p2b: Esme La Chapina|17/100\n|-damage|p1b: Gholdengo|90/100|[from] item: Life Orb\n|move|p2b: Esme La Chapina|Hyper Voice|p1a: Mimikyu|[spread] p1a,p1b\n|-damage|p1a: Mimikyu|22/100\n|-damage|p1b: Gholdengo|3/100\n|\n|upkeep\n|\n|t:|1788192487\n|switch|p2a: Peter Veliz|Gallade, L50, M|100/100\n|turn|7\n|\n|t:|1788192497\n|move|p2b: Esme La Chapina|Protect|p2b: Esme La Chapina\n|-singleturn|p2b: Esme La Chapina|Protect\n|move|p1b: Gholdengo|Make It Rain|p2a: Peter Veliz|[spread] p2a\n|-activate|p2b: Esme La Chapina|move: Protect\n|-damage|p2a: Peter Veliz|60/100\n|-unboost|p1b: Gholdengo|spa|2\n|-damage|p1b: Gholdengo|0 fnt|[from] item: Life Orb\n|faint|p1b: Gholdengo\n|move|p1a: Mimikyu|Play Rough|p2a: Peter Veliz\n|-supereffective|p2a: Peter Veliz|1\n|-damage|p2a: Peter Veliz|0 fnt\n|faint|p2a: Peter Veliz\n|\n|upkeep\n|\n|t:|1788192513\n|switch|p1b: Staraptor|Staraptor, L50, M|100/100\n|switch|p2a: Neto Bran|Armarouge, L50, F|41/100\n|-ability|p1b: Staraptor|Intimidate|boost\n|-unboost|p2a: Neto Bran|atk|1\n|-unboost|p2b: Esme La Chapina|atk|1\n|turn|8\n|\n|t:|1788192548\n|move|p1b: Staraptor|Protect|p1b: Staraptor\n|-singleturn|p1b: Staraptor|Protect\n|move|p1a: Mimikyu|Shadow Sneak|p2b: Esme La Chapina\n|-damage|p2b: Esme La Chapina|3/100\n|move|p2a: Neto Bran|Psychic|p1a: Mimikyu\n|-damage|p1a: Mimikyu|0 fnt\n|faint|p1a: Mimikyu\n|move|p2b: Esme La Chapina|Hyper Voice|p1b: Staraptor\n|-activate|p1b: Staraptor|move: Protect\n|\n|upkeep\n|turn|9\n|\n|t:|1788192593\n|move|p1b: Staraptor|Brave Bird|p2b: Esme La Chapina\n|-damage|p2b: Esme La Chapina|0 fnt\n|faint|p2b: Esme La Chapina\n|-damage|p1b: Staraptor|98/100|[from] Recoil\n|move|p2a: Neto Bran|Psychic|p1b: Staraptor\n|-damage|p1b: Staraptor|14/100\n|\n|-sideend|p2: joguisolo|Reflect\n|upkeep\n|turn|10\n|\n|t:|1788192623\n|detailschange|p1b: Staraptor|Staraptor-Mega, L50, M\n|-mega|p1b: Staraptor|Staraptor|Staraptite\n|move|p1b: Staraptor|Close Combat|p2a: Neto Bran\n|-resisted|p2a: Neto Bran|1\n|-damage|p2a: Neto Bran|9/100\n|-boost|p1b: Staraptor|def|1\n|-boost|p1b: Staraptor|spd|1\n|move|p2a: Neto Bran|Psychic|p1b: Staraptor\n|-supereffective|p1b: Staraptor|1\n|-damage|p1b: Staraptor|0 fnt\n|faint|p1b: Staraptor\n|\n|win|joguisolo\n","uploadtime":1788192623,"views":"1","formatid":"gen9championsvgc2026regmbbo3","rating":null,"private":0,"password":null}