{"id":"gen9championsvgc2026regmbbo3-2674571409","format":"[Gen 9 Champions] VGC 2026 Reg M-B (Bo3)","players":["fvevfvfv","hugoggg"],"log":"|j|☆fvevfvfv\n|j|☆hugoggg\n|html|<table width=\"100%\"><tr><td align=\"left\">fvevfvfv</td><td align=\"right\">hugoggg</tr><tr><td align=\"left\"><i class=\"fa fa-circle-o\"></i> <i class=\"fa fa-circle-o\"></i> </td><td align=\"right\"><i class=\"fa fa-circle-o\"></i> <i class=\"fa fa-circle-o\"></i> </tr></table>\n|uhtml|bestof|<h2><strong>Game 1</strong> of <a href=\"/game-bestof3-gen9championsvgc2026regmbbo3-2674571408\">a best-of-3</a></h2>\n|t:|1788375286\n|gametype|doubles\n|player|p1|fvevfvfv|265|\n|player|p2|hugoggg|102|\n|gen|9\n|tier|[Gen 9 Champions] VGC 2026 Reg M-B (Bo3)\n|rule|Species Clause: Limit one of each Pokémon\n|rule|Item Clause: Limit 1 of each item\n|clearpoke\n|poke|p1|Charizard, L50, F, shiny|\n|poke|p1|Whimsicott, L50, M, shiny|\n|poke|p1|Garchomp, L50, F, shiny|\n|poke|p1|Floette-Eternal, L50, F|\n|poke|p1|Basculegion, L50, M, shiny|\n|poke|p1|Kingambit, L50, F, shiny|\n|poke|p2|Froslass, L50, F|\n|poke|p2|Dragonite, L50, F, shiny|\n|poke|p2|Sneasler, L50, F|\n|poke|p2|Arcanine-Hisui, L50, M|\n|poke|p2|Gholdengo, L50|\n|poke|p2|Kingambit, L50, M|\n|teampreview|4\n|showteam|p1|Charizard||CharizarditeY|Blaze|HeatWave,WeatherBall,AncientPower,Protect|Timid||F|||50|]Whimsicott||FocusSash|Prankster|Moonblast,Tailwind,Encore,Protect|Timid||M|||50|]Garchomp||SitrusBerry|RoughSkin|DragonClaw,Earthquake,RockSlide,Protect|Jolly||F|||50|]Floette-Eternal||Floettite|FlowerVeil|Moonblast,DazzlingGleam,LightofRuin,Protect|Modest||F|||50|]Basculegion||LifeOrb|Adaptability|WaveCrash,LastRespects,AquaJet,Protect|Adamant||M|||50|]Kingambit||OccaBerry|Defiant|KowtowCleave,SuckerPunch,IronHead,LowKick|Adamant||F|||50|\n|showteam|p2|Froslass||Froslassite|CursedBody|Blizzard,ShadowBall,AuroraVeil,Protect|Modest||F|||50|]Dragonite||Dragoninite|InnerFocus|DragonPulse,Flamethrower,Tailwind,Protect|Modest||F|||50|]Sneasler||WhiteHerb|Unburden|CloseCombat,GunkShot,FakeOut,Protect|Adamant||F|||50|]Arcanine-Hisui||FocusSash|RockHead|HeadSmash,FlareBlitz,ExtremeSpeed,Protect|Adamant||M|||50|]Gholdengo||ChoiceScarf|GoodasGold|MakeItRain,ShadowBall,Thunderbolt,Trick|Modest|||||50|]Kingambit||LifeOrb|Defiant|KowtowCleave,SuckerPunch,SwordsDance,Protect|Adamant||M|||50|\n|c|☆hugoggg|glhf!\n|\n|t:|1788375349\n|teamsize|p1|4\n|teamsize|p2|4\n|start\n|switch|p1a: Whimsicott|Whimsicott, L50, M, shiny|100/100\n|switch|p1b: Basculegion|Basculegion, L50, M, shiny|100/100\n|switch|p2a: Streetcat|Sneasler, L50, F|100/100\n|switch|p2b: Villain|Kingambit, L50, M|100/100\n|turn|1\n|\n|t:|1788375375\n|move|p1a: Whimsicott|Protect|p1a: Whimsicott\n|-singleturn|p1a: Whimsicott|Protect\n|move|p2b: Villain|Sucker Punch|p1b: Basculegion\n|-supereffective|p1b: Basculegion|1\n|-damage|p1b: Basculegion|0 fnt\n|faint|p1b: Basculegion\n|-damage|p2b: Villain|90/100|[from] item: Life Orb\n|move|p2a: Streetcat|Gunk Shot|p1a: Whimsicott\n|-activate|p1a: Whimsicott|move: Protect\n|\n|upkeep\n|\n|t:|1788375385\n|switch|p1b: Charizard|Charizard, L50, F, shiny|100/100\n|turn|2\n|\n|t:|1788375400\n|detailschange|p1b: Charizard|Charizard-Mega-Y, L50, F, shiny\n|-mega|p1b: Charizard|Charizard|Charizardite Y\n|-weather|SunnyDay|[from] ability: Drought|[of] p1b: Charizard\n|move|p1a: Whimsicott|Tailwind|p1a: Whimsicott\n|-sidestart|p1: fvevfvfv|move: Tailwind\n|move|p2b: Villain|Sucker Punch|p1b: Charizard\n|-damage|p1b: Charizard|41/100\n|-damage|p2b: Villain|80/100|[from] item: Life Orb\n|move|p1b: Charizard|Heat Wave|p2b: Villain|[spread] p2a,p2b\n|-supereffective|p2b: Villain|1\n|-crit|p2b: Villain\n|-damage|p2a: Streetcat|32/100\n|-damage|p2b: Villain|0 fnt\n|faint|p2b: Villain\n|move|p2a: Streetcat|Gunk Shot|p1a: Whimsicott\n|-supereffective|p1a: Whimsicott|2\n|-enditem|p1a: Whimsicott|Focus Sash\n|-damage|p1a: Whimsicott|1/100\n|\n|-weather|SunnyDay|[upkeep]\n|upkeep\n|\n|t:|1788375414\n|switch|p2b: Animal|Arcanine-Hisui, L50, M|100/100\n|turn|3\n|\n|t:|1788375432\n|switch|p1a: Garchomp|Garchomp, L50, F, shiny|100/100\n|move|p2a: Streetcat|Protect|p2a: Streetcat\n|-singleturn|p2a: Streetcat|Protect\n|move|p2b: Animal|Protect|p2b: Animal\n|-singleturn|p2b: Animal|Protect\n|move|p1b: Charizard|Heat Wave|p2b: Animal|[spread] \n|-activate|p2a: Streetcat|move: Protect\n|-activate|p2b: Animal|move: Protect\n|\n|-weather|SunnyDay|[upkeep]\n|upkeep\n|turn|4\n|\n|t:|1788375455\n|move|p2b: Animal|Extreme Speed|p1b: Charizard\n|-damage|p1b: Charizard|9/100\n|move|p1a: Garchomp|Earthquake|p2a: Streetcat|[spread] p2a,p2b\n|-immune|p1b: Charizard\n|-supereffective|p2a: Streetcat|1\n|-supereffective|p2b: Animal|2\n|-damage|p2a: Streetcat|0 fnt\n|-enditem|p2b: Animal|Focus Sash\n|-damage|p2b: Animal|1/100\n|faint|p2a: Streetcat\n|move|p1b: Charizard|Ancient Power|p2b: Animal\n|-supereffective|p2b: Animal|1\n|-damage|p2b: Animal|0 fnt\n|faint|p2b: Animal\n|\n|-weather|SunnyDay|[upkeep]\n|upkeep\n|\n|t:|1788375461\n|switch|p2a: Stuckmoth|Froslass, L50, F|100/100\n|turn|5\n|\n|t:|1788375500\n|detailschange|p2a: Stuckmoth|Froslass-Mega, L50, F\n|-mega|p2a: Stuckmoth|Froslass|Froslassite\n|-weather|Snowscape|[from] ability: Snow Warning|[of] p2a: Stuckmoth\n|move|p1a: Garchomp|Rock Slide|p2a: Stuckmoth\n|-supereffective|p2a: Stuckmoth|1\n|-damage|p2a: Stuckmoth|55/100\n|move|p1b: Charizard|Heat Wave|p2a: Stuckmoth|[miss]\n|-miss|p1b: Charizard|p2a: Stuckmoth\n|move|p2a: Stuckmoth|Blizzard|p1b: Charizard|[spread] p1a,p1b\n|-supereffective|p1a: Garchomp|2\n|-damage|p1a: Garchomp|0 fnt\n|-damage|p1b: Charizard|0 fnt\n|faint|p1a: Garchomp\n|faint|p1b: Charizard\n|\n|-weather|Snowscape|[upkeep]\n|-sideend|p1: fvevfvfv|move: Tailwind\n|upkeep\n|c|☆fvevfvfv|wow\n|\n|t:|1788375525\n|switch|p1b: Whimsicott|Whimsicott, L50, M, shiny|1/100\n|turn|6\n|c|☆hugoggg|sorry bro\n|\n|t:|1788375555\n|move|p1b: Whimsicott|Moonblast|p2a: Stuckmoth\n|-damage|p2a: Stuckmoth|17/100\n|move|p2a: Stuckmoth|Blizzard|p1b: Whimsicott\n|-supereffective|p1b: Whimsicott|1\n|-damage|p1b: Whimsicott|0 fnt\n|faint|p1b: Whimsicott\n|\n|win|hugoggg\n||hugoggg is ready for game 2.\n|c|☆fvevfvfv|this sucks man\n|inactive|fvevfvfv has 30 seconds to confirm battle start!\n||fvevfvfv is ready for game 2.\n|uhtml|next|Next: <a href=\"/battle-gen9championsvgc2026regmbbo3-2674573759\"><strong>Game 2 of 3</strong></a>\n","uploadtime":1788376264,"views":"1","formatid":"gen9championsvgc2026regmbbo3","rating":null,"private":0,"password":null}