{"id":"gen9championsvgc2026regmbbo3-2673953675","format":"[Gen 9 Champions] VGC 2026 Reg M-B (Bo3)","players":["RoroxC5T0)","bearlover997"],"log":"|j|☆RoroxC5T0)\n|j|☆bearlover997\n|html|<table width=\"100%\"><tr><td align=\"left\">RoroxC5T0)</td><td align=\"right\">bearlover997</tr><tr><td align=\"left\"><i class=\"fa fa-circle\"></i> <i class=\"fa fa-circle-o\"></i> </td><td align=\"right\"><i class=\"fa fa-circle-o\"></i> <i class=\"fa fa-circle\"></i> </tr></table>\n|uhtml|bestof|<h2><strong>Game 3</strong> of <a href=\"/game-bestof3-gen9championsvgc2026regmbbo3-2673947986\">a best-of-3</a></h2>\n|t:|1788281257\n|gametype|doubles\n|player|p1|RoroxC5T0)|102|1219\n|player|p2|bearlover997|sage|1102\n|gen|9\n|tier|[Gen 9 Champions] VGC 2026 Reg M-B (Bo3)\n|rated|\n|rule|Species Clause: Limit one of each Pokémon\n|rule|Item Clause: Limit 1 of each item\n|clearpoke\n|poke|p1|Charizard, L50, F|\n|poke|p1|Floette-Eternal, L50, F|\n|poke|p1|Kingambit, L50, F|\n|poke|p1|Sinistcha, L50|\n|poke|p1|Incineroar, L50, M|\n|poke|p1|Sneasler, L50, M|\n|poke|p2|Lopunny, L50, F|\n|poke|p2|Volcarona, L50, F|\n|poke|p2|Ninetales-Alola, L50, M|\n|poke|p2|Toxapex, L50, M|\n|poke|p2|Grimmsnarl, L50, M|\n|poke|p2|Sinistcha, L50|\n|teampreview|4\n|showteam|p1|Charizard||CharizarditeX|Blaze|FlareBlitz,DragonClaw,DragonDance,ThunderPunch|Adamant||F|||50|]Floette-Eternal||Floettite|FlowerVeil|LightofRuin,Moonblast,DazzlingGleam,Protect|Timid||F|||50|]Kingambit||BlackGlasses|Defiant|KowtowCleave,SuckerPunch,IronHead,LowKick|Adamant||F|||50|]Sinistcha||ColburBerry|Hospitality|MatchaGotcha,RagePowder,TrickRoom,Protect|Bold|||||50|]Incineroar||ChopleBerry|Intimidate|FakeOut,FlareBlitz,ThroatChop,PartingShot|Careful||M|||50|]Sneasler||FocusSash|Unburden|FakeOut,CloseCombat,DireClaw,Coaching|Jolly||M|||50|\n|showteam|p2|Lopunny||Lopunnite|Limber|FakeOut,Uturn,CloseCombat,Encore|Jolly||F|||50|]Volcarona||Leftovers|FlameBody|HeatWave,BugBuzz,Protect,QuiverDance|Modest||F|||50|]Ninetales-Alola||FocusSash|SnowWarning|Encore,Disable,Protect,FreezeDry|Timid||M|||50|]Toxapex||BrightPowder|Regenerator|WideGuard,BanefulBunker,Toxic,Infestation|Bold||M|||50|]Grimmsnarl||LightClay|Prankster|LightScreen,Reflect,PartingShot,SpiritBreak|Careful||M|||50|]Sinistcha||SitrusBerry|Hospitality|RagePowder,Curse,MatchaGotcha,Protect|Bold|||||50|\n|inactive|Battle timer is ON: inactive players will automatically lose when time's up. (requested by RoroxC5T0))\n|inactive|bearlover997 also wants the timer to be on.\n|\n|t:|1788281274\n|teamsize|p1|4\n|teamsize|p2|4\n|start\n|switch|p1a: Charizard|Charizard, L50, F|100/100\n|switch|p1b: Incineroar|Incineroar, L50, M|100/100\n|switch|p2a: Lopunny|Lopunny, L50, F|100/100\n|switch|p2b: Grimmsnarl|Grimmsnarl, L50, M|100/100\n|-ability|p1b: Incineroar|Intimidate|boost\n|-unboost|p2a: Lopunny|atk|1\n|-unboost|p2b: Grimmsnarl|atk|1\n|turn|1\n|inactive|RoroxC5T0) has 30 seconds left.\n|inactive|RoroxC5T0) has 20 seconds left.\n|inactive|RoroxC5T0) has 15 seconds left.\n|\n|t:|1788281315\n|detailschange|p2a: Lopunny|Lopunny-Mega, L50, F\n|-mega|p2a: Lopunny|Lopunny|Lopunnite\n|detailschange|p1a: Charizard|Charizard-Mega-X, L50, F\n|-mega|p1a: Charizard|Charizard|Charizardite X\n|move|p2a: Lopunny|Fake Out|p1b: Incineroar\n|-damage|p1b: Incineroar|86/100\n|cant|p1b: Incineroar|flinch\n|move|p2b: Grimmsnarl|Reflect|p2b: Grimmsnarl\n|-sidestart|p2: bearlover997|Reflect\n|move|p1a: Charizard|Dragon Dance|p1a: Charizard\n|-boost|p1a: Charizard|atk|1\n|-boost|p1a: Charizard|spe|1\n|\n|upkeep\n|turn|2\n|\n|t:|1788281330\n|move|p2b: Grimmsnarl|Parting Shot|p1a: Charizard\n|-unboost|p1a: Charizard|atk|1\n|-unboost|p1a: Charizard|spa|1\n|\n|t:|1788281332\n|switch|p2b: Toxapex|Toxapex, L50, M|100/100|[from] Parting Shot\n|move|p1a: Charizard|Thunder Punch|p2a: Lopunny\n|-damage|p2a: Lopunny|72/100\n|move|p2a: Lopunny|Close Combat|p1b: Incineroar\n|-supereffective|p1b: Incineroar|1\n|-crit|p1b: Incineroar\n|-enditem|p1b: Incineroar|Chople Berry|[eat]\n|-enditem|p1b: Incineroar|Chople Berry|[weaken]\n|-damage|p1b: Incineroar|0 fnt\n|-unboost|p2a: Lopunny|def|1\n|-unboost|p2a: Lopunny|spd|1\n|faint|p1b: Incineroar\n|\n|upkeep\n|\n|t:|1788281346\n|switch|p1b: Sneasler|Sneasler, L50, M|100/100\n|turn|3\n|\n|t:|1788281364\n|switch|p2a: Grimmsnarl|Grimmsnarl, L50, M|100/100\n|move|p1a: Charizard|Thunder Punch|p2b: Toxapex\n|-supereffective|p2b: Toxapex|1\n|-damage|p2b: Toxapex|74/100\n|move|p1b: Sneasler|Dire Claw|p2a: Grimmsnarl\n|-supereffective|p2a: Grimmsnarl|1\n|-damage|p2a: Grimmsnarl|30/100\n|move|p2b: Toxapex|Toxic|p1a: Charizard\n|-status|p1a: Charizard|tox\n|\n|-damage|p1a: Charizard|94/100 tox|[from] psn\n|upkeep\n|turn|4\n|inactive|bearlover997 has 30 seconds left.\n|\n|t:|1788281390\n|move|p2a: Grimmsnarl|Parting Shot|p1a: Charizard\n|-unboost|p1a: Charizard|atk|1\n|-unboost|p1a: Charizard|spa|1\n|\n|t:|1788281392\n|switch|p2a: Lopunny|Lopunny-Mega, L50, F|72/100|[from] Parting Shot\n|move|p1a: Charizard|Flare Blitz|p2a: Lopunny\n|-damage|p2a: Lopunny|26/100\n|-damage|p1a: Charizard|81/100 tox|[from] Recoil\n|move|p1b: Sneasler|Close Combat|p2a: Lopunny\n|-supereffective|p2a: Lopunny|1\n|-damage|p2a: Lopunny|0 fnt\n|-unboost|p1b: Sneasler|def|1\n|-unboost|p1b: Sneasler|spd|1\n|faint|p2a: Lopunny\n|move|p2b: Toxapex|Infestation|p1a: Charizard\n|-resisted|p1a: Charizard|1\n|-damage|p1a: Charizard|79/100 tox\n|-activate|p1a: Charizard|move: Infestation|[of] p2b: Toxapex\n|\n|-damage|p1a: Charizard|67/100 tox|[from] psn\n|-damage|p1a: Charizard|55/100 tox|[from] move: Infestation|[partiallytrapped]\n|upkeep\n|\n|t:|1788281405\n|switch|p2a: Volcarona|Volcarona, L50, F|100/100\n|turn|5\n|\n|t:|1788281411\n|switch|p1b: Kingambit|Kingambit, L50, F|100/100\n|move|p1a: Charizard|Flare Blitz|p2a: Volcarona\n|-damage|p2a: Volcarona|48/100\n|-damage|p1a: Charizard|39/100 tox|[from] Recoil\n|move|p2a: Volcarona|Quiver Dance|p2a: Volcarona\n|-boost|p2a: Volcarona|spa|1\n|-boost|p2a: Volcarona|spd|1\n|-boost|p2a: Volcarona|spe|1\n|move|p2b: Toxapex|Infestation|p1b: Kingambit\n|-damage|p1b: Kingambit|96/100\n|-activate|p1b: Kingambit|move: Infestation|[of] p2b: Toxapex\n|\n|-heal|p2a: Volcarona|54/100|[from] item: Leftovers\n|-damage|p1a: Charizard|21/100 tox|[from] psn\n|-damage|p1a: Charizard|8/100 tox|[from] move: Infestation|[partiallytrapped]\n|-damage|p1b: Kingambit|84/100|[from] move: Infestation|[partiallytrapped]\n|upkeep\n|turn|6\n|\n|t:|1788281432\n|move|p2a: Volcarona|Protect|p2a: Volcarona\n|-singleturn|p2a: Volcarona|Protect\n|move|p2b: Toxapex|Baneful Bunker|p2b: Toxapex\n|-singleturn|p2b: Toxapex|move: Protect\n|move|p1a: Charizard|Thunder Punch|p2b: Toxapex\n|-activate|p2b: Toxapex|move: Protect\n|move|p1b: Kingambit|Kowtow Cleave|p2b: Toxapex\n|-activate|p2b: Toxapex|move: Protect\n|\n|-heal|p2a: Volcarona|61/100|[from] item: Leftovers\n|-damage|p1a: Charizard|0 fnt|[from] psn\n|faint|p1a: Charizard\n|-damage|p1b: Kingambit|72/100|[from] move: Infestation|[partiallytrapped]\n|upkeep\n|\n|t:|1788281439\n|switch|p1a: Sneasler|Sneasler, L50, M|100/100\n|turn|7\n|\n|t:|1788281462\n|move|p2a: Volcarona|Protect|p2a: Volcarona\n|-singleturn|p2a: Volcarona|Protect\n|move|p1a: Sneasler|Fake Out|p2a: Volcarona\n|-activate|p2a: Volcarona|move: Protect\n|move|p1b: Kingambit|Kowtow Cleave|p2a: Volcarona\n|-activate|p2a: Volcarona|move: Protect\n|move|p2b: Toxapex|Infestation|p1a: Sneasler\n|-resisted|p1a: Sneasler|2\n|-damage|p1a: Sneasler|99/100\n|-activate|p1a: Sneasler|move: Infestation|[of] p2b: Toxapex\n|\n|-heal|p2a: Volcarona|67/100|[from] item: Leftovers\n|-damage|p1a: Sneasler|87/100|[from] move: Infestation|[partiallytrapped]\n|-damage|p1b: Kingambit|60/100|[from] move: Infestation|[partiallytrapped]\n|upkeep\n|turn|8\n|\n|t:|1788281479\n|-heal|p2b: Toxapex|100/100|[from] ability: Regenerator|[silent]\n|switch|p2b: Grimmsnarl|Grimmsnarl, L50, M|30/100\n|move|p1b: Kingambit|Sucker Punch|p2a: Volcarona\n|-damage|p2a: Volcarona|12/100\n|-status|p1b: Kingambit|brn|[from] ability: Flame Body|[of] p2a: Volcarona\n|move|p2a: Volcarona|Heat Wave|p1a: Sneasler|[spread] p1a,p1b\n|-supereffective|p1b: Kingambit|1\n|-damage|p1a: Sneasler|7/100\n|-damage|p1b: Kingambit|0 fnt\n|faint|p1b: Kingambit\n|move|p1a: Sneasler|Dire Claw|p2a: Volcarona\n|-crit|p2a: Volcarona\n|-damage|p2a: Volcarona|0 fnt\n|faint|p2a: Volcarona\n|\n|-end|p1a: Sneasler|Infestation|[partiallytrapped]|[silent]\n|-sideend|p2: bearlover997|Reflect\n|upkeep\n|n|!RoroxC5T0)|roroxc5t0\n|\n|t:|1788281494\n|switch|p2a: Toxapex|Toxapex, L50, M|100/100\n|turn|9\n|\n|t:|1788281506\n|move|p1a: Sneasler|Coaching|p1: Kingambit|[notarget]\n|-fail|p1a: Sneasler\n|move|p2b: Grimmsnarl|Spirit Break|p1a: Sneasler\n|-damage|p1a: Sneasler|0 fnt\n|faint|p1a: Sneasler\n|\n|win|bearlover997\n","uploadtime":1788281491,"views":"0","formatid":"gen9championsvgc2026regmbbo3","rating":null,"private":0,"password":null}