{"id":"gen9championsvgc2026regmbbo3-2674027697","format":"[Gen 9 Champions] VGC 2026 Reg M-B (Bo3)","players":["DFGXCHRIST","humania1"],"log":"|j|‽DFGXCHRIST\n|j|☆humania1\n|html|<table width=\"100%\"><tr><td align=\"left\">DFGXCHRIST</td><td align=\"right\">humania1</tr><tr><td align=\"left\"><i class=\"fa fa-circle-o\"></i> <i class=\"fa fa-circle-o\"></i> </td><td align=\"right\"><i class=\"fa fa-circle-o\"></i> <i class=\"fa fa-circle-o\"></i> </tr></table>\n|uhtml|bestof|<h2><strong>Game 1</strong> of <a href=\"/game-bestof3-gen9championsvgc2026regmbbo3-2674027696\">a best-of-3</a></h2>\n|t:|1788289929\n|gametype|doubles\n|player|p1|DFGXCHRIST|170|1125\n|player|p2|humania1|266|1078\n|gen|9\n|tier|[Gen 9 Champions] VGC 2026 Reg M-B (Bo3)\n|rated|\n|rule|Species Clause: Limit one of each Pokémon\n|rule|Item Clause: Limit 1 of each item\n|clearpoke\n|poke|p1|Tyranitar, L50, F, shiny|\n|poke|p1|Swampert, L50, F|\n|poke|p1|Talonflame, L50, F, shiny|\n|poke|p1|Kommo-o, L50, M|\n|poke|p1|Froslass, L50, F|\n|poke|p1|Sinistcha, L50|\n|poke|p2|Blastoise, L50, M|\n|poke|p2|Delphox, L50, F, shiny|\n|poke|p2|Incineroar, L50, F|\n|poke|p2|Sinistcha, L50|\n|poke|p2|Sneasler, L50, M|\n|poke|p2|Vivillon, L50, M|\n|teampreview|4\n|showteam|p1|Tyranitar||Tyranitarite|SandStream|RockSlide,KnockOff,DragonDance,Protect|Adamant||F|||50|]Swampert||SitrusBerry|Torrent|HighHorsepower,WaveCrash,IcePunch,Protect|Adamant||F|||50|]Talonflame||SharpBeak|GaleWings|Tailwind,DualWingbeat,WillOWisp,QuickGuard|Serious||F|||50|]Kommo-o||Leftovers|Soundproof|AuraSphere,VacuumWave,ClangingScales,Protect|Modest||M|||50|]Froslass||Froslassite|SnowCloak|ShadowBall,Taunt,Protect,Blizzard|Timid||F|||50|]Sinistcha||KasibBerry|Hospitality|MatchaGotcha,RagePowder,LifeDew,Protect|Modest|||||50|\n|showteam|p2|Blastoise||Blastoisinite|Torrent|Protect,ShellSmash,WaterSpout,DarkPulse|Modest||M|||50|]Delphox||Delphoxite|Blaze|Protect,HeatWave,Psyshock,NastyPlot|Timid||F|||50|]Incineroar||PasshoBerry|Intimidate|FakeOut,PartingShot,FlareBlitz,ThroatChop|Impish||F|||50|]Sinistcha||SitrusBerry|Hospitality|Protect,MatchaGotcha,TrickRoom,RagePowder|Bold|||||50|]Sneasler||FocusSash|PoisonTouch|QuickGuard,FakeOut,CloseCombat,DireClaw|Jolly||M|||50|]Vivillon||ChoiceScarf|CompoundEyes|Hurricane,SleepPowder,RagePowder,Uturn|Timid||M|||50|\n|inactive|Battle timer is ON: inactive players will automatically lose when time's up. (requested by humania1)\n|inactive|DFGXCHRIST has 60 seconds left.\n|\n|t:|1788289960\n|teamsize|p1|4\n|teamsize|p2|4\n|start\n|switch|p1a: Sinistcha|Sinistcha, L50|100/100\n|switch|p1b: Kommo-o|Kommo-o, L50, M|100/100\n|switch|p2a: Blastoise|Blastoise, L50, M|100/100\n|switch|p2b: Incineroar|Incineroar, L50, F|100/100\n|-ability|p2b: Incineroar|Intimidate|boost\n|-unboost|p1a: Sinistcha|atk|1\n|-unboost|p1b: Kommo-o|atk|1\n|turn|1\n|\n|t:|1788289976\n|detailschange|p2a: Blastoise|Blastoise-Mega, L50, M\n|-mega|p2a: Blastoise|Blastoise|Blastoisinite\n|move|p2a: Blastoise|Dark Pulse|p1a: Sinistcha\n|-supereffective|p1a: Sinistcha|1\n|-damage|p1a: Sinistcha|19/100\n|move|p1b: Kommo-o|Clanging Scales|p2b: Incineroar|[spread] p2a,p2b\n|-damage|p2a: Blastoise|63/100\n|-damage|p2b: Incineroar|64/100\n|-unboost|p1b: Kommo-o|def|1\n|move|p2b: Incineroar|Flare Blitz|p1a: Sinistcha\n|-supereffective|p1a: Sinistcha|1\n|-damage|p1a: Sinistcha|0 fnt\n|faint|p1a: Sinistcha\n|-damage|p2b: Incineroar|58/100|[from] Recoil\n|\n|upkeep\n|\n|t:|1788290000\n|switch|p1a: Swampert|Swampert, L50, F|100/100\n|turn|2\n|\n|t:|1788290012\n|switch|p2b: Sinistcha|Sinistcha, L50|100/100\n|-heal|p2a: Blastoise|88/100|[from] ability: Hospitality|[of] p2b: Sinistcha\n|move|p2a: Blastoise|Shell Smash|p2a: Blastoise\n|-unboost|p2a: Blastoise|def|1\n|-unboost|p2a: Blastoise|spd|1\n|-boost|p2a: Blastoise|atk|2\n|-boost|p2a: Blastoise|spa|2\n|-boost|p2a: Blastoise|spe|2\n|move|p1b: Kommo-o|Clanging Scales|p2a: Blastoise|[spread] p2a,p2b\n|-damage|p2a: Blastoise|27/100\n|-damage|p2b: Sinistcha|62/100\n|-unboost|p1b: Kommo-o|def|1\n|move|p1a: Swampert|High Horsepower|p2b: Sinistcha\n|-resisted|p2b: Sinistcha|1\n|-damage|p2b: Sinistcha|40/100\n|-enditem|p2b: Sinistcha|Sitrus Berry|[eat]\n|-heal|p2b: Sinistcha|65/100|[from] item: Sitrus Berry\n|\n|upkeep\n|turn|3\n|\n|t:|1788290028\n|move|p2a: Blastoise|Protect|p2a: Blastoise\n|-singleturn|p2a: Blastoise|Protect\n|move|p1a: Swampert|Protect|p1a: Swampert\n|-singleturn|p1a: Swampert|Protect\n|move|p1b: Kommo-o|Clanging Scales|p2a: Blastoise|[spread] p2b\n|-activate|p2a: Blastoise|move: Protect\n|-damage|p2b: Sinistcha|31/100\n|-unboost|p1b: Kommo-o|def|1\n|move|p2b: Sinistcha|Matcha Gotcha|p1a: Swampert|[spread] p1b\n|-activate|p1a: Swampert|move: Protect\n|-resisted|p1b: Kommo-o|1\n|-damage|p1b: Kommo-o|88/100\n|-heal|p2b: Sinistcha|37/100|[from] drain|[of] p1b: Kommo-o\n|\n|-heal|p1b: Kommo-o|94/100|[from] item: Leftovers\n|upkeep\n|turn|4\n|\n|t:|1788290044\n|switch|p1a: Tyranitar|Tyranitar, L50, F, shiny|100/100\n|-weather|Sandstorm|[from] ability: Sand Stream|[of] p1a: Tyranitar\n|move|p2a: Blastoise|Water Spout|p1a: Tyranitar|[spread] p1a,p1b\n|-supereffective|p1a: Tyranitar|1\n|-resisted|p1b: Kommo-o|1\n|-damage|p1a: Tyranitar|67/100\n|-damage|p1b: Kommo-o|77/100\n|move|p1b: Kommo-o|Clanging Scales|p2b: Sinistcha|[spread] p2a,p2b\n|-damage|p2a: Blastoise|0 fnt\n|-damage|p2b: Sinistcha|2/100\n|faint|p2a: Blastoise\n|-unboost|p1b: Kommo-o|def|1\n|move|p2b: Sinistcha|Matcha Gotcha|p1b: Kommo-o|[spread] p1a,p1b\n|-supereffective|p1a: Tyranitar|1\n|-resisted|p1b: Kommo-o|1\n|-damage|p1a: Tyranitar|43/100\n|-heal|p2b: Sinistcha|16/100|[from] drain|[of] p1a: Tyranitar\n|-damage|p1b: Kommo-o|66/100\n|-heal|p2b: Sinistcha|22/100|[from] drain|[of] p1b: Kommo-o\n|\n|-weather|Sandstorm|[upkeep]\n|-damage|p1b: Kommo-o|60/100|[from] Sandstorm\n|-damage|p2b: Sinistcha|15/100|[from] Sandstorm\n|-heal|p1b: Kommo-o|66/100|[from] item: Leftovers\n|upkeep\n|\n|t:|1788290044\n|switch|p2a: Sneasler|Sneasler, L50, M|100/100\n|turn|5\n|\n|t:|1788290066\n|move|p1b: Kommo-o|Protect|p1b: Kommo-o\n|-singleturn|p1b: Kommo-o|Protect\n|move|p1a: Tyranitar|Protect|p1a: Tyranitar\n|-singleturn|p1a: Tyranitar|Protect\n|move|p2b: Sinistcha|Protect|p2b: Sinistcha\n|-singleturn|p2b: Sinistcha|Protect\n|move|p2a: Sneasler|Close Combat|p1a: Tyranitar\n|-activate|p1a: Tyranitar|move: Protect\n|\n|-weather|Sandstorm|[upkeep]\n|-damage|p2a: Sneasler|94/100|[from] Sandstorm\n|-damage|p1b: Kommo-o|60/100|[from] Sandstorm\n|-damage|p2b: Sinistcha|9/100|[from] Sandstorm\n|-heal|p1b: Kommo-o|66/100|[from] item: Leftovers\n|upkeep\n|turn|6\n|\n|t:|1788290078\n|switch|p1a: Swampert|Swampert, L50, F|100/100\n|move|p2a: Sneasler|Dire Claw|p1b: Kommo-o\n|-damage|p1b: Kommo-o|0 fnt\n|faint|p1b: Kommo-o\n|move|p2b: Sinistcha|Matcha Gotcha|p1a: Swampert|[miss]\n|-miss|p2b: Sinistcha|p1a: Swampert\n|\n|-weather|Sandstorm|[upkeep]\n|-damage|p2a: Sneasler|88/100|[from] Sandstorm\n|-damage|p2b: Sinistcha|3/100|[from] Sandstorm\n|upkeep\n|\n|t:|1788290087\n|switch|p1b: Tyranitar|Tyranitar, L50, F, shiny|43/100\n|turn|7\n|\n|t:|1788290090\n|move|p1b: Tyranitar|Protect|p1b: Tyranitar\n|-singleturn|p1b: Tyranitar|Protect\n|move|p2b: Sinistcha|Protect|p2b: Sinistcha\n|-singleturn|p2b: Sinistcha|Protect\n|move|p1a: Swampert|Protect|p1a: Swampert\n|-singleturn|p1a: Swampert|Protect\n|move|p2a: Sneasler|Close Combat|p1b: Tyranitar\n|-activate|p1b: Tyranitar|move: Protect\n|\n|-weather|Sandstorm|[upkeep]\n|-damage|p2a: Sneasler|82/100|[from] Sandstorm\n|-damage|p2b: Sinistcha|0 fnt|[from] Sandstorm\n|faint|p2b: Sinistcha\n|upkeep\n|\n|t:|1788290090\n|switch|p2b: Incineroar|Incineroar, L50, F|58/100\n|-ability|p2b: Incineroar|Intimidate|boost\n|-unboost|p1a: Swampert|atk|1\n|-unboost|p1b: Tyranitar|atk|1\n|turn|8\n|\n|t:|1788290110\n|detailschange|p1b: Tyranitar|Tyranitar-Mega, L50, F, shiny\n|-mega|p1b: Tyranitar|Tyranitar|Tyranitarite\n|move|p1b: Tyranitar|Protect||[still]\n|-fail|p1b: Tyranitar\n|move|p2a: Sneasler|Close Combat|p1b: Tyranitar\n|-supereffective|p1b: Tyranitar|2\n|-damage|p1b: Tyranitar|0 fnt\n|-unboost|p2a: Sneasler|def|1\n|-unboost|p2a: Sneasler|spd|1\n|faint|p1b: Tyranitar\n|move|p2b: Incineroar|Parting Shot|p1a: Swampert\n|-unboost|p1a: Swampert|atk|1\n|-unboost|p1a: Swampert|spa|1\n|move|p1a: Swampert|High Horsepower|p2b: Incineroar\n|-supereffective|p2b: Incineroar|1\n|-damage|p2b: Incineroar|16/100\n|\n|-weather|none\n|upkeep\n|turn|9\n|\n|t:|1788290122\n|move|p2a: Sneasler|Close Combat|p1a: Swampert\n|-damage|p1a: Swampert|43/100\n|-unboost|p2a: Sneasler|def|1\n|-unboost|p2a: Sneasler|spd|1\n|-enditem|p1a: Swampert|Sitrus Berry|[eat]\n|-heal|p1a: Swampert|68/100|[from] item: Sitrus Berry\n|move|p2b: Incineroar|Throat Chop|p1a: Swampert\n|-damage|p1a: Swampert|36/100\n|-start|p1a: Swampert|Throat Chop|[silent]\n|move|p1a: Swampert|High Horsepower|p2b: Incineroar\n|-supereffective|p2b: Incineroar|1\n|-damage|p2b: Incineroar|0 fnt\n|faint|p2b: Incineroar\n|\n|upkeep\n|turn|10\n|\n|t:|1788290134\n|move|p2a: Sneasler|Close Combat|p1a: Swampert\n|-damage|p1a: Swampert|0 fnt\n|-unboost|p2a: Sneasler|def|1\n|-unboost|p2a: Sneasler|spd|1\n|faint|p1a: Swampert\n|\n|win|humania1\n","uploadtime":1788290134,"views":"3","formatid":"gen9championsvgc2026regmbbo3","rating":null,"private":0,"password":null}