{"id":"gen9championsvgc2026regmb-2674520152","format":"[Gen 9 Champions] VGC 2026 Reg M-B","players":["goblinwaltz","L'AGENCE ZACHHOEK"],"log":"|j|☆goblinwaltz\n|j|☆L'AGENCE ZACHHOEK\n|html|<table width=\"100%\"><tr><td align=\"left\">goblinwaltz</td><td align=\"right\">L&apos;AGENCE ZACHHOEK</tr><tr><td align=\"left\"><i class=\"fa fa-circle\"></i> <i class=\"fa fa-circle-o\"></i> </td><td align=\"right\"><i class=\"fa fa-circle-o\"></i> <i class=\"fa fa-circle\"></i> </tr></table>\n|uhtml|bestof|<h2><strong>Game 3</strong> of <a href=\"/game-bestof3-gen9championsvgc2026regmb-2674515025\">a best-of-3</a></h2>\n|t:|1788369440\n|gametype|doubles\n|player|p1|goblinwaltz|fantina|\n|player|p2|L'AGENCE ZACHHOEK|psychic-gen4|\n|gen|9\n|tier|[Gen 9 Champions] VGC 2026 Reg M-B\n|rule|Species Clause: Limit one of each Pokémon\n|rule|Item Clause: Limit 1 of each item\n|raw|<div class=\"infobox\"><details class=\"readmore\" open><summary><strong>1 custom rule:</strong></summary> bestof=3</details></div>\n|clearpoke\n|poke|p1|Sableye, L50, M|\n|poke|p1|Dragonite, L50, F|\n|poke|p1|Vaporeon, L50, F|\n|poke|p1|Simisear, L50, F|\n|poke|p1|Maushold-Four, L50|\n|poke|p1|Vileplume, L50, M|\n|poke|p2|Delphox, L50, M|\n|poke|p2|Blastoise, L50, F|\n|poke|p2|Clefable, L50, F|\n|poke|p2|Tinkaton, L50, F|\n|poke|p2|Noivern, L50, M|\n|poke|p2|Ariados, L50, M|\n|teampreview|4\ngoblinwaltz rejected open team sheets.\n|j| Mr.twang\n|\n|t:|1788369497\n|teamsize|p1|4\n|teamsize|p2|4\n|start\n|switch|p1a: Leeks|Simisear, L50, F|100/100\n|switch|p1b: Carrot|Maushold-Four, L50|100/100\n|switch|p2a: Delphox|Delphox, L50, M|100/100\n|switch|p2b: Noivern|Noivern, L50, M|100/100\n|-item|p1a: Leeks|Focus Sash|[from] ability: Frisk|[of] p2b: Noivern\n|-item|p1b: Carrot|Wide Lens|[from] ability: Frisk|[of] p2b: Noivern\n|turn|1\n|\n|t:|1788369517\n|move|p2b: Noivern|Protect|p2b: Noivern\n|-singleturn|p2b: Noivern|Protect\n|move|p2a: Delphox|Protect|p2a: Delphox\n|-singleturn|p2a: Delphox|Protect\n|move|p1a: Leeks|Fake Out|p2a: Delphox\n|-activate|p2a: Delphox|move: Protect\n|move|p1b: Carrot|Population Bomb|p2a: Delphox\n|-activate|p2a: Delphox|move: Protect\n|\n|upkeep\n|turn|2\n|\n|t:|1788369587\n|detailschange|p2a: Delphox|Delphox-Mega, L50, M\n|-mega|p2a: Delphox|Delphox|Delphoxite\n|move|p2a: Delphox|Psychic|p1b: Carrot\n|-damage|p1b: Carrot|7/100\n|-unboost|p1b: Carrot|spd|1\n|move|p2b: Noivern|Breaking Swipe|p1a: Leeks|[spread] p1a,p1b\n|-damage|p1a: Leeks|68/100\n|-damage|p1b: Carrot|0 fnt\n|-unboost|p1a: Leeks|atk|1\n|faint|p1b: Carrot\n|move|p1a: Leeks|Yawn|p2a: Delphox\n|-start|p2a: Delphox|move: Yawn|[of] p1a: Leeks\n|\n|upkeep\n|\n|t:|1788369606\n|switch|p1b: Celery|Vileplume, L50, M|100/100\n|turn|3\n|\n|t:|1788369631\n|switch|p2a: Tinkaton|Tinkaton, L50, F|100/100\n|-ability|p2a: Tinkaton|Mold Breaker\n|switch|p1a: Onion|Dragonite, L50, F|100/100\n|move|p1b: Celery|Protect|p1b: Celery\n|-singleturn|p1b: Celery|Protect\n|move|p2b: Noivern|Dual Wingbeat|p1b: Celery\n|-activate|p1b: Celery|move: Protect\n|\n|upkeep\n|turn|4\n|\n|t:|1788369654\n|switch|p1b: Leeks|Simisear, L50, F|68/100\n|detailschange|p1a: Onion|Dragonite-Mega, L50, F\n|-mega|p1a: Onion|Dragonite|Dragoninite\n|move|p2b: Noivern|Dual Wingbeat|p1b: Leeks\n|-damage|p1b: Leeks|40/100\n|-damage|p1b: Leeks|12/100\n|-hitcount|p1b: Leeks|2\n|move|p2a: Tinkaton|Ice Hammer|p1a: Onion\n|-supereffective|p1a: Onion|2\n|-damage|p1a: Onion|6/100\n|-unboost|p2a: Tinkaton|spe|1\n|move|p1a: Onion|Flamethrower|p2a: Tinkaton\n|-supereffective|p2a: Tinkaton|1\n|-damage|p2a: Tinkaton|22/100\n|\n|upkeep\n|turn|5\n|\n|t:|1788369700\n|move|p2b: Noivern|Breaking Swipe|p1b: Leeks|[spread] p1a,p1b\n|-supereffective|p1a: Onion|1\n|-damage|p1a: Onion|0 fnt\n|-damage|p1b: Leeks|0 fnt\n|faint|p1a: Onion\n|faint|p1b: Leeks\n|move|p2a: Tinkaton|Gigaton Hammer|p1: Onion|[notarget]\n|-fail|p2a: Tinkaton\n|\n|upkeep\n|c|☆goblinwaltz|ggg\n|c|☆L'AGENCE ZACHHOEK|ggs\n|\n|t:|1788369707\n|switch|p1b: Celery|Vileplume, L50, M|100/100\n|turn|6\n|\n|t:|1788369716\n|move|p2b: Noivern|Dual Wingbeat|p1b: Celery\n|-supereffective|p1b: Celery|1\n|-damage|p1b: Celery|58/100\n|-supereffective|p1b: Celery|1\n|-damage|p1b: Celery|21/100\n|-hitcount|p1b: Celery|2\n|move|p2a: Tinkaton|Ice Hammer|p1b: Celery\n|-supereffective|p1b: Celery|1\n|-damage|p1b: Celery|0 fnt\n|-unboost|p2a: Tinkaton|spe|1\n|faint|p1b: Celery\n|\n|win|L'AGENCE ZACHHOEK\n|l|☆goblinwaltz\n|player|p1|\n|l| Mr.twang\n","uploadtime":1788369728,"views":"13","formatid":"gen9championsvgc2026regmb","rating":null,"private":0,"password":null}