{"id":"gen9championsvgc2026regmb-2674062123","format":"[Gen 9 Champions] VGC 2026 Reg M-B","players":["BiCyn","squig chungus"],"log":"|j|☆BiCyn\n|j|☆squig chungus\n|t:|1788294075\n|gametype|doubles\n|player|p1|BiCyn|linebacker|1078\n|player|p2|squig chungus|bugcatcher-gen4dp|1086\n|gen|9\n|tier|[Gen 9 Champions] VGC 2026 Reg M-B\n|rated|\n|rule|Species Clause: Limit one of each Pokémon\n|rule|Item Clause: Limit 1 of each item\n|clearpoke\n|poke|p1|Sableye, L50, M|\n|poke|p1|Araquanid, L50, M, shiny|\n|poke|p1|Lucario, L50, M|\n|poke|p1|Victreebel, L50, M|\n|poke|p1|Ninetales, L50, F|\n|poke|p1|Hatterene, L50, F|\n|poke|p2|Klefki, L50, M|\n|poke|p2|Steelix, L50, F|\n|poke|p2|Armarouge, L50, F|\n|poke|p2|Tyranitar, L50, M|\n|poke|p2|Gyarados, L50, M|\n|poke|p2|Clefable, L50, F|\n|teampreview|4\n|inactive|Battle timer is ON: inactive players will automatically lose when time's up. (requested by BiCyn)\n|inactive|squig chungus has 60 seconds left.\n|\n|t:|1788294111\n|teamsize|p1|4\n|teamsize|p2|4\n|start\n|switch|p1a: Lucario|Lucario, L50, M|100/100\n|switch|p1b: Hatterene|Hatterene, L50, F|100/100\n|switch|p2a: Klefki|Klefki, L50, M|100/100\n|switch|p2b: Tyranitar|Tyranitar, L50, M|100/100\n|-weather|Sandstorm|[from] ability: Sand Stream|[of] p2b: Tyranitar\n|turn|1\n|\n|t:|1788294134\n|switch|p2b: Gyarados|Gyarados, L50, M|100/100\n|-ability|p2b: Gyarados|Intimidate|boost\n|-fail|p1a: Lucario|unboost|Attack|[from] ability: Inner Focus|[of] p1a: Lucario\n|-unboost|p1b: Hatterene|atk|1\n|move|p2a: Klefki|Light Screen|p2a: Klefki\n|-sidestart|p2: squig chungus|move: Light Screen\n|move|p1a: Lucario|Close Combat|p2b: Gyarados\n|-resisted|p2b: Gyarados|1\n|-damage|p2b: Gyarados|71/100\n|-unboost|p1a: Lucario|def|1\n|-unboost|p1a: Lucario|spd|1\n|move|p1b: Hatterene|Trick Room|p1b: Hatterene\n|-fieldstart|move: Trick Room|[of] p1b: Hatterene\n|\n|-weather|Sandstorm|[upkeep]\n|-damage|p1b: Hatterene|93/100|[from] Sandstorm\n|-damage|p2b: Gyarados|66/100|[from] Sandstorm\n|-heal|p1b: Hatterene|100/100|[from] item: Leftovers\n|upkeep\n|turn|2\n|\n|t:|1788294158\n|switch|p1a: Victreebel|Victreebel, L50, M|100/100\n|move|p1b: Hatterene|Imprison|p1b: Hatterene\n|-start|p1b: Hatterene|move: Imprison\n|cant|p2a: Klefki|move: Imprison|Draining Kiss\n|move|p2b: Gyarados|Hurricane|p1a: Victreebel\n|-supereffective|p1a: Victreebel|1\n|-damage|p1a: Victreebel|5/100\n|-start|p1a: Victreebel|confusion\n|\n|-weather|Sandstorm|[upkeep]\n|-damage|p1b: Hatterene|93/100|[from] Sandstorm\n|-damage|p1a: Victreebel|0 fnt|[from] Sandstorm\n|-damage|p2b: Gyarados|60/100|[from] Sandstorm\n|faint|p1a: Victreebel\n|-heal|p1b: Hatterene|100/100|[from] item: Leftovers\n|upkeep\n|\n|t:|1788294166\n|switch|p1a: Ninetales|Ninetales, L50, F|100/100\n|-weather|SunnyDay|[from] ability: Drought|[of] p1a: Ninetales\n|turn|3\n|\n|t:|1788294184\n|move|p1a: Ninetales|Protect|p1a: Ninetales\n|-singleturn|p1a: Ninetales|Protect\n|move|p2a: Klefki|Sandstorm|p2a: Klefki\n|-weather|Sandstorm\n|move|p1b: Hatterene|Draining Kiss|p2b: Gyarados\n|-damage|p2b: Gyarados|42/100\n|move|p2b: Gyarados|Hydro Pump|p1a: Ninetales\n|-activate|p1a: Ninetales|move: Protect\n|\n|-weather|Sandstorm|[upkeep]\n|-damage|p1b: Hatterene|93/100|[from] Sandstorm\n|-damage|p2b: Gyarados|36/100|[from] Sandstorm\n|-damage|p1a: Ninetales|93/100|[from] Sandstorm\n|-heal|p1b: Hatterene|100/100|[from] item: Leftovers\n|upkeep\n|turn|4\n|\n|t:|1788294194\n|switch|p2a: Steelix|Steelix, L50, F|100/100\n|switch|p1a: Lucario|Lucario, L50, M|100/100\n|move|p1b: Hatterene|Draining Kiss|p2b: Gyarados\n|-damage|p2b: Gyarados|18/100\n|move|p2b: Gyarados|Hydro Pump|p1a: Lucario\n|-damage|p1a: Lucario|37/100\n|\n|-weather|Sandstorm|[upkeep]\n|-damage|p1b: Hatterene|93/100|[from] Sandstorm\n|-damage|p2b: Gyarados|12/100|[from] Sandstorm\n|-heal|p1b: Hatterene|100/100|[from] item: Leftovers\n|upkeep\n|turn|5\n|\n|t:|1788294216\n|detailschange|p2a: Steelix|Steelix-Mega, L50, F\n|-mega|p2a: Steelix|Steelix|Steelixite\n|move|p1a: Lucario|Protect|p1a: Lucario\n|-singleturn|p1a: Lucario|Protect\n|move|p1b: Hatterene|Draining Kiss|p2b: Gyarados\n|-damage|p2b: Gyarados|0 fnt\n|faint|p2b: Gyarados\n|move|p2a: Steelix|High Horsepower|p1a: Lucario\n|-activate|p1a: Lucario|move: Protect\n|\n|-weather|Sandstorm|[upkeep]\n|-damage|p1b: Hatterene|93/100|[from] Sandstorm\n|-heal|p1b: Hatterene|100/100|[from] item: Leftovers\n|-fieldend|move: Trick Room\n|upkeep\n|\n|t:|1788294222\n|switch|p2b: Tyranitar|Tyranitar, L50, M|100/100\n|turn|6\n|\n|t:|1788294247\n|move|p1a: Lucario|Close Combat|p2a: Steelix\n|-supereffective|p2a: Steelix|1\n|-damage|p2a: Steelix|48/100\n|-unboost|p1a: Lucario|def|1\n|-unboost|p1a: Lucario|spd|1\n|move|p2b: Tyranitar|Knock Off|p1b: Hatterene\n|-damage|p1b: Hatterene|35/100\n|-enditem|p1b: Hatterene|Leftovers|[from] move: Knock Off|[of] p2b: Tyranitar\n|-damage|p2b: Tyranitar|90/100|[from] item: Life Orb\n|move|p2a: Steelix|High Horsepower|p1a: Lucario|[miss]\n|-miss|p2a: Steelix|p1a: Lucario\n|move|p1b: Hatterene|Draining Kiss|p2b: Tyranitar\n|-supereffective|p2b: Tyranitar|1\n|-damage|p2b: Tyranitar|62/100\n|-heal|p1b: Hatterene|57/100|[from] drain|[of] p2b: Tyranitar\n|\n|-weather|Sandstorm|[upkeep]\n|-damage|p1b: Hatterene|51/100|[from] Sandstorm\n|upkeep\n|turn|7\n|inactive|squig chungus has 30 seconds left.\n|\n|t:|1788294273\n|move|p1a: Lucario|Close Combat|p2a: Steelix\n|-supereffective|p2a: Steelix|1\n|-damage|p2a: Steelix|0 fnt\n|-unboost|p1a: Lucario|def|1\n|-unboost|p1a: Lucario|spd|1\n|faint|p2a: Steelix\n|move|p2b: Tyranitar|Knock Off|p1a: Lucario\n|-resisted|p1a: Lucario|1\n|-damage|p1a: Lucario|0 fnt\n|-enditem|p1a: Lucario|Expert Belt|[from] move: Knock Off|[of] p2b: Tyranitar\n|faint|p1a: Lucario\n|-damage|p2b: Tyranitar|53/100|[from] item: Life Orb\n|move|p1b: Hatterene|Draining Kiss|p2b: Tyranitar\n|-supereffective|p2b: Tyranitar|1\n|-damage|p2b: Tyranitar|25/100\n|-heal|p1b: Hatterene|73/100|[from] drain|[of] p2b: Tyranitar\n|\n|-weather|none\n|upkeep\n|\n|t:|1788294280\n|switch|p1a: Ninetales|Ninetales, L50, F|93/100\n|switch|p2a: Klefki|Klefki, L50, M|100/100\n|-weather|SunnyDay|[from] ability: Drought|[of] p1a: Ninetales\n|turn|8\n|inactive|BiCyn has 30 seconds left.\n|\n|t:|1788294314\n|move|p2a: Klefki|Sandstorm|p2a: Klefki\n|-weather|Sandstorm\n|move|p1a: Ninetales|Scorching Sands|p2b: Tyranitar\n|-supereffective|p2b: Tyranitar|1\n|-damage|p2b: Tyranitar|5/100\n|move|p2b: Tyranitar|Rock Slide|p1b: Hatterene|[spread] p1a,p1b\n|-supereffective|p1a: Ninetales|1\n|-damage|p1a: Ninetales|0 fnt\n|-damage|p1b: Hatterene|35/100\n|faint|p1a: Ninetales\n|-damage|p2b: Tyranitar|0 fnt|[from] item: Life Orb\n|faint|p2b: Tyranitar\n|move|p1b: Hatterene|Draining Kiss|p2a: Klefki\n|-resisted|p2a: Klefki|1\n|-damage|p2a: Klefki|90/100\n|-heal|p1b: Hatterene|43/100|[from] drain|[of] p2a: Klefki\n|\n|-weather|Sandstorm|[upkeep]\n|-damage|p1b: Hatterene|37/100|[from] Sandstorm\n|-sideend|p2: squig chungus|move: Light Screen\n|upkeep\n|turn|9\n|\n|t:|1788294337\n|move|p2a: Klefki|Light Screen|p2a: Klefki\n|-sidestart|p2: squig chungus|move: Light Screen\n|move|p1b: Hatterene|Draining Kiss|p2a: Klefki\n|-resisted|p2a: Klefki|1\n|-damage|p2a: Klefki|80/100\n|-heal|p1b: Hatterene|44/100|[from] drain|[of] p2a: Klefki\n|\n|-weather|Sandstorm|[upkeep]\n|-damage|p1b: Hatterene|38/100|[from] Sandstorm\n|upkeep\n|turn|10\n|\n|t:|1788294351\n|move|p2a: Klefki|Light Screen||[still]\n|-fail|p2a: Klefki\n|move|p1b: Hatterene|Trick Room|p1b: Hatterene\n|-fieldstart|move: Trick Room|[of] p1b: Hatterene\n|\n|-weather|Sandstorm|[upkeep]\n|-damage|p1b: Hatterene|32/100|[from] Sandstorm\n|upkeep\n|turn|11\n|\n|t:|1788294367\n|move|p2a: Klefki|Light Screen||[still]\n|-fail|p2a: Klefki\n|move|p1b: Hatterene|Draining Kiss|p2a: Klefki\n|-resisted|p2a: Klefki|1\n|-damage|p2a: Klefki|70/100\n|-heal|p1b: Hatterene|40/100|[from] drain|[of] p2a: Klefki\n|\n|-weather|Sandstorm|[upkeep]\n|-damage|p1b: Hatterene|34/100|[from] Sandstorm\n|upkeep\n|turn|12\n|\n|t:|1788294385\n|move|p2a: Klefki|Light Screen||[still]\n|-fail|p2a: Klefki\n|move|p1b: Hatterene|Draining Kiss|p2a: Klefki\n|-resisted|p2a: Klefki|1\n|-damage|p2a: Klefki|60/100\n|-heal|p1b: Hatterene|41/100|[from] drain|[of] p2a: Klefki\n|\n|-weather|none\n|upkeep\n|turn|13\n|\n|t:|1788294400\n|move|p2a: Klefki|Sandstorm|p2a: Klefki\n|-weather|Sandstorm\n|move|p1b: Hatterene|Draining Kiss|p2a: Klefki\n|-resisted|p2a: Klefki|1\n|-damage|p2a: Klefki|51/100\n|-heal|p1b: Hatterene|48/100|[from] drain|[of] p2a: Klefki\n|\n|-weather|Sandstorm|[upkeep]\n|-damage|p1b: Hatterene|42/100|[from] Sandstorm\n|upkeep\n|turn|14\n|c|☆BiCyn|damn\n|c|☆BiCyn|gg\n|\n|t:|1788294419\n|move|p2a: Klefki|Light Screen||[still]\n|-fail|p2a: Klefki\n|move|p1b: Hatterene|Draining Kiss|p2a: Klefki\n|-resisted|p2a: Klefki|1\n|-damage|p2a: Klefki|41/100\n|-heal|p1b: Hatterene|49/100|[from] drain|[of] p2a: Klefki\n|\n|-weather|Sandstorm|[upkeep]\n|-damage|p1b: Hatterene|43/100|[from] Sandstorm\n|-fieldend|move: Trick Room\n|upkeep\n|turn|15\n|\n|t:|1788294430\n|move|p1b: Hatterene|Protect|p1b: Hatterene\n|-singleturn|p1b: Hatterene|Protect\n|move|p2a: Klefki|Light Screen||[still]\n|-fail|p2a: Klefki\n|\n|-weather|Sandstorm|[upkeep]\n|-damage|p1b: Hatterene|37/100|[from] Sandstorm\n|upkeep\n|turn|16\n|\n|t:|1788294439\n|move|p2a: Klefki|Light Screen||[still]\n|-fail|p2a: Klefki\n|move|p1b: Hatterene|Imprison||[still]\n|-fail|p1b: Hatterene\n|\n|-weather|Sandstorm|[upkeep]\n|-damage|p1b: Hatterene|31/100|[from] Sandstorm\n|-sideend|p2: squig chungus|move: Light Screen\n|upkeep\n|turn|17\n|\n|t:|1788294448\n|move|p2a: Klefki|Light Screen|p2a: Klefki\n|-sidestart|p2: squig chungus|move: Light Screen\n|move|p1b: Hatterene|Imprison||[still]\n|-fail|p1b: Hatterene\n|\n|-weather|none\n|upkeep\n|turn|18\n|\n|t:|1788294454\n|move|p2a: Klefki|Light Screen||[still]\n|-fail|p2a: Klefki\n|move|p1b: Hatterene|Imprison||[still]\n|-fail|p1b: Hatterene\n|\n|upkeep\n|turn|19\n|\n|t:|1788294457\n|move|p2a: Klefki|Sandstorm|p2a: Klefki\n|-weather|Sandstorm\n|move|p1b: Hatterene|Imprison||[still]\n|-fail|p1b: Hatterene\n|\n|-weather|Sandstorm|[upkeep]\n|-damage|p1b: Hatterene|25/100|[from] Sandstorm\n|upkeep\n|turn|20\n|\n|t:|1788294464\n|move|p2a: Klefki|Light Screen||[still]\n|-fail|p2a: Klefki\n|move|p1b: Hatterene|Imprison||[still]\n|-fail|p1b: Hatterene\n|\n|-weather|Sandstorm|[upkeep]\n|-damage|p1b: Hatterene|18/100|[from] Sandstorm\n|upkeep\n|turn|21\n|\n|t:|1788294472\n|move|p2a: Klefki|Light Screen||[still]\n|-fail|p2a: Klefki\n|move|p1b: Hatterene|Trick Room|p1b: Hatterene\n|-fieldstart|move: Trick Room|[of] p1b: Hatterene\n|\n|-weather|Sandstorm|[upkeep]\n|-damage|p1b: Hatterene|12/100|[from] Sandstorm\n|upkeep\n|turn|22\n|\n|t:|1788294479\n|move|p2a: Klefki|Light Screen||[still]\n|-fail|p2a: Klefki\n|move|p1b: Hatterene|Imprison||[still]\n|-fail|p1b: Hatterene\n|\n|-weather|Sandstorm|[upkeep]\n|-damage|p1b: Hatterene|6/100|[from] Sandstorm\n|upkeep\n|turn|23\n|\n|t:|1788294488\n|move|p2a: Klefki|Light Screen||[still]\n|-fail|p2a: Klefki\n|move|p1b: Hatterene|Draining Kiss|p2a: Klefki\n|-resisted|p2a: Klefki|1\n|-damage|p2a: Klefki|31/100\n|-heal|p1b: Hatterene|14/100|[from] drain|[of] p2a: Klefki\n|\n|-weather|none\n|upkeep\n|turn|24\n|\n|t:|1788294497\n|move|p2a: Klefki|Sandstorm|p2a: Klefki\n|-weather|Sandstorm\n|move|p1b: Hatterene|Imprison||[still]\n|-fail|p1b: Hatterene\n|\n|-weather|Sandstorm|[upkeep]\n|-damage|p1b: Hatterene|8/100|[from] Sandstorm\n|-sideend|p2: squig chungus|move: Light Screen\n|upkeep\n|turn|25\n|\n|t:|1788294507\n|move|p2a: Klefki|Light Screen|p2a: Klefki\n|-sidestart|p2: squig chungus|move: Light Screen\n|move|p1b: Hatterene|Imprison||[still]\n|-fail|p1b: Hatterene\n|\n|-weather|Sandstorm|[upkeep]\n|-damage|p1b: Hatterene|2/100|[from] Sandstorm\n|-fieldend|move: Trick Room\n|upkeep\n|turn|26\n|\n|t:|1788294518\n|move|p1b: Hatterene|Protect|p1b: Hatterene\n|-singleturn|p1b: Hatterene|Protect\n|move|p2a: Klefki|Light Screen||[still]\n|-fail|p2a: Klefki\n|\n|-weather|Sandstorm|[upkeep]\n|-damage|p1b: Hatterene|0 fnt|[from] Sandstorm\n|faint|p1b: Hatterene\n|\n|win|squig chungus\n|raw|BiCyn's rating: 1078 &rarr; <strong>1057</strong><br />(-21 for losing)\n|raw|squig chungus's rating: 1086 &rarr; <strong>1112</strong><br />(+26 for winning)\n|l|☆BiCyn\n|player|p1|\n","uploadtime":1788294528,"views":"3","formatid":"gen9championsvgc2026regmb","rating":1057,"private":0,"password":null}