{"id":"gen9championsvgc2026regmbbo3-2674673945","format":"[Gen 9 Champions] VGC 2026 Reg M-B (Bo3)","players":["TheClownMage","dkelly1126"],"log":"|j|☆TheClownMage\n|j|☆dkelly1126\n|html|<table width=\"100%\"><tr><td align=\"left\">TheClownMage</td><td align=\"right\">dkelly1126</tr><tr><td align=\"left\"><i class=\"fa fa-circle-o\"></i> <i class=\"fa fa-circle-o\"></i> </td><td align=\"right\"><i class=\"fa fa-circle-o\"></i> <i class=\"fa fa-circle-o\"></i> </tr></table>\n|uhtml|bestof|<h2><strong>Game 1</strong> of <a href=\"/game-bestof3-gen9championsvgc2026regmbbo3-2674673944\">a best-of-3</a></h2>\n|t:|1788388565\n|gametype|doubles\n|player|p1|TheClownMage|waiter|1141\n|player|p2|dkelly1126|101|1221\n|gen|9\n|tier|[Gen 9 Champions] VGC 2026 Reg M-B (Bo3)\n|rated|\n|rule|Species Clause: Limit one of each Pokémon\n|rule|Item Clause: Limit 1 of each item\n|clearpoke\n|poke|p1|Basculegion, L50, M|\n|poke|p1|Archaludon, L50, M|\n|poke|p1|Pelipper, L50, M|\n|poke|p1|Raichu, L50, M|\n|poke|p1|Sinistcha, L50|\n|poke|p1|Kingambit, L50, M|\n|poke|p2|Blastoise, L50, M|\n|poke|p2|Delphox, L50, M|\n|poke|p2|Sinistcha-Masterpiece, L50|\n|poke|p2|Sneasler, L50, F|\n|poke|p2|Kingambit, L50, M|\n|poke|p2|Incineroar, L50, M|\n|teampreview|4\n|showteam|p1|Basculegion||LifeOrb|SwiftSwim|AquaJet,LastRespects,WaveCrash,Protect|Jolly||M|||50|]Archaludon||Leftovers|Stalwart|DragonPulse,ElectroShot,FlashCannon,Protect|Timid||M|||50|]Pelipper||FocusSash|Drizzle|IceBeam,WeatherBall,Hurricane,Tailwind|Timid||M|||50|]Raichu||RaichuniteY|LightningRod|ZapCannon,FocusBlast,FakeOut,AlluringVoice|Hasty||M|||50|]Sinistcha||SitrusBerry|Hospitality|MatchaGotcha,LifeDew,TrickRoom,RagePowder|Relaxed|||||50|]Kingambit||OccaBerry|Defiant|SuckerPunch,KowtowCleave,IronHead,LowKick|Adamant||M|||50|\n|showteam|p2|Blastoise||Blastoisinite|RainDish|WaterSpout,DarkPulse,ShellSmash,Protect|Modest||M|||50|]Delphox||Delphoxite|Blaze|HeatWave,Psychic,NastyPlot,Protect|Timid||M|||50|]Sinistcha-Masterpiece||ColburBerry|Hospitality|MatchaGotcha,RagePowder,TrickRoom,Protect|Bold|||||50|]Sneasler||FocusSash|PoisonTouch|FakeOut,PoisonJab,CloseCombat,QuickGuard|Jolly||F|||50|]Kingambit||LifeOrb|Defiant|KowtowCleave,SuckerPunch,SwordsDance,Protect|Adamant||M|||50|]Incineroar||SitrusBerry|Intimidate|FakeOut,FlareBlitz,ThroatChop,PartingShot|Careful||M|||50|\n|inactive|Battle timer is ON: inactive players will automatically lose when time's up. (requested by TheClownMage)\n|\n|t:|1788388611\n|teamsize|p1|4\n|teamsize|p2|4\n|start\n|switch|p1a: Raichu|Raichu, L50, M|100/100\n|switch|p1b: Archaludon|Archaludon, L50, M|100/100\n|switch|p2a: Blastoise|Blastoise, L50, M|100/100\n|switch|p2b: Sneasler|Sneasler, L50, F|100/100\n|turn|1\n|inactive|TheClownMage has 30 seconds left.\n|inactive|dkelly1126 has 30 seconds left.\n|inactive|TheClownMage has 20 seconds left.\n|inactive|TheClownMage has 15 seconds left.\n|inactive|dkelly1126 has 20 seconds left.\n|inactive|TheClownMage has 10 seconds left.\n|inactive|dkelly1126 has 15 seconds left.\n|inactive|dkelly1126 has 10 seconds left.\n|\n|t:|1788388662\n|detailschange|p1a: Raichu|Raichu-Mega-Y, L50, M\n|-mega|p1a: Raichu|Raichu|Raichunite Y\n|detailschange|p2a: Blastoise|Blastoise-Mega, L50, M\n|-mega|p2a: Blastoise|Blastoise|Blastoisinite\n|move|p2a: Blastoise|Protect|p2a: Blastoise\n|-singleturn|p2a: Blastoise|Protect\n|move|p1a: Raichu|Fake Out|p2b: Sneasler\n|-damage|p2b: Sneasler|84/100\n|cant|p2b: Sneasler|flinch\n|move|p1b: Archaludon|Dragon Pulse|p2b: Sneasler\n|-damage|p2b: Sneasler|29/100\n|\n|upkeep\n|turn|2\n|inactive|TheClownMage has 30 seconds left.\n|inactive|dkelly1126 has 30 seconds left.\n|inactive|TheClownMage has 20 seconds left.\n|inactive|dkelly1126 has 20 seconds left.\n|inactive|dkelly1126 has 15 seconds left.\n|\n|t:|1788388702\n|switch|p2a: Incineroar|Incineroar, L50, M|100/100\n|-ability|p2a: Incineroar|Intimidate|boost\n|-unboost|p1a: Raichu|atk|1\n|-unboost|p1b: Archaludon|atk|1\n|move|p1b: Archaludon|Protect|p1b: Archaludon\n|-singleturn|p1b: Archaludon|Protect\n|move|p1a: Raichu|Zap Cannon|p2a: Incineroar\n|-damage|p2a: Incineroar|42/100\n|-status|p2a: Incineroar|par\n|-enditem|p2a: Incineroar|Sitrus Berry|[eat]\n|-heal|p2a: Incineroar|67/100 par|[from] item: Sitrus Berry\n|move|p2b: Sneasler|Close Combat|p1b: Archaludon\n|-activate|p1b: Archaludon|move: Protect\n|\n|upkeep\n|turn|3\n|inactive|TheClownMage has 30 seconds left.\n|inactive|TheClownMage has 20 seconds left.\n|inactive|TheClownMage has 15 seconds left.\n|inactive|TheClownMage has 10 seconds left.\n|\n|t:|1788388751\n|switch|p1a: Pelipper|Pelipper, L50, M|100/100\n|-weather|RainDance|[from] ability: Drizzle|[of] p1a: Pelipper\n|move|p2a: Incineroar|Fake Out|p1a: Pelipper\n|-damage|p1a: Pelipper|86/100\n|move|p2b: Sneasler|Close Combat|p1a: Pelipper\n|-resisted|p1a: Pelipper|1\n|-damage|p1a: Pelipper|49/100\n|-unboost|p2b: Sneasler|def|1\n|-unboost|p2b: Sneasler|spd|1\n|-status|p1a: Pelipper|psn|[from] ability: Poison Touch|[of] p2b: Sneasler\n|move|p1b: Archaludon|Electro Shot||[still]\n|-prepare|p1b: Archaludon|Electro Shot\n|-boost|p1b: Archaludon|spa|1\n|-anim|p1b: Archaludon|Electro Shot|p2b: Sneasler\n|-damage|p2b: Sneasler|0 fnt\n|faint|p2b: Sneasler\n|\n|-weather|RainDance|[upkeep]\n|-damage|p1a: Pelipper|37/100 psn|[from] psn\n|upkeep\n|\n|t:|1788388769\n|switch|p2b: Blastoise|Blastoise-Mega, L50, M|100/100\n|turn|4\n|\n|t:|1788388787\n|switch|p2b: Kingambit|Kingambit, L50, M|100/100\n|move|p1b: Archaludon|Electro Shot||[still]\n|-prepare|p1b: Archaludon|Electro Shot\n|-boost|p1b: Archaludon|spa|1\n|-anim|p1b: Archaludon|Electro Shot|p2b: Kingambit\n|-damage|p2b: Kingambit|12/100\n|move|p1a: Pelipper|Tailwind|p1a: Pelipper\n|-sidestart|p1: TheClownMage|move: Tailwind\n|move|p2a: Incineroar|Parting Shot|p1b: Archaludon\n|-unboost|p1b: Archaludon|atk|1\n|-unboost|p1b: Archaludon|spa|1\n|\n|t:|1788388798\n|switch|p2a: Blastoise|Blastoise-Mega, L50, M|100/100|[from] Parting Shot\n|\n|-weather|RainDance|[upkeep]\n|-damage|p1a: Pelipper|24/100 psn|[from] psn\n|upkeep\n|turn|5\n|\n|t:|1788388818\n|switch|p1a: Raichu|Raichu-Mega-Y, L50, M|100/100\n|move|p2a: Blastoise|Protect|p2a: Blastoise\n|-singleturn|p2a: Blastoise|Protect\n|move|p2b: Kingambit|Sucker Punch||[still]\n|-fail|p2b: Kingambit\n|move|p1b: Archaludon|Electro Shot||[still]\n|-prepare|p1b: Archaludon|Electro Shot\n|-boost|p1b: Archaludon|spa|1\n|-anim|p1b: Archaludon|Electro Shot|p2a: Blastoise\n|-activate|p2a: Blastoise|move: Protect\n|\n|-weather|RainDance|[upkeep]\n|upkeep\n|turn|6\n|inactive|TheClownMage has 30 seconds left.\n|inactive|dkelly1126 has 30 seconds left.\n|\n|t:|1788388846\n|move|p1a: Raichu|Fake Out|p2a: Blastoise\n|-damage|p2a: Blastoise|92/100\n|move|p1b: Archaludon|Electro Shot||[still]\n|-prepare|p1b: Archaludon|Electro Shot\n|-boost|p1b: Archaludon|spa|1\n|-anim|p1b: Archaludon|Electro Shot|p2a: Blastoise\n|-supereffective|p2a: Blastoise|1\n|-damage|p2a: Blastoise|0 fnt\n|faint|p2a: Blastoise\n|move|p2b: Kingambit|Kowtow Cleave|p1a: Raichu\n|-damage|p1a: Raichu|0 fnt\n|faint|p1a: Raichu\n|-damage|p2b: Kingambit|2/100|[from] item: Life Orb\n|\n|-weather|RainDance|[upkeep]\n|upkeep\n|\n|t:|1788388862\n|switch|p1a: Basculegion|Basculegion, L50, M|100/100\n|switch|p2a: Incineroar|Incineroar, L50, M|67/100 par\n|-ability|p2a: Incineroar|Intimidate|boost\n|-unboost|p1a: Basculegion|atk|1\n|-unboost|p1b: Archaludon|atk|1\n|turn|7\n|\n|t:|1788388875\n|move|p1a: Basculegion|Aqua Jet|p2b: Kingambit\n|-damage|p2b: Kingambit|0 fnt\n|faint|p2b: Kingambit\n|-damage|p1a: Basculegion|90/100|[from] item: Life Orb\n|move|p1b: Archaludon|Dragon Pulse|p2a: Incineroar\n|-damage|p2a: Incineroar|0 fnt\n|faint|p2a: Incineroar\n|\n|win|TheClownMage\n","uploadtime":1788388878,"views":"0","formatid":"gen9championsvgc2026regmbbo3","rating":null,"private":0,"password":null}