{"id":"gen9championsvgc2026regmbbo3-2673896801","format":"[Gen 9 Champions] VGC 2026 Reg M-B (Bo3)","players":["shadow193","Ralph-LM"],"log":"|j|☆shadow193\n|j|☆Ralph-LM\n|html|<table width=\"100%\"><tr><td align=\"left\">shadow193</td><td align=\"right\">Ralph-LM</tr><tr><td align=\"left\"><i class=\"fa fa-circle\"></i> <i class=\"fa fa-circle-o\"></i> </td><td align=\"right\"><i class=\"fa fa-circle-o\"></i> <i class=\"fa fa-circle\"></i> </tr></table>\n|uhtml|bestof|<h2><strong>Game 3</strong> of <a href=\"/game-bestof3-gen9championsvgc2026regmbbo3-2673891632\">a best-of-3</a></h2>\n|t:|1788274393\n|gametype|doubles\n|player|p1|shadow193|veteran|\n|player|p2|Ralph-LM|proton|\n|gen|9\n|tier|[Gen 9 Champions] VGC 2026 Reg M-B (Bo3)\n|rule|Species Clause: Limit one of each Pokémon\n|rule|Item Clause: Limit 1 of each item\n|clearpoke\n|poke|p1|Venusaur, L50, F|\n|poke|p1|Charizard, L50, F|\n|poke|p1|Aerodactyl, L50, M|\n|poke|p1|Primarina, L50, F|\n|poke|p1|Maushold, L50|\n|poke|p1|Gholdengo, L50|\n|poke|p2|Dragalge, L50, M|\n|poke|p2|Toxapex, L50, M|\n|poke|p2|Kingambit, L50, F, shiny|\n|poke|p2|Aurorus, L50, F, shiny|\n|poke|p2|Scrafty, L50, F|\n|poke|p2|Farigiraf, L50, M|\n|teampreview|4\n|showteam|p1|Venusaur||Venusaurite|Overgrow|EarthPower,EnergyBall,SludgeBomb,Protect|Modest||F|||50|]Charizard||CharizarditeX|Blaze|FlareBlitz,DragonClaw,Protect,ThunderPunch|Adamant||F|||50|]Aerodactyl||FocusSash|Pressure|Tailwind,RockSlide,Protect,DualWingbeat|Jolly||M|||50|]Primarina||LifeOrb|LiquidVoice|HyperVoice,Protect,IceBeam,Moonblast|Modest||F|||50|]Maushold||ChopleBerry|FriendGuard|FollowMe,SuperFang,HelpingHand,Protect|Jolly|||||50|]Gholdengo||ChoiceScarf|GoodasGold|MakeItRain,ShadowBall,PowerGem,FocusBlast|Timid|||||50|\n|showteam|p2|Dragalge||Dragalgite|Adaptability|Whirlpool,Toxic,SludgeBomb,Protect|Sassy||M|||50|]Toxapex||SitrusBerry|Regenerator|Toxic,Infestation,Recover,BanefulBunker|Sassy||M|||50|]Kingambit||ChopleBerry|Defiant|KowtowCleave,IronHead,LowKick,Protect|Brave||F|||50|]Aurorus||BabiriBerry|Refrigerate|HyperVoice,AncientPower,Psychic,Protect|Quiet||F|||50|]Scrafty||Scraftinite|Intimidate|FakeOut,KnockOff,CloseCombat,Detect|Brave||F|||50|]Farigiraf||ColburBerry|ArmorTail|TrickRoom,Psychic,HelpingHand,Protect|Relaxed||M|||50|\n|\n|t:|1788274445\n|teamsize|p1|4\n|teamsize|p2|4\n|start\n|switch|p1a: Charizard|Charizard, L50, F|100/100\n|switch|p1b: Primarina|Primarina, L50, F|100/100\n|switch|p2a: Farigiraf|Farigiraf, L50, M|100/100\n|switch|p2b: Toxapex|Toxapex, L50, M|100/100\n|turn|1\n|\n|t:|1788274474\n|detailschange|p1a: Charizard|Charizard-Mega-X, L50, F\n|-mega|p1a: Charizard|Charizard|Charizardite X\n|move|p1a: Charizard|Thunder Punch|p2b: Toxapex\n|-supereffective|p2b: Toxapex|1\n|-damage|p2b: Toxapex|49/100\n|-enditem|p2b: Toxapex|Sitrus Berry|[eat]\n|-heal|p2b: Toxapex|73/100|[from] item: Sitrus Berry\n|move|p1b: Primarina|Moonblast|p2b: Toxapex\n|-resisted|p2b: Toxapex|1\n|-damage|p2b: Toxapex|50/100g\n|-damage|p1b: Primarina|90/100|[from] item: Life Orb\n|move|p2b: Toxapex|Infestation|p1a: Charizard\n|-resisted|p1a: Charizard|1\n|-damage|p1a: Charizard|98/100\n|-activate|p1a: Charizard|move: Infestation|[of] p2b: Toxapex\n|move|p2a: Farigiraf|Trick Room|p2a: Farigiraf\n|-fieldstart|move: Trick Room|[of] p2a: Farigiraf\n|\n|-damage|p1a: Charizard|85/100|[from] move: Infestation|[partiallytrapped]\n|upkeep\n|turn|2\n|\n|t:|1788274531\n|switch|p2a: Aurorus|Aurorus, L50, F, shiny|100/100\n|move|p2b: Toxapex|Baneful Bunker|p2b: Toxapex\n|-singleturn|p2b: Toxapex|move: Protect\n|move|p1b: Primarina|Hyper Voice|p2a: Aurorus|[spread] p2a\n|-activate|p2b: Toxapex|move: Protect\n|-supereffective|p2a: Aurorus|1\n|-damage|p2a: Aurorus|22/100\n|-damage|p1b: Primarina|80/100|[from] item: Life Orb\n|move|p1a: Charizard|Dragon Claw|p2b: Toxapex\n|-activate|p2b: Toxapex|move: Protect\n|-status|p1a: Charizard|psn\n|\n|-damage|p1a: Charizard|73/100 psn|[from] psn\n|-damage|p1a: Charizard|60/100 psn|[from] move: Infestation|[partiallytrapped]\n|upkeep\n|turn|3\n|\n|t:|1788274555\n|move|p1a: Charizard|Protect|p1a: Charizard\n|-singleturn|p1a: Charizard|Protect\n|move|p2b: Toxapex|Recover|p2b: Toxapex\n|-heal|p2b: Toxapex|100/100\n|move|p2a: Aurorus|Ancient Power|p1a: Charizard\n|-activate|p1a: Charizard|move: Protect\n|move|p1b: Primarina|Hyper Voice|p2a: Aurorus|[spread] p2a,p2b\n|-supereffective|p2a: Aurorus|1\n|-resisted|p2b: Toxapex|1\n|-damage|p2a: Aurorus|0 fnt\n|-damage|p2b: Toxapex|84/100\n|faint|p2a: Aurorus\n|-damage|p1b: Primarina|71/100|[from] item: Life Orb\n|\n|-damage|p1a: Charizard|48/100 psn|[from] psn\n|-damage|p1a: Charizard|35/100 psn|[from] move: Infestation|[partiallytrapped]\n|upkeep\n|\n|t:|1788274573\n|switch|p2a: Farigiraf|Farigiraf, L50, M|100/100\n|turn|4\n|\n|t:|1788274583\n|move|p2b: Toxapex|Infestation|p1b: Primarina\n|-resisted|p1b: Primarina|1\n|-damage|p1b: Primarina|70/100\n|-activate|p1b: Primarina|move: Infestation|[of] p2b: Toxapex\n|move|p2a: Farigiraf|Psychic|p1b: Primarina\n|-damage|p1b: Primarina|40/100\n|move|p1b: Primarina|Hyper Voice|p2a: Farigiraf|[spread] p2a,p2b\n|-resisted|p2b: Toxapex|1\n|-damage|p2a: Farigiraf|60/100\n|-damage|p2b: Toxapex|67/100\n|-damage|p1b: Primarina|31/100|[from] item: Life Orb\n|move|p1a: Charizard|Dragon Claw|p2a: Farigiraf\n|-damage|p2a: Farigiraf|8/100\n|\n|-damage|p1a: Charizard|23/100 psn|[from] psn\n|-damage|p1b: Primarina|18/100|[from] move: Infestation|[partiallytrapped]\n|-damage|p1a: Charizard|10/100 psn|[from] move: Infestation|[partiallytrapped]\n|upkeep\n|turn|5\n|\n|t:|1788274609\n|move|p2a: Farigiraf|Protect|p2a: Farigiraf\n|-singleturn|p2a: Farigiraf|Protect\n|move|p1b: Primarina|Protect|p1b: Primarina\n|-singleturn|p1b: Primarina|Protect\n|move|p2b: Toxapex|Recover|p2b: Toxapex\n|-heal|p2b: Toxapex|100/100\n|move|p1a: Charizard|Thunder Punch|p2b: Toxapex\n|-supereffective|p2b: Toxapex|1\n|-damage|p2b: Toxapex|41/100\n|\n|-damage|p1a: Charizard|0 fnt|[from] psn\n|faint|p1a: Charizard\n|-damage|p1b: Primarina|6/100|[from] move: Infestation|[partiallytrapped]\n|-fieldend|move: Trick Room\n|upkeep\n|\n|t:|1788274621\n|switch|p1a: Venusaur|Venusaur, L50, F|100/100\n|turn|6\n|\n|t:|1788274632\n|move|p2a: Farigiraf|Protect|p2a: Farigiraf\n|-singleturn|p2a: Farigiraf|Protect\n|move|p2b: Toxapex|Baneful Bunker|p2b: Toxapex\n|-singleturn|p2b: Toxapex|move: Protect\n|move|p1a: Venusaur|Earth Power|p2b: Toxapex\n|-activate|p2b: Toxapex|move: Protect\n|move|p1b: Primarina|Hyper Voice|p2a: Farigiraf|[spread] \n|-activate|p2a: Farigiraf|move: Protect\n|-activate|p2b: Toxapex|move: Protect\n|\n|-damage|p1b: Primarina|0 fnt|[from] move: Infestation|[partiallytrapped]\n|faint|p1b: Primarina\n|upkeep\n|\n|t:|1788274637\n|switch|p1b: Gholdengo|Gholdengo, L50|100/100\n|turn|7\n|\n|t:|1788274658\n|move|p1b: Gholdengo|Power Gem|p2a: Farigiraf\n|-damage|p2a: Farigiraf|0 fnt\n|faint|p2a: Farigiraf\n|move|p1a: Venusaur|Earth Power|p2b: Toxapex\n|-supereffective|p2b: Toxapex|1\n|-damage|p2b: Toxapex|0 fnt\n|faint|p2b: Toxapex\n|\n|upkeep\n|\n|t:|1788274669\n|switch|p2a: Scrafty|Scrafty, L50, F|100/100\n|-ability|p2a: Scrafty|Intimidate|boost\n|-unboost|p1a: Venusaur|atk|1\n|-unboost|p1b: Gholdengo|atk|1\n|turn|8\n|\n|t:|1788274679\n|detailschange|p2a: Scrafty|Scrafty-Mega, L50, F\n|-mega|p2a: Scrafty|Scrafty|Scraftinite\n|-ability|p2a: Scrafty|Intimidate|boost\n|-unboost|p1a: Venusaur|atk|1\n|-unboost|p1b: Gholdengo|atk|1\n|move|p1b: Gholdengo|Power Gem|p2a: Scrafty\n|-resisted|p2a: Scrafty|1\n|-damage|p2a: Scrafty|87/100\n|move|p1a: Venusaur|Sludge Bomb|p2a: Scrafty\n|-damage|p2a: Scrafty|53/100\n|-status|p2a: Scrafty|psn\n|move|p2a: Scrafty|Knock Off|p1b: Gholdengo\n|-supereffective|p1b: Gholdengo|1\n|-damage|p1b: Gholdengo|0 fnt\n|-enditem|p1b: Gholdengo|Choice Scarf|[from] move: Knock Off|[of] p2a: Scrafty\n|faint|p1b: Gholdengo\n|\n|-damage|p2a: Scrafty|40/100 psn|[from] psn\n|upkeep\n|turn|9\n|\n|t:|1788274708\n|move|p1a: Venusaur|Protect|p1a: Venusaur\n|-singleturn|p1a: Venusaur|Protect\n|move|p2a: Scrafty|Close Combat|p1a: Venusaur\n|-activate|p1a: Venusaur|move: Protect\n|\n|-damage|p2a: Scrafty|28/100 psn|[from] psn\n|upkeep\n|turn|10\n|\n|t:|1788274718\n|move|p1a: Venusaur|Sludge Bomb|p2a: Scrafty\n|-damage|p2a: Scrafty|0 fnt\n|faint|p2a: Scrafty\n|\n|win|shadow193\n","uploadtime":1788274718,"views":"1","formatid":"gen9championsvgc2026regmbbo3","rating":null,"private":0,"password":null}