{"id":"gen9championsvgc2026regmb-2674653684","format":"[Gen 9 Champions] VGC 2026 Reg M-B","players":["nicolastomato","Noobiedoobie537"],"log":"|j|☆nicolastomato\n|j|☆Noobiedoobie537\n|t:|1788385609\n|gametype|doubles\n|player|p1|nicolastomato|1|1177\n|player|p2|Noobiedoobie537|lucas-gen4pt|1160\n|gen|9\n|tier|[Gen 9 Champions] VGC 2026 Reg M-B\n|rated|\n|rule|Species Clause: Limit one of each Pokémon\n|rule|Item Clause: Limit 1 of each item\n|clearpoke\n|poke|p1|Archaludon, L50, F|\n|poke|p1|Politoed, L50, F|\n|poke|p1|Swampert, L50, F|\n|poke|p1|Incineroar, L50, M|\n|poke|p1|Sinistcha, L50|\n|poke|p1|Dragonite, L50, M|\n|poke|p2|Metagross, L50, shiny|\n|poke|p2|Ceruledge, L50, F|\n|poke|p2|Kommo-o, L50, F|\n|poke|p2|Swampert, L50, M|\n|poke|p2|Weavile, L50, F|\n|poke|p2|Whimsicott, L50, M|\n|teampreview|4\n|inactive|Battle timer is ON: inactive players will automatically lose when time's up. (requested by nicolastomato)\n|inactive|nicolastomato has 60 seconds left.\n|inactive|Noobiedoobie537 has 60 seconds left.\n|\n|t:|1788385646\n|teamsize|p1|4\n|teamsize|p2|4\n|start\n|switch|p1a: Sinistcha|Sinistcha, L50|100/100\n|switch|p1b: Incineroar|Incineroar, L50, M|100/100\n|switch|p2a: Kommo-o|Kommo-o, L50, F|100/100\n|switch|p2b: Whimsicott|Whimsicott, L50, M|100/100\n|-ability|p1b: Incineroar|Intimidate|boost\n|-unboost|p2a: Kommo-o|atk|1\n|-unboost|p2b: Whimsicott|atk|1\n|turn|1\n|inactive|nicolastomato has 30 seconds left.\n|inactive|nicolastomato has 20 seconds left.\n|inactive|nicolastomato has 15 seconds left.\n|inactive|nicolastomato has 10 seconds left.\n|\n|t:|1788385692\n|move|p2b: Whimsicott|Tickle|p1b: Incineroar\n|-hint|Since gen 7, Dark is immune to Prankster moves.\n|-immune|p1b: Incineroar\n|move|p2a: Kommo-o|Clangorous Soul|p2a: Kommo-o\n|-boost|p2a: Kommo-o|atk|1\n|-boost|p2a: Kommo-o|def|1\n|-boost|p2a: Kommo-o|spa|1\n|-boost|p2a: Kommo-o|spd|1\n|-boost|p2a: Kommo-o|spe|1\n|-damage|p2a: Kommo-o|67/100\n|move|p1a: Sinistcha|Matcha Gotcha|p2b: Whimsicott|[spread] p2a\n|-miss|p1a: Sinistcha|p2b: Whimsicott\n|-resisted|p2a: Kommo-o|1\n|-damage|p2a: Kommo-o|57/100\n|move|p1b: Incineroar|Flare Blitz|p2b: Whimsicott\n|-supereffective|p2b: Whimsicott|1\n|-enditem|p2b: Whimsicott|Occa Berry|[eat]\n|-enditem|p2b: Whimsicott|Occa Berry|[weaken]\n|-damage|p2b: Whimsicott|34/100\n|-damage|p1b: Incineroar|82/100|[from] Recoil\n|\n|upkeep\n|turn|2\n|inactive|Noobiedoobie537 has 30 seconds left.\n|\n|t:|1788385724\n|move|p1a: Sinistcha|Rage Powder|p1a: Sinistcha\n|-singleturn|p1a: Sinistcha|move: Rage Powder\n|move|p2b: Whimsicott|Light Screen|p2b: Whimsicott\n|-sidestart|p2: Noobiedoobie537|move: Light Screen\n|move|p2a: Kommo-o|Clanging Scales|p1b: Incineroar|[spread] p1a,p1b\n|-damage|p1a: Sinistcha|45/100\n|-damage|p1b: Incineroar|27/100\n|-unboost|p2a: Kommo-o|def|1\n|move|p1b: Incineroar|Parting Shot|p2a: Kommo-o\n|-immune|p2a: Kommo-o|[from] ability: Soundproof\n|\n|-heal|p1a: Sinistcha|51/100|[from] item: Leftovers\n|upkeep\n|turn|3\n|inactive|nicolastomato has 30 seconds left.\n|inactive|nicolastomato has 20 seconds left.\n|inactive|nicolastomato has 15 seconds left.\n|inactive|nicolastomato has 10 seconds left.\n|\n|t:|1788385770\n|switch|p1b: Politoed|Politoed, L50, F|100/100\n|-weather|RainDance|[from] ability: Drizzle|[of] p1b: Politoed\n|move|p2a: Kommo-o|Clanging Scales|p1b: Politoed|[spread] p1a,p1b\n|-damage|p1a: Sinistcha|0 fnt\n|-damage|p1b: Politoed|41/100\n|-enditem|p1b: Politoed|Sitrus Berry|[eat]\n|-heal|p1b: Politoed|66/100|[from] item: Sitrus Berry\n|faint|p1a: Sinistcha\n|-unboost|p2a: Kommo-o|def|1\n|move|p2b: Whimsicott|Moonblast|p1b: Politoed\n|-damage|p1b: Politoed|43/100\n|-unboost|p1b: Politoed|spa|1\n|\n|-weather|RainDance|[upkeep]\n|upkeep\n|\n|t:|1788385786\n|switch|p1a: Swampert|Swampert, L50, F|100/100\n|turn|4\n|\n|t:|1788385805\n|detailschange|p1a: Swampert|Swampert-Mega, L50, F\n|-mega|p1a: Swampert|Swampert|Swampertite\n|move|p2a: Kommo-o|Protect|p2a: Kommo-o\n|-singleturn|p2a: Kommo-o|Protect\n|move|p1b: Politoed|Protect|p1b: Politoed\n|-singleturn|p1b: Politoed|Protect\n|move|p2b: Whimsicott|Tickle|p1a: Swampert\n|-unboost|p1a: Swampert|atk|1\n|-unboost|p1a: Swampert|def|1\n|move|p1a: Swampert|Earthquake|p2a: Kommo-o|[spread] p2b\n|-activate|p1b: Politoed|move: Protect\n|-activate|p2a: Kommo-o|move: Protect\n|-resisted|p2b: Whimsicott|1\n|-damage|p2b: Whimsicott|19/100\n|\n|-weather|RainDance|[upkeep]\n|upkeep\n|turn|5\n|\n|t:|1788385824\n|move|p1a: Swampert|Protect|p1a: Swampert\n|-singleturn|p1a: Swampert|Protect\n|move|p2b: Whimsicott|Tickle|p1a: Swampert\n|-activate|p1a: Swampert|move: Protect\n|move|p2a: Kommo-o|Clanging Scales|p1a: Swampert|[spread] p1b\n|-activate|p1a: Swampert|move: Protect\n|-damage|p1b: Politoed|0 fnt\n|faint|p1b: Politoed\n|-unboost|p2a: Kommo-o|def|1\n|\n|-weather|RainDance|[upkeep]\n|upkeep\n|-message|nicolastomato forfeited.\n|\n|win|Noobiedoobie537\n|raw|nicolastomato's rating: 1177 &rarr; <strong>1151</strong><br />(-26 for losing)\n|raw|Noobiedoobie537's rating: 1160 &rarr; <strong>1186</strong><br />(+26 for winning)\n|l|☆nicolastomato\n|player|p1|\n","uploadtime":1788385834,"views":"0","formatid":"gen9championsvgc2026regmb","rating":1151,"private":0,"password":null}