{"id":"gen9championsvgc2026regmb-2674635908","format":"[Gen 9 Champions] VGC 2026 Reg M-B","players":["Amy Pyre","Pandasd_6"],"log":"|j|☆Amy Pyre\n|j|☆Pandasd_6\n|t:|1788383185\n|gametype|doubles\n|player|p1|Amy Pyre|kabu-masters|1113\n|player|p2|Pandasd_6|169|1097\n|gen|9\n|tier|[Gen 9 Champions] VGC 2026 Reg M-B\n|rated|\n|rule|Species Clause: Limit one of each Pokémon\n|rule|Item Clause: Limit 1 of each item\n|clearpoke\n|poke|p1|Froslass, L50, F|\n|poke|p1|Scovillain, L50, M|\n|poke|p1|Lycanroc-Dusk, L50, F|\n|poke|p1|Basculegion, L50, M|\n|poke|p1|Kingambit, L50, F|\n|poke|p1|Sneasler, L50, F|\n|poke|p2|Gengar, L50, M|\n|poke|p2|Raichu, L50, F|\n|poke|p2|Blastoise, L50, M|\n|poke|p2|Sinistcha-Masterpiece, L50|\n|poke|p2|Incineroar, L50, M|\n|poke|p2|Hydreigon, L50, F|\n|teampreview|4\nAmy Pyre rejected open team sheets.\n|inactive|Battle timer is ON: inactive players will automatically lose when time's up. (requested by Amy Pyre)\n|\n|t:|1788383235\n|teamsize|p1|4\n|teamsize|p2|4\n|start\n|switch|p1a: GUT PUNCH!!!!!|Kingambit, L50, F|100/100\n|switch|p1b: Harley|Sneasler, L50, F|100/100\n|switch|p2a: Gengar|Gengar, L50, M|100/100\n|switch|p2b: Raichu|Raichu, L50, F|100/100\n|turn|1\n|\n|t:|1788383257\n|detailschange|p2a: Gengar|Gengar-Mega, L50, M\n|-mega|p2a: Gengar|Gengar|Gengarite\n|move|p2b: Raichu|Fake Out|p1a: GUT PUNCH!!!!!\n|-resisted|p1a: GUT PUNCH!!!!!|1\n|-damage|p1a: GUT PUNCH!!!!!|96/100\n|move|p1b: Harley|Fake Out|p2b: Raichu\n|-damage|p2b: Raichu|67/100\n|move|p2a: Gengar|Perish Song|p2a: Gengar\n|-start|p1a: GUT PUNCH!!!!!|perish3|[silent]\n|-start|p1b: Harley|perish3|[silent]\n|-start|p2a: Gengar|perish3|[silent]\n|-start|p2b: Raichu|perish3|[silent]\n|-fieldactivate|move: Perish Song\n|cant|p1a: GUT PUNCH!!!!!|flinch\n|\n|-start|p2a: Gengar|perish3\n|-start|p2b: Raichu|perish3\n|-start|p1b: Harley|perish3\n|-start|p1a: GUT PUNCH!!!!!|perish3\n|upkeep\n|turn|2\n|c|☆Amy Pyre|YOU A COWARD\n|c|☆Pandasd_6|Why\n|inactive|Amy Pyre has 30 seconds left.\n|c|☆Amy Pyre|perish trap\n|c|☆Amy Pyre|REALLY\n|inactive|Amy Pyre has 20 seconds left.\n|inactive|Amy Pyre has 15 seconds left.\n|\n|t:|1788383298\n|move|p2a: Gengar|Protect|p2a: Gengar\n|-singleturn|p2a: Gengar|Protect\n|move|p1a: GUT PUNCH!!!!!|Sucker Punch||[still]\n|-fail|p1a: GUT PUNCH!!!!!\n|move|p2b: Raichu|Nuzzle|p1b: Harley\n|-damage|p1b: Harley|84/100\n|-status|p1b: Harley|par\n|move|p1b: Harley|Gunk Shot|p2b: Raichu|[miss]\n|-miss|p1b: Harley|p2b: Raichu\n|\n|-start|p2a: Gengar|perish2\n|-start|p2b: Raichu|perish2\n|-start|p1b: Harley|perish2\n|-start|p1a: GUT PUNCH!!!!!|perish2\n|upkeep\n|turn|3\n|c|☆Pandasd_6|This is like the least viable strategy these days\n|c|☆Amy Pyre|still annoying tho\n|inactive|Amy Pyre has 30 seconds left.\n|c|☆Pandasd_6|I suppose\n|\n|t:|1788383327\n|switch|p2a: Sinistcha|Sinistcha-Masterpiece, L50|100/100\n|-heal|p2b: Raichu|92/100|[from] ability: Hospitality|[of] p2a: Sinistcha\n|move|p1a: GUT PUNCH!!!!!|Sucker Punch||[still]\n|-fail|p1a: GUT PUNCH!!!!!\n|move|p2b: Raichu|Volt Switch|p1a: GUT PUNCH!!!!!\n|-damage|p1a: GUT PUNCH!!!!!|80/100\n|c|☆Amy Pyre|sorry for all caps before\n|c|☆Pandasd_6|I'm practicing for a tournament cuz it's fun\n|\n|t:|1788383339\n|switch|p2b: Gengar|Gengar-Mega, L50, M|100/100|[from] Volt Switch\n|move|p1b: Harley|Gunk Shot|p2b: Gengar|[miss]\n|-miss|p1b: Harley|p2b: Gengar\n|\n|-start|p1b: Harley|perish1\n|-start|p1a: GUT PUNCH!!!!!|perish1\n|upkeep\n|turn|4\n|\n|t:|1788383353\n|switch|p2a: Incineroar|Incineroar, L50, M|100/100\n|-ability|p2a: Incineroar|Intimidate|boost\n|-unboost|p1a: GUT PUNCH!!!!!|atk|1\n|-ability|p1a: GUT PUNCH!!!!!|Defiant|boost\n|-boost|p1a: GUT PUNCH!!!!!|atk|2\n|-unboost|p1b: Harley|atk|1\n|-enditem|p1b: Harley|White Herb\n|-clearnegativeboost|p1b: Harley|[silent]\n|move|p2b: Gengar|Protect|p2b: Gengar\n|-singleturn|p2b: Gengar|Protect\n|move|p1b: Harley|Gunk Shot|p2a: Incineroar\n|-damage|p2a: Incineroar|37/100\n|-status|p2a: Incineroar|psn\n|-enditem|p2a: Incineroar|Sitrus Berry|[eat]\n|-heal|p2a: Incineroar|61/100 psn|[from] item: Sitrus Berry\n|move|p1a: GUT PUNCH!!!!!|Kowtow Cleave|p2b: Gengar\n|-activate|p2b: Gengar|move: Protect\n|\n|-damage|p2a: Incineroar|49/100 psn|[from] psn\n|-start|p1b: Harley|perish0\n|-start|p1a: GUT PUNCH!!!!!|perish0\n|faint|p1b: Harley\n|faint|p1a: GUT PUNCH!!!!!\n|upkeep\n|\n|t:|1788383375\n|switch|p1b: Joe & Tony|Scovillain, L50, M|100/100\n|switch|p1a: fish!|Basculegion, L50, M|100/100\n|turn|5\n|c|☆Amy Pyre|does perish go through protect?\n|inactive|Amy Pyre has 30 seconds left.\n|c|☆Pandasd_6|Yes it does\n|c|☆Amy Pyre|or is it only throat chop and soundproof that stop it\n|inactive|Amy Pyre has 20 seconds left.\n|c|☆Amy Pyre|DAM\n|c|☆Pandasd_6|I think yeah\n|inactive|Amy Pyre has 15 seconds left.\n|c|☆Pandasd_6|Actually maybe Sub as well?\n|inactive|Amy Pyre has 10 seconds left.\n|\n|t:|1788383421\n|detailschange|p1b: Joe & Tony|Scovillain-Mega, L50, M\n|-mega|p1b: Joe & Tony|Scovillain|Scovillainite\n|move|p2a: Incineroar|Fake Out|p1b: Joe & Tony\n|-damage|p1b: Joe & Tony|90/100\n|move|p1a: fish!|Aqua Jet|p2a: Incineroar\n|-supereffective|p2a: Incineroar|1\n|-damage|p2a: Incineroar|0 fnt\n|faint|p2a: Incineroar\n|-damage|p1a: fish!|90/100|[from] item: Life Orb\n|move|p2b: Gengar|Perish Song|p2b: Gengar\n|-start|p1a: fish!|perish3|[silent]\n|-start|p1b: Joe & Tony|perish3|[silent]\n|-start|p2b: Gengar|perish3|[silent]\n|-fieldactivate|move: Perish Song\n|cant|p1b: Joe & Tony|flinch\n|\n|-start|p2b: Gengar|perish3\n|-start|p1a: fish!|perish3\n|-start|p1b: Joe & Tony|perish3\n|upkeep\n|c|☆Amy Pyre|dam\n|c|☆Pandasd_6|I'm not sure about it\n|\n|t:|1788383436\n|switch|p2a: Raichu|Raichu, L50, F|92/100\n|turn|6\n|c|☆Amy Pyre|fake out I assume\n|c|☆Amy Pyre|be honest\n|c|☆Pandasd_6|I do have it but at this point I don't need to use it\n|inactive|Amy Pyre has 30 seconds left.\n|c|☆Amy Pyre|oh ok\n|inactive|Amy Pyre has 20 seconds left.\n|\n|t:|1788383473\n|move|p2b: Gengar|Protect|p2b: Gengar\n|-singleturn|p2b: Gengar|Protect\n|move|p2a: Raichu|Protect|p2a: Raichu\n|-singleturn|p2a: Raichu|Protect\n|move|p1a: fish!|Last Respects|p2b: Gengar\n|-activate|p2b: Gengar|move: Protect\n|move|p1b: Joe & Tony|Overheat|p2a: Raichu\n|-activate|p2a: Raichu|move: Protect\n|\n|-start|p2b: Gengar|perish2\n|-start|p1a: fish!|perish2\n|-start|p1b: Joe & Tony|perish2\n|upkeep\n|turn|7\n|c|☆Pandasd_6|I have protect on everything since I'm playing Perish Trap, and I have 3 mons left so there's genuinely no chance to survive here\n|inactive|Amy Pyre has 30 seconds left.\n|\n|t:|1788383500\n|switch|p2b: Sinistcha|Sinistcha-Masterpiece, L50|100/100\n|-heal|p2a: Raichu|100/100|[from] ability: Hospitality|[of] p2b: Sinistcha\n|move|p2a: Raichu|Protect||[still]\n|-fail|p2a: Raichu\n|move|p1a: fish!|Last Respects|p2a: Raichu\n|-damage|p2a: Raichu|0 fnt\n|faint|p2a: Raichu\n|-damage|p1a: fish!|80/100|[from] item: Life Orb\n|move|p1b: Joe & Tony|Overheat|p2b: Sinistcha\n|-supereffective|p2b: Sinistcha|1\n|-damage|p2b: Sinistcha|0 fnt\n|-unboost|p1b: Joe & Tony|spa|2\n|faint|p2b: Sinistcha\n|\n|-start|p1a: fish!|perish1\n|-start|p1b: Joe & Tony|perish1\n|upkeep\n|\n|t:|1788383510\n|switch|p2b: Gengar|Gengar-Mega, L50, M|100/100\n|turn|8\n|c|☆Amy Pyre|wait hold up\n|c|☆Pandasd_6|Yeah\n|c|☆Amy Pyre|oh wait\n|inactive|Amy Pyre has 30 seconds left.\n|c|☆Amy Pyre|u protect and win\n|c|☆Pandasd_6|Yup\n|c|☆Amy Pyre|gg\n|inactive|Amy Pyre has 20 seconds left.\n|c|☆Pandasd_6|You can't win a 2v3 against Perish\n|inactive|Amy Pyre has 15 seconds left.\n|c|☆Pandasd_6|GGs\n|c|☆Amy Pyre|I was gonna last respects and overheat\n|\n|t:|1788383555\n|move|p2b: Gengar|Protect|p2b: Gengar\n|-singleturn|p2b: Gengar|Protect\n|move|p1a: fish!|Last Respects|p2b: Gengar\n|-activate|p2b: Gengar|move: Protect\n|move|p1b: Joe & Tony|Overheat|p2b: Gengar\n|-activate|p2b: Gengar|move: Protect\n|\n|-start|p1a: fish!|perish0\n|-start|p1b: Joe & Tony|perish0\n|faint|p1a: fish!\n|faint|p1b: Joe & Tony\n|\n|win|Pandasd_6\n|raw|Amy Pyre's rating: 1113 &rarr; <strong>1087</strong><br />(-26 for losing)\n|raw|Pandasd_6's rating: 1097 &rarr; <strong>1124</strong><br />(+27 for winning)\n|c|☆Amy Pyre|gg\n|c|☆Pandasd_6|Have fun next!\n|c|☆Amy Pyre|u to\n|l|☆Amy Pyre\n|player|p1|\n","uploadtime":1788383597,"views":"2","formatid":"gen9championsvgc2026regmb","rating":1087,"private":0,"password":null}