{"id":"gen9championsvgc2026regmb-2674805052","format":"[Gen 9 Champions] VGC 2026 Reg M-B","players":["cristorresgz","SpaghettiBoy25"],"log":"|j|☆cristorresgz\n|j|☆SpaghettiBoy25\n|t:|1788410238\n|gametype|doubles\n|player|p1|cristorresgz|101|1233\n|player|p2|SpaghettiBoy25|fantina|1179\n|gen|9\n|tier|[Gen 9 Champions] VGC 2026 Reg M-B\n|rated|\n|rule|Species Clause: Limit one of each Pokémon\n|rule|Item Clause: Limit 1 of each item\n|clearpoke\n|poke|p1|Greninja, L50, F|\n|poke|p1|Venusaur, L50, M|\n|poke|p1|Aerodactyl, L50, M|\n|poke|p1|Garchomp, L50, M|\n|poke|p1|Delphox, L50, F|\n|poke|p1|Aegislash, L50, F|\n|poke|p2|Excadrill, L50, M|\n|poke|p2|Staraptor, L50, M|\n|poke|p2|Gholdengo, L50|\n|poke|p2|Tyranitar, L50, M|\n|poke|p2|Milotic, L50, F, shiny|\n|poke|p2|Sinistcha-Masterpiece, L50|\n|teampreview|4\n|inactive|Battle timer is ON: inactive players will automatically lose when time's up. (requested by cristorresgz)\n|inactive|SpaghettiBoy25 has 60 seconds left.\n|\n|t:|1788410278\n|teamsize|p1|4\n|teamsize|p2|4\n|start\n|switch|p1a: Greninja|Greninja, L50, F|100/100\n|switch|p1b: Aerodactyl|Aerodactyl, L50, M|100/100\n|switch|p2a: Tyranitar|Tyranitar, L50, M|100/100\n|switch|p2b: Excadrill|Excadrill, L50, M|100/100\n|-ability|p1b: Aerodactyl|Unnerve\n|-weather|Sandstorm|[from] ability: Sand Stream|[of] p2a: Tyranitar\n|turn|1\n|\n|t:|1788410299\n|detailschange|p2a: Tyranitar|Tyranitar-Mega, L50, M\n|-mega|p2a: Tyranitar|Tyranitar|Tyranitarite\n|move|p2b: Excadrill|Protect|p2b: Excadrill\n|-singleturn|p2b: Excadrill|Protect\n|move|p1b: Aerodactyl|Protect|p1b: Aerodactyl\n|-singleturn|p1b: Aerodactyl|Protect\n|move|p1a: Greninja|Surf|p2b: Excadrill|[spread] p2a\n|-start|p1a: Greninja|typechange|Water|[from] ability: Protean\n|-activate|p1b: Aerodactyl|move: Protect\n|-activate|p2b: Excadrill|move: Protect\n|-supereffective|p2a: Tyranitar|1\n|-damage|p2a: Tyranitar|68/100\n|move|p2a: Tyranitar|Low Kick|p1a: Greninja\n|-damage|p1a: Greninja|62/100\n|\n|-weather|Sandstorm|[upkeep]\n|-damage|p1a: Greninja|56/100|[from] Sandstorm\n|upkeep\n|turn|2\n|inactive|cristorresgz has 30 seconds left.\n|inactive|SpaghettiBoy25 has 30 seconds left.\n|\n|t:|1788410325\n|switch|p1a: Aegislash|Aegislash, L50, F|100/100\n|switch|p2a: Milotic|Milotic, L50, F, shiny|100/100\n|move|p2b: Excadrill|Iron Head|p1b: Aerodactyl\n|-supereffective|p1b: Aerodactyl|1\n|-enditem|p1b: Aerodactyl|Focus Sash\n|-damage|p1b: Aerodactyl|1/100\n|move|p1b: Aerodactyl|Tailwind|p1b: Aerodactyl\n|-sidestart|p1: cristorresgz|move: Tailwind\n|\n|-weather|Sandstorm|[upkeep]\n|-damage|p2a: Milotic|93/100|[from] Sandstorm\n|upkeep\n|turn|3\n|inactive|SpaghettiBoy25 has 30 seconds left.\n|\n|t:|1788410353\n|move|p2b: Excadrill|Protect|p2b: Excadrill\n|-singleturn|p2b: Excadrill|Protect\n|move|p1b: Aerodactyl|Rock Slide|p2b: Excadrill|[spread] p2a\n|-activate|p2b: Excadrill|move: Protect\n|-damage|p2a: Milotic|69/100\n|-formechange|p1a: Aegislash|Aegislash-Blade|\n|move|p1a: Aegislash|Close Combat|p2b: Excadrill\n|-activate|p2b: Excadrill|move: Protect\n|move|p2a: Milotic|Icy Wind|p1b: Aerodactyl|[spread] p1a,p1b\n|-resisted|p1a: Aegislash|1\n|-supereffective|p1b: Aerodactyl|1\n|-damage|p1a: Aegislash|91/100\n|-damage|p1b: Aerodactyl|0 fnt\n|-unboost|p1a: Aegislash|spe|1\n|faint|p1b: Aerodactyl\n|\n|-weather|Sandstorm|[upkeep]\n|-damage|p2a: Milotic|63/100|[from] Sandstorm\n|-heal|p1a: Aegislash|97/100|[from] item: Leftovers\n|upkeep\n|\n|t:|1788410366\n|switch|p1b: Garchomp|Garchomp, L50, M|100/100\n|turn|4\n|\n|t:|1788410378\n|switch|p2b: Staraptor|Staraptor, L50, M|100/100\n|-ability|p2b: Staraptor|Intimidate|boost\n|-unboost|p1a: Aegislash|atk|1\n|-unboost|p1b: Garchomp|atk|1\n|-formechange|p1a: Aegislash|Aegislash|\n|move|p1a: Aegislash|King's Shield|p1a: Aegislash\n|-singleturn|p1a: Aegislash|Protect\n|move|p1b: Garchomp|Earthquake|p2b: Staraptor|[spread] p2a\n|-activate|p1a: Aegislash|move: Protect\n|-immune|p2b: Staraptor\n|-damage|p2a: Milotic|34/100\n|-enditem|p2a: Milotic|Sitrus Berry|[eat]\n|-heal|p2a: Milotic|59/100|[from] item: Sitrus Berry\n|-damage|p1b: Garchomp|90/100|[from] item: Life Orb\n|move|p2a: Milotic|Icy Wind|p1b: Garchomp|[spread] p1b\n|-activate|p1a: Aegislash|move: Protect\n|-supereffective|p1b: Garchomp|2\n|-damage|p1b: Garchomp|47/100\n|-unboost|p1b: Garchomp|spe|1\n|\n|-weather|Sandstorm|[upkeep]\n|-damage|p2b: Staraptor|93/100|[from] Sandstorm\n|-damage|p2a: Milotic|53/100|[from] Sandstorm\n|-heal|p1a: Aegislash|100/100|[from] item: Leftovers\n|upkeep\n|turn|5\n|inactive|cristorresgz has 30 seconds left.\n|inactive|SpaghettiBoy25 has 30 seconds left.\n|\n|t:|1788410415\n|switch|p1b: Greninja|Greninja, L50, F|56/100\n|move|p2a: Milotic|Protect|p2a: Milotic\n|-singleturn|p2a: Milotic|Protect\n|move|p2b: Staraptor|Tailwind|p2b: Staraptor\n|-sidestart|p2: SpaghettiBoy25|move: Tailwind\n|-formechange|p1a: Aegislash|Aegislash-Blade|\n|move|p1a: Aegislash|Close Combat|p2a: Milotic\n|-activate|p2a: Milotic|move: Protect\n|\n|-weather|none\n|-sideend|p1: cristorresgz|move: Tailwind\n|upkeep\n|turn|6\n|inactive|SpaghettiBoy25 has 30 seconds left.\n|\n|t:|1788410443\n|switch|p1a: Garchomp|Garchomp, L50, M|47/100\n|detailschange|p1b: Greninja|Greninja-Mega, L50, F\n|-mega|p1b: Greninja|Greninja|Greninjite\n|move|p2b: Staraptor|Brave Bird|p1b: Greninja\n|-damage|p1b: Greninja|0 fnt\n|faint|p1b: Greninja\n|-damage|p2b: Staraptor|76/100|[from] Recoil\n|move|p2a: Milotic|Scald|p1a: Garchomp\n|-damage|p1a: Garchomp|17/100\n|\n|upkeep\n|\n|t:|1788410451\n|switch|p1b: Aegislash|Aegislash, L50, F|100/100\n|turn|7\n|-message|cristorresgz forfeited.\n|\n|win|SpaghettiBoy25\n|raw|cristorresgz's rating: 1233 &rarr; <strong>1204</strong><br />(-29 for losing)\n|raw|SpaghettiBoy25's rating: 1179 &rarr; <strong>1208</strong><br />(+29 for winning)\n|l|☆cristorresgz\n|player|p1|\n","uploadtime":1788410512,"views":"5","formatid":"gen9championsvgc2026regmb","rating":1204,"private":0,"password":null}