{"id":"gen9championsvgc2026regmb-2674220134","format":"[Gen 9 Champions] VGC 2026 Reg M-B","players":["tung cubed","minamisimp"],"log":"|j|☆tung cubed\n|j|☆minamisimp\n|html|<table width=\"100%\"><tr><td align=\"left\">tung cubed</td><td align=\"right\">minamisimp</tr><tr><td align=\"left\"><i class=\"fa fa-circle-o\"></i> <i class=\"fa fa-circle-o\"></i> </td><td align=\"right\"><i class=\"fa fa-circle-o\"></i> <i class=\"fa fa-circle-o\"></i> </tr></table>\n|uhtml|bestof|<h2><strong>Game 1</strong> of <a href=\"/game-bestof3-gen9championsvgc2026regmb-2674220133\">a best-of-3</a></h2>\n|t:|1788317633\n|gametype|doubles\n|player|p1|tung cubed|skyla|\n|player|p2|minamisimp|265|\n|gen|9\n|tier|[Gen 9 Champions] VGC 2026 Reg M-B\n|rated|Tournament battle\n|rule|Species Clause: Limit one of each Pokémon\n|rule|Item Clause: Limit 1 of each item\n|raw|<div class=\"infobox\"><details class=\"readmore\" open><summary><strong>2 custom rules:</strong></summary> Force Open Team Sheets, Best of = 3</details></div>\n|clearpoke\n|poke|p1|Charizard, L50, M|\n|poke|p1|Whimsicott, L50, F|\n|poke|p1|Garchomp, L50, F|\n|poke|p1|Kingambit, L50, F|\n|poke|p1|Basculegion, L50, M|\n|poke|p1|Floette-Eternal, L50, F|\n|poke|p2|Charizard, L50, F|\n|poke|p2|Grimmsnarl, L50, M|\n|poke|p2|Pelipper, L50, M|\n|poke|p2|Archaludon, L50, F|\n|poke|p2|Basculegion, L50, M|\n|poke|p2|Venusaur, L50, M|\n|teampreview|4\n|showteam|p1|Charizard||CharizarditeY|Blaze|HeatWave,WeatherBall,SolarBeam,Protect|Modest||M|||50|]Whimsicott||FocusSash|Prankster|Moonblast,Tailwind,Encore,Protect|Timid||F|||50|]Garchomp||LifeOrb|RoughSkin|DragonClaw,Earthquake,RockSlide,Protect|Jolly||F|||50|]Kingambit||BlackGlasses|Defiant|KowtowCleave,IronHead,SuckerPunch,Protect|Adamant||F|||50|]Basculegion||MysticWater|Adaptability|WaveCrash,LastRespects,AquaJet,Protect|Adamant||M|||50|]Floette-Eternal||Floettite|FlowerVeil|DazzlingGleam,Moonblast,LightofRuin,Protect|Timid||F|||50|\n|showteam|p2|Charizard||CharizarditeY|Blaze|Protect,HeatWave,WeatherBall,SolarBeam|Modest||F|||50|]Grimmsnarl||LightClay|Prankster|SpiritBreak,Reflect,LightScreen,PartingShot|Careful||M|||50|]Pelipper||SitrusBerry|Drizzle|Hurricane,WeatherBall,Tailwind,WideGuard|Modest||M|||50|]Archaludon||Leftovers|Stamina|Protect,ElectroShot,DragonPulse,FlashCannon|Calm||F|||50|]Basculegion||ChoiceScarf|Adaptability|FlipTurn,WaveCrash,AquaJet,LastRespects|Jolly||M|||50|]Venusaur||FocusSash|Chlorophyll|Protect,SleepPowder,SludgeBomb,EarthPower|Modest||M|||50|\n|inactive|Battle timer is ON: inactive players will automatically lose when time's up. (requested by tung cubed)\n|j|#Radio Free C-Side\n|inactive|tung cubed has 60 seconds left.\n|inactive|minamisimp has 60 seconds left.\n|inactive|minamisimp has 30 seconds left.\n|inactive|minamisimp has 20 seconds left.\n|inactive|minamisimp has 15 seconds left.\n|inactive|minamisimp has 10 seconds left.\n|\n|t:|1788317714\n|teamsize|p1|4\n|teamsize|p2|4\n|start\n|switch|p1a: Whimsicott|Whimsicott, L50, F|100/100\n|switch|p1b: Garchomp|Garchomp, L50, F|100/100\n|switch|p2a: Grimmsnarl|Grimmsnarl, L50, M|100/100\n|switch|p2b: Archaludon|Archaludon, L50, F|100/100\n|turn|1\n|inactive|tung cubed has 30 seconds left.\n|inactive|minamisimp has 30 seconds left.\n|j| ThundyT2\n|\n|t:|1788317742\n|switch|p1a: Charizard|Charizard, L50, M|100/100\n|move|p2a: Grimmsnarl|Reflect|p2a: Grimmsnarl\n|-sidestart|p2: minamisimp|Reflect\n|move|p1b: Garchomp|Earthquake|p2b: Archaludon|[spread] p2a,p2b\n|-immune|p1a: Charizard\n|-supereffective|p2b: Archaludon|1\n|-damage|p2a: Grimmsnarl|63/100\n|-damage|p2b: Archaludon|52/100\n|-ability|p2b: Archaludon|Stamina|boost\n|-boost|p2b: Archaludon|def|1\n|-damage|p1b: Garchomp|90/100|[from] item: Life Orb\n|move|p2b: Archaludon|Dragon Pulse|p1b: Garchomp\n|-supereffective|p1b: Garchomp|1\n|-damage|p1b: Garchomp|9/100\n|\n|-heal|p2b: Archaludon|58/100|[from] item: Leftovers\n|upkeep\n|turn|2\n|\n|t:|1788317761\n|move|p1a: Charizard|Protect|p1a: Charizard\n|-singleturn|p1a: Charizard|Protect\n|move|p2b: Archaludon|Protect|p2b: Archaludon\n|-singleturn|p2b: Archaludon|Protect\n|move|p2a: Grimmsnarl|Parting Shot|p1a: Charizard\n|-activate|p1a: Charizard|move: Protect\n|move|p1b: Garchomp|Earthquake|p2a: Grimmsnarl|[spread] p2a\n|-activate|p1a: Charizard|move: Protect\n|-activate|p2b: Archaludon|move: Protect\n|-damage|p2a: Grimmsnarl|26/100\n|-damage|p1b: Garchomp|0 fnt|[from] item: Life Orb\n|faint|p1b: Garchomp\n|\n|-heal|p2b: Archaludon|64/100|[from] item: Leftovers\n|upkeep\n|\n|t:|1788317781\n|switch|p1b: Kingambit|Kingambit, L50, F|100/100\n|turn|3\n|\n|t:|1788317788\n|switch|p1a: Whimsicott|Whimsicott, L50, F|100/100\n|move|p2a: Grimmsnarl|Parting Shot|p1a: Whimsicott\n|-unboost|p1a: Whimsicott|atk|1\n|-unboost|p1a: Whimsicott|spa|1\n|\n|t:|1788317792\n|switch|p2a: Pelipper|Pelipper, L50, M|100/100|[from] Parting Shot\n|-weather|RainDance|[from] ability: Drizzle|[of] p2a: Pelipper\n|move|p2b: Archaludon|Electro Shot||[still]\n|-prepare|p2b: Archaludon|Electro Shot\n|-boost|p2b: Archaludon|spa|1\n|-anim|p2b: Archaludon|Electro Shot|p1a: Whimsicott\n|-resisted|p1a: Whimsicott|1\n|-damage|p1a: Whimsicott|56/100\n|move|p1b: Kingambit|Kowtow Cleave|p2a: Pelipper\n|-crit|p2a: Pelipper\n|-damage|p2a: Pelipper|16/100\n|-enditem|p2a: Pelipper|Sitrus Berry|[eat]\n|-heal|p2a: Pelipper|41/100|[from] item: Sitrus Berry\n|\n|-weather|RainDance|[upkeep]\n|-heal|p2b: Archaludon|70/100|[from] item: Leftovers\n|upkeep\n|turn|4\n|inactive|tung cubed has 30 seconds left.\n|inactive|tung cubed has 20 seconds left.\n|\n|t:|1788317828\n|switch|p1a: Charizard|Charizard, L50, M|100/100\n|move|p2b: Archaludon|Electro Shot||[still]\n|-prepare|p2b: Archaludon|Electro Shot\n|-boost|p2b: Archaludon|spa|1\n|-anim|p2b: Archaludon|Electro Shot|p1b: Kingambit\n|-damage|p1b: Kingambit|40/100\n|move|p2a: Pelipper|Hurricane|p1a: Charizard\n|-damage|p1a: Charizard|47/100\n|move|p1b: Kingambit|Kowtow Cleave|p2a: Pelipper\n|-damage|p2a: Pelipper|3/100\n|\n|-weather|RainDance|[upkeep]\n|-heal|p2b: Archaludon|76/100|[from] item: Leftovers\n|upkeep\n|turn|5\n|\n|t:|1788317852\n|switch|p2a: Grimmsnarl|Grimmsnarl, L50, M|26/100\n|detailschange|p1a: Charizard|Charizard-Mega-Y, L50, M\n|-mega|p1a: Charizard|Charizard|Charizardite Y\n|-weather|SunnyDay|[from] ability: Drought|[of] p1a: Charizard\n|move|p2b: Archaludon|Protect|p2b: Archaludon\n|-singleturn|p2b: Archaludon|Protect\n|move|p1a: Charizard|Weather Ball|p2b: Archaludon\n|-activate|p2b: Archaludon|move: Protect\n|move|p1b: Kingambit|Iron Head|p2a: Grimmsnarl\n|-supereffective|p2a: Grimmsnarl|1\n|-damage|p2a: Grimmsnarl|0 fnt\n|faint|p2a: Grimmsnarl\n|\n|-weather|SunnyDay|[upkeep]\n|-heal|p2b: Archaludon|82/100|[from] item: Leftovers\n|upkeep\n|l| ThundyT2\n|\n|t:|1788317858\n|switch|p2a: Charizard|Charizard, L50, F|100/100\n|turn|6\n|j| bangbangkeef\n|\n|t:|1788317876\n|switch|p1a: Whimsicott|Whimsicott, L50, F|56/100\n|move|p2a: Charizard|Heat Wave|p1a: Whimsicott|[spread] p1b\n|-miss|p2a: Charizard|p1a: Whimsicott\n|-supereffective|p1b: Kingambit|1\n|-damage|p1b: Kingambit|0 fnt\n|faint|p1b: Kingambit\n|move|p2b: Archaludon|Dragon Pulse|p1a: Whimsicott\n|-immune|p1a: Whimsicott\n|\n|-weather|SunnyDay|[upkeep]\n|-heal|p2b: Archaludon|88/100|[from] item: Leftovers\n|upkeep\n|\n|t:|1788317881\n|switch|p1b: Charizard|Charizard-Mega-Y, L50, M|47/100\n|turn|7\n|\n|t:|1788317897\n|detailschange|p2a: Charizard|Charizard-Mega-Y, L50, F\n|-mega|p2a: Charizard|Charizard|Charizardite Y\n|move|p2b: Archaludon|Protect|p2b: Archaludon\n|-singleturn|p2b: Archaludon|Protect\n|move|p1a: Whimsicott|Moonblast|p2a: Charizard\n|-resisted|p2a: Charizard|1\n|-damage|p2a: Charizard|82/100\n|move|p2a: Charizard|Heat Wave|p1b: Charizard|[spread] p1a\n|-miss|p2a: Charizard|p1b: Charizard\n|-supereffective|p1a: Whimsicott|1\n|-damage|p1a: Whimsicott|0 fnt\n|faint|p1a: Whimsicott\n|move|p1b: Charizard|Weather Ball|p2a: Charizard\n|-resisted|p2a: Charizard|1\n|-damage|p2a: Charizard|46/100\n|\n|-weather|SunnyDay|[upkeep]\n|-heal|p2b: Archaludon|94/100|[from] item: Leftovers\n|upkeep\n|turn|8\n|\n|t:|1788317909\n|switch|p2a: Pelipper|Pelipper, L50, M|3/100\n|-weather|RainDance|[from] ability: Drizzle|[of] p2a: Pelipper\n|move|p1b: Charizard|Weather Ball|p2b: Archaludon\n|-resisted|p2b: Archaludon|1\n|-damage|p2b: Archaludon|67/100\n|-ability|p2b: Archaludon|Stamina|boost\n|-boost|p2b: Archaludon|def|1\n|move|p2b: Archaludon|Dragon Pulse|p1b: Charizard\n|-damage|p1b: Charizard|0 fnt\n|faint|p1b: Charizard\n|\n|win|minamisimp\n","uploadtime":1788317909,"views":"0","formatid":"gen9championsvgc2026regmb","rating":null,"private":0,"password":null}