{"id":"gen9championsvgc2026regmbbo3-2673542460","format":"[Gen 9 Champions] VGC 2026 Reg M-B (Bo3)","players":["Shaymin frohawk","Benny0000"],"log":"|j|☆Shaymin frohawk\n|j|☆Benny0000\n|html|<table width=\"100%\"><tr><td align=\"left\">Shaymin frohawk</td><td align=\"right\">Benny0000</tr><tr><td align=\"left\"><i class=\"fa fa-circle-o\"></i> <i class=\"fa fa-circle-o\"></i> </td><td align=\"right\"><i class=\"fa fa-circle-o\"></i> <i class=\"fa fa-circle\"></i> </tr></table>\n|uhtml|bestof|<h2><strong>Game 2</strong> of <a href=\"/game-bestof3-gen9championsvgc2026regmbbo3-2673540816\">a best-of-3</a></h2>\n|t:|1788210773\n|gametype|doubles\n|player|p1|Shaymin frohawk|170|1355\n|player|p2|Benny0000|265|1347\n|gen|9\n|tier|[Gen 9 Champions] VGC 2026 Reg M-B (Bo3)\n|rated|\n|rule|Species Clause: Limit one of each Pokémon\n|rule|Item Clause: Limit 1 of each item\n|clearpoke\n|poke|p1|Venusaur, L50, F|\n|poke|p1|Primarina, L50, M|\n|poke|p1|Kingambit, L50, F|\n|poke|p1|Farigiraf, L50, F|\n|poke|p1|Torkoal, L50, M|\n|poke|p1|Blaziken, L50, M|\n|poke|p2|Incineroar, L50, F|\n|poke|p2|Floette-Eternal, L50, F|\n|poke|p2|Sneasler, L50, M|\n|poke|p2|Sinistcha, L50|\n|poke|p2|Kingambit, L50, M|\n|poke|p2|Garchomp, L50, F|\n|teampreview|4\n|showteam|p1|Venusaur||OccaBerry|Chlorophyll|LeafStorm,SludgeBomb,SleepPowder,Protect|Timid||F|||50|]Primarina||LifeOrb|LiquidVoice|Protect,HyperVoice,Moonblast,AquaJet|Quiet||M|||50|]Kingambit||FocusSash|Defiant|KowtowCleave,SuckerPunch,IronHead,Protect|Adamant||F|||50|]Farigiraf||SitrusBerry|ArmorTail|Psychic,Thunderbolt,Protect,TrickRoom|Bold||F|||50|]Torkoal||Charcoal|Drought|WeatherBall,HelpingHand,Eruption,Protect|Quiet||M|||50|]Blaziken||Blazikenite|SpeedBoost|FlareBlitz,CloseCombat,RockSlide,Detect|Adamant||M|||50|\n|showteam|p2|Incineroar||Leftovers|Intimidate|FakeOut,HelpingHand,PartingShot,FlareBlitz|Sassy||F|||50|]Floette-Eternal||Floettite|FlowerVeil|CalmMind,DrainingKiss,DazzlingGleam,Protect|Timid||F|||50|]Sneasler||FocusSash|PoisonTouch|FakeOut,Coaching,CloseCombat,DireClaw|Jolly||M|||50|]Sinistcha||SitrusBerry|Hospitality|RagePowder,TrickRoom,MatchaGotcha,Protect|Bold|||||50|]Kingambit||BlackGlasses|Defiant|SwordsDance,SuckerPunch,KowtowCleave,Protect|Adamant||M|||50|]Garchomp||Garchompite|RoughSkin|Earthquake,StompingTantrum,RockSlide,Protect|Jolly||F|||50|\n|\n|t:|1788210819\n|teamsize|p1|4\n|teamsize|p2|4\n|start\n|switch|p1a: Torkoal|Torkoal, L50, M|100/100\n|switch|p1b: Venusaur|Venusaur, L50, F|100/100\n|switch|p2a: Sneasler|Sneasler, L50, M|100/100\n|switch|p2b: Garchomp|Garchomp, L50, F|100/100\n|-weather|SunnyDay|[from] ability: Drought|[of] p1a: Torkoal\n|turn|1\n|inactive|Battle timer is ON: inactive players will automatically lose when time's up. (requested by Benny0000)\n|\n|t:|1788210842\n|switch|p1a: Farigiraf|Farigiraf, L50, F|100/100\n|move|p1b: Venusaur|Sleep Powder|p2b: Garchomp\n|-status|p2b: Garchomp|slp|[from] move: Sleep Powder\n|move|p2a: Sneasler|Coaching|p2b: Garchomp\n|-boost|p2b: Garchomp|atk|1\n|-boost|p2b: Garchomp|def|1\n|cant|p2b: Garchomp|slp\n|\n|-weather|SunnyDay|[upkeep]\n|upkeep\n|turn|2\n|inactive|Benny0000 has 30 seconds left.\n|inactive|Benny0000 has 20 seconds left.\n|inactive|Benny0000 has 15 seconds left.\n|\n|t:|1788210886\n|move|p1b: Venusaur|Leaf Storm|p2b: Garchomp\n|-damage|p2b: Garchomp|45/100 slp\n|-unboost|p1b: Venusaur|spa|2\n|move|p2a: Sneasler|Coaching|p2b: Garchomp\n|-boost|p2b: Garchomp|atk|1\n|-boost|p2b: Garchomp|def|1\n|cant|p2b: Garchomp|slp\n|move|p1a: Farigiraf|Psychic|p2b: Garchomp\n|-damage|p2b: Garchomp|9/100 slp\n|-unboost|p2b: Garchomp|spd|1\n|\n|-weather|SunnyDay|[upkeep]\n|upkeep\n|turn|3\n|\n|t:|1788210908\n|-curestatus|p2b: Garchomp|slp|[msg]\n|move|p2b: Garchomp|Protect|p2b: Garchomp\n|-singleturn|p2b: Garchomp|Protect\n|move|p1b: Venusaur|Leaf Storm|p2b: Garchomp\n|-activate|p2b: Garchomp|move: Protect\n|move|p2a: Sneasler|Dire Claw|p1b: Venusaur\n|-damage|p1b: Venusaur|43/100\n|move|p1a: Farigiraf|Trick Room|p1a: Farigiraf\n|-fieldstart|move: Trick Room|[of] p1a: Farigiraf\n|\n|-weather|SunnyDay|[upkeep]\n|upkeep\n|turn|4\n|\n|t:|1788210929\n|switch|p2b: Incineroar|Incineroar, L50, F|100/100\n|-ability|p2b: Incineroar|Intimidate|boost\n|-unboost|p1a: Farigiraf|atk|1\n|-unboost|p1b: Venusaur|atk|1\n|move|p1b: Venusaur|Protect|p1b: Venusaur\n|-singleturn|p1b: Venusaur|Protect\n|move|p1a: Farigiraf|Psychic|p2b: Incineroar\n|-immune|p2b: Incineroar\n|move|p2a: Sneasler|Dire Claw|p1b: Venusaur\n|-activate|p1b: Venusaur|move: Protect\n|\n|-weather|SunnyDay|[upkeep]\n|upkeep\n|turn|5\n|\n|t:|1788210952\n|move|p2b: Incineroar|Flare Blitz|p1b: Venusaur\n|-supereffective|p1b: Venusaur|1\n|-enditem|p1b: Venusaur|Occa Berry|[eat]\n|-enditem|p1b: Venusaur|Occa Berry|[weaken]\n|-damage|p1b: Venusaur|0 fnt\n|faint|p1b: Venusaur\n|-damage|p2b: Incineroar|88/100|[from] Recoil\n|move|p1a: Farigiraf|Psychic|p2a: Sneasler\n|-supereffective|p2a: Sneasler|2\n|-enditem|p2a: Sneasler|Focus Sash\n|-damage|p2a: Sneasler|1/100\n|move|p2a: Sneasler|Dire Claw|p1a: Farigiraf\n|-damage|p1a: Farigiraf|69/100\n|-status|p1a: Farigiraf|psn|[from] ability: Poison Touch|[of] p2a: Sneasler\n|\n|-weather|none\n|-heal|p2b: Incineroar|94/100|[from] item: Leftovers\n|-damage|p1a: Farigiraf|56/100 psn|[from] psn\n|upkeep\n|\n|t:|1788210957\n|switch|p1b: Torkoal|Torkoal, L50, M|100/100\n|-weather|SunnyDay|[from] ability: Drought|[of] p1b: Torkoal\n|turn|6\n|inactive|Benny0000 has 30 seconds left.\n|inactive|Benny0000 has 20 seconds left.\n|inactive|Benny0000 has 15 seconds left.\n|\n|t:|1788211001\n|move|p1b: Torkoal|Eruption|p2a: Sneasler|[spread] p2a,p2b\n|-resisted|p2b: Incineroar|1\n|-damage|p2a: Sneasler|0 fnt\n|-damage|p2b: Incineroar|61/100\n|faint|p2a: Sneasler\n|move|p2b: Incineroar|Parting Shot|p1b: Torkoal\n|-unboost|p1b: Torkoal|atk|1\n|-unboost|p1b: Torkoal|spa|1\n|\n|t:|1788211024\n|switch|p2b: Garchomp|Garchomp, L50, F|9/100|[from] Parting Shot\n|move|p1a: Farigiraf|Thunderbolt|p2b: Garchomp\n|-immune|p2b: Garchomp\n|\n|-weather|SunnyDay|[upkeep]\n|-damage|p1a: Farigiraf|44/100 psn|[from] psn\n|upkeep\n|-enditem|p1a: Farigiraf|Sitrus Berry|[eat]\n|-heal|p1a: Farigiraf|69/100 psn|[from] item: Sitrus Berry\n|\n|t:|1788211045\n|switch|p2a: Incineroar|Incineroar, L50, F|61/100\n|-ability|p2a: Incineroar|Intimidate|boost\n|-unboost|p1a: Farigiraf|atk|1\n|-unboost|p1b: Torkoal|atk|1\n|turn|7\n|\n|t:|1788211057\n|switch|p1a: Blaziken|Blaziken, L50, M|100/100\n|move|p2b: Garchomp|Protect|p2b: Garchomp\n|-singleturn|p2b: Garchomp|Protect\n|move|p1b: Torkoal|Eruption|p2a: Incineroar|[spread] p2a\n|-activate|p2b: Garchomp|move: Protect\n|-resisted|p2a: Incineroar|1\n|-damage|p2a: Incineroar|39/100\n|move|p2a: Incineroar|Flare Blitz|p1a: Blaziken\n|-resisted|p1a: Blaziken|1\n|-damage|p1a: Blaziken|45/100\n|-damage|p2a: Incineroar|25/100|[from] Recoil\n|\n|-weather|SunnyDay|[upkeep]\n|-heal|p2a: Incineroar|31/100|[from] item: Leftovers\n|-fieldend|move: Trick Room\n|upkeep\n|turn|8\n|inactive|Benny0000 has 30 seconds left.\n|inactive|Benny0000 has 20 seconds left.\n|\n|t:|1788211096\n|detailschange|p1a: Blaziken|Blaziken-Mega, L50, M\n|-mega|p1a: Blaziken|Blaziken|Blazikenite\n|move|p1a: Blaziken|Detect|p1a: Blaziken\n|-singleturn|p1a: Blaziken|Protect\n|move|p2b: Garchomp|Earthquake|p1a: Blaziken|[spread] p2a,p1b\n|-activate|p1a: Blaziken|move: Protect\n|-supereffective|p2a: Incineroar|1\n|-supereffective|p1b: Torkoal|1\n|-damage|p2a: Incineroar|0 fnt\n|-damage|p1b: Torkoal|42/100\n|faint|p2a: Incineroar\n|move|p1b: Torkoal|Weather Ball|p2b: Garchomp\n|-resisted|p2b: Garchomp|1\n|-damage|p2b: Garchomp|0 fnt\n|faint|p2b: Garchomp\n|\n|-weather|SunnyDay|[upkeep]\n|-ability|p1a: Blaziken|Speed Boost|boost\n|-boost|p1a: Blaziken|spe|1\n|upkeep\n|\n|t:|1788211114\n|switch|p2b: Floette|Floette-Eternal, L50, F|100/100\n|turn|9\n|\n|t:|1788211120\n|detailschange|p2b: Floette|Floette-Mega, L50, F\n|-mega|p2b: Floette|Floette|Floettite\n|-ability|p2b: Floette|Fairy Aura\n|move|p1b: Torkoal|Helping Hand|p1a: Blaziken\n|-singleturn|p1a: Blaziken|Helping Hand|[of] p1b: Torkoal\n|move|p1a: Blaziken|Flare Blitz|p2b: Floette\n|-damage|p2b: Floette|0 fnt\n|faint|p2b: Floette\n|-damage|p1a: Blaziken|12/100|[from] Recoil\n|\n|win|Shaymin frohawk\n","uploadtime":1788211120,"views":"7","formatid":"gen9championsvgc2026regmbbo3","rating":null,"private":0,"password":null}