{"id":"gen9championsvgc2026regmbbo3-2674867341","format":"[Gen 9 Champions] VGC 2026 Reg M-B (Bo3)","players":["pokemonv30","stortestingsss"],"log":"|j|☆pokemonv30\n|j|☆stortestingsss\n|html|<table width=\"100%\"><tr><td align=\"left\">pokemonv30</td><td align=\"right\">stortestingsss</tr><tr><td align=\"left\"><i class=\"fa fa-circle\"></i> <i class=\"fa fa-circle-o\"></i> </td><td align=\"right\"><i class=\"fa fa-circle-o\"></i> <i class=\"fa fa-circle-o\"></i> </tr></table>\n|uhtml|bestof|<h2><strong>Game 2</strong> of <a href=\"/game-bestof3-gen9championsvgc2026regmbbo3-2674866351\">a best-of-3</a></h2>\n|t:|1788424962\n|gametype|doubles\n|player|p1|pokemonv30|n|1052\n|player|p2|stortestingsss|unknown|1000\n|gen|9\n|tier|[Gen 9 Champions] VGC 2026 Reg M-B (Bo3)\n|rated|\n|rule|Species Clause: Limit one of each Pokémon\n|rule|Item Clause: Limit 1 of each item\n|clearpoke\n|poke|p1|Raichu, L50, F|\n|poke|p1|Garchomp, L50, M|\n|poke|p1|Charizard, L50, M|\n|poke|p1|Incineroar, L50, F|\n|poke|p1|Whimsicott, L50, F|\n|poke|p1|Toxapex, L50, F|\n|poke|p2|Pyroar, L50, F|\n|poke|p2|Tsareena, L50, F, shiny|\n|poke|p2|Aegislash, L50, M, shiny|\n|poke|p2|Rotom-Wash, L50|\n|poke|p2|Gardevoir, L50, M, shiny|\n|poke|p2|Maushold-Four, L50|\n|teampreview|4\n|showteam|p1|Raichu||RaichuniteY|Static|FocusBlast,GrassKnot,ZapCannon,Protect|Timid||F|||50|]Garchomp||YacheBerry|RoughSkin|Earthquake,PoisonJab,SwordsDance,ScaleShot|Jolly||M|||50|]Charizard||CharizarditeY|Blaze|AncientPower,HeatWave,SolarBeam,Protect|Timid||M|||50|]Incineroar||SitrusBerry|Intimidate|DarkestLariat,FakeOut,FlareBlitz,PartingShot|Careful||F|||50|]Whimsicott||FocusSash|Prankster|Encore,Tailwind,Moonblast,Uturn|Timid||F|||50|]Toxapex||Leftovers|Regenerator|Recover,ToxicSpikes,BanefulBunker,Infestation|Sassy||F|||50|\n|showteam|p2|Pyroar||Pyroarite|Rivalry|HeatWave,Overheat,SolarBeam,Protect|Modest||F|||50|]Tsareena||WideLens|QueenlyMajesty|PowerWhip,TripleAxel,HelpingHand,Protect|Adamant||F|||50|]Aegislash||LifeOrb|StanceChange|Poltergeist,ShadowSneak,IronHead,Protect|Brave||M|||50|]Rotom-Wash||ChoiceScarf|Levitate|VoltSwitch,Electroweb,HydroPump,Trick|Timid|||||50|]Gardevoir||Gardevoirite|Synchronize|HyperVoice,Moonblast,TrickRoom,Protect|Modest||M|||50|]Maushold-Four||FocusSash|FriendGuard|SunnyDay,Taunt,FollowMe,Protect|Jolly|||||50|\n|inactive|Battle timer is ON: inactive players will automatically lose when time's up. (requested by stortestingsss)\n|\n|t:|1788424987\n|teamsize|p1|4\n|teamsize|p2|4\n|start\n|switch|p1a: Charizard|Charizard, L50, M|100/100\n|switch|p1b: Whimsicott|Whimsicott, L50, F|100/100\n|switch|p2a: Gardevoir|Gardevoir, L50, M, shiny|100/100\n|switch|p2b: Rotom|Rotom-Wash, L50|100/100\n|turn|1\n|inactive|pokemonv30 has 30 seconds left.\n|\n|t:|1788425018\n|detailschange|p1a: Charizard|Charizard-Mega-Y, L50, M\n|-mega|p1a: Charizard|Charizard|Charizardite Y\n|-weather|SunnyDay|[from] ability: Drought|[of] p1a: Charizard\n|detailschange|p2a: Gardevoir|Gardevoir-Mega, L50, M, shiny\n|-mega|p2a: Gardevoir|Gardevoir|Gardevoirite\n|move|p2b: Rotom|Volt Switch|p1a: Charizard\n|-supereffective|p1a: Charizard|1\n|-damage|p1a: Charizard|40/100\n|\n|t:|1788425027\n|switch|p2b: Tsareena|Tsareena, L50, F, shiny|100/100|[from] Volt Switch\n|move|p1b: Whimsicott|Moonblast|p2a: Gardevoir\n|-damage|p2a: Gardevoir|70/100\n|move|p1a: Charizard|Solar Beam||[still]\n|-prepare|p1a: Charizard|Solar Beam\n|-anim|p1a: Charizard|Solar Beam|p2b: Tsareena\n|-resisted|p2b: Tsareena|1\n|-damage|p2b: Tsareena|76/100\n|move|p2a: Gardevoir|Trick Room|p2a: Gardevoir\n|-fieldstart|move: Trick Room|[of] p2a: Gardevoir\n|\n|-weather|SunnyDay|[upkeep]\n|upkeep\n|turn|2\n|inactive|stortestingsss has 30 seconds left.\n|\n|t:|1788425058\n|move|p1a: Charizard|Protect|p1a: Charizard\n|-singleturn|p1a: Charizard|Protect\n|move|p1b: Whimsicott|Encore||[still]\n|cant|p2b: Tsareena|ability: Queenly Majesty|Encore|[of] p1b: Whimsicott\n|move|p2b: Tsareena|Triple Axel|p1a: Charizard\n|-activate|p1a: Charizard|move: Protect\n|move|p2a: Gardevoir|Moonblast|p1b: Whimsicott\n|-damage|p1b: Whimsicott|5/100\n|\n|-weather|SunnyDay|[upkeep]\n|upkeep\n|turn|3\n|\n|t:|1788425078\n|move|p2b: Tsareena|Triple Axel|p1a: Charizard\n|-damage|p1a: Charizard|30/100\n|-damage|p1a: Charizard|12/100\n|-damage|p1a: Charizard|0 fnt\n|faint|p1a: Charizard\n|-hitcount|p1: Charizard|3\n|move|p2a: Gardevoir|Hyper Voice|p1b: Whimsicott\n|-damage|p1b: Whimsicott|0 fnt\n|faint|p1b: Whimsicott\n|\n|-weather|SunnyDay|[upkeep]\n|upkeep\n|\n|t:|1788425086\n|switch|p1a: Garchomp|Garchomp, L50, M|100/100\n|switch|p1b: Incineroar|Incineroar, L50, F|100/100\n|-ability|p1b: Incineroar|Intimidate|boost\n|-unboost|p2a: Gardevoir|atk|1\n|-unboost|p2b: Tsareena|atk|1\n|turn|4\n|\n|t:|1788425099\n|move|p1b: Incineroar|Flare Blitz|p2b: Tsareena\n|-supereffective|p2b: Tsareena|1\n|-damage|p2b: Tsareena|0 fnt\n|faint|p2b: Tsareena\n|-damage|p1b: Incineroar|77/100|[from] Recoil\n|move|p2a: Gardevoir|Hyper Voice|p1a: Garchomp|[spread] p1a,p1b\n|-supereffective|p1a: Garchomp|1\n|-damage|p1a: Garchomp|0 fnt\n|-damage|p1b: Incineroar|45/100\n|-enditem|p1b: Incineroar|Sitrus Berry|[eat]\n|-heal|p1b: Incineroar|69/100|[from] item: Sitrus Berry\n|faint|p1a: Garchomp\n|\n|-weather|SunnyDay|[upkeep]\n|upkeep\n|\n|t:|1788425111\n|switch|p2b: Rotom|Rotom-Wash, L50|100/100\n|turn|5\n|\n|t:|1788425126\n|move|p1b: Incineroar|Flare Blitz|p2a: Gardevoir\n|-damage|p2a: Gardevoir|0 fnt\n|faint|p2a: Gardevoir\n|-damage|p1b: Incineroar|51/100|[from] Recoil\n|move|p2b: Rotom|Hydro Pump|p1b: Incineroar\n|-supereffective|p1b: Incineroar|1\n|-damage|p1b: Incineroar|24/100\n|\n|-weather|none\n|-fieldend|move: Trick Room\n|upkeep\n|\n|t:|1788425133\n|switch|p2a: Aegislash|Aegislash, L50, M, shiny|100/100\n|turn|6\n|\n|t:|1788425140\n|-formechange|p2a: Aegislash|Aegislash-Blade|\n|move|p2a: Aegislash|Shadow Sneak|p1b: Incineroar\n|-resisted|p1b: Incineroar|1\n|-damage|p1b: Incineroar|8/100\n|-damage|p2a: Aegislash|90/100|[from] item: Life Orb\n|move|p2b: Rotom|Hydro Pump|p1b: Incineroar\n|-supereffective|p1b: Incineroar|1\n|-damage|p1b: Incineroar|0 fnt\n|faint|p1b: Incineroar\n|\n|win|stortestingsss\n","uploadtime":1788425140,"views":"3","formatid":"gen9championsvgc2026regmbbo3","rating":null,"private":0,"password":null}