{"id":"gen9championsvgc2026regmb-2674951097","format":"[Gen 9 Champions] VGC 2026 Reg M-B","players":["optimalopponent","TESTDIGI"],"log":"|j|☆optimalopponent\n|j|☆TESTDIGI\n|t:|1788440946\n|gametype|doubles\n|player|p1|optimalopponent|101|1438\n|player|p2|TESTDIGI|169|1350\n|gen|9\n|tier|[Gen 9 Champions] VGC 2026 Reg M-B\n|rated|\n|rule|Species Clause: Limit one of each Pokémon\n|rule|Item Clause: Limit 1 of each item\n|clearpoke\n|poke|p1|Arcanine-Hisui, L50, M|\n|poke|p1|Farigiraf, L50, M|\n|poke|p1|Kingambit, L50, M|\n|poke|p1|Raichu, L50, M|\n|poke|p1|Staraptor, L50, M|\n|poke|p1|Sylveon, L50, M|\n|poke|p2|Gholdengo, L50|\n|poke|p2|Staraptor, L50, M, shiny|\n|poke|p2|Tyranitar, L50, M|\n|poke|p2|Farigiraf, L50, F|\n|poke|p2|Whimsicott, L50, M, shiny|\n|poke|p2|Excadrill, L50, M|\n|teampreview|4\n|inactive|Battle timer is ON: inactive players will automatically lose when time's up. (requested by TESTDIGI)\n|\n|t:|1788440984\n|teamsize|p1|4\n|teamsize|p2|4\n|start\n|switch|p1a: Farigiraf|Farigiraf, L50, M|100/100\n|switch|p1b: Raichu|Raichu, L50, M|100/100\n|switch|p2a: Excadrill|Excadrill, L50, M|100/100\n|switch|p2b: Tyranitar|Tyranitar, L50, M|100/100\n|-weather|Sandstorm|[from] ability: Sand Stream|[of] p2b: Tyranitar\n|turn|1\n|\n|t:|1788440999\n|detailschange|p1b: Raichu|Raichu-Mega-Y, L50, M\n|-mega|p1b: Raichu|Raichu|Raichunite Y\n|move|p1b: Raichu|Fake Out|p2a: Excadrill\n|-resisted|p2a: Excadrill|1\n|-damage|p2a: Excadrill|94/100\n|cant|p2a: Excadrill|flinch\n|move|p2b: Tyranitar|Knock Off|p1a: Farigiraf\n|-supereffective|p1a: Farigiraf|1\n|-damage|p1a: Farigiraf|1/100\n|-enditem|p1a: Farigiraf|Sitrus Berry|[from] move: Knock Off|[of] p2b: Tyranitar\n|move|p1a: Farigiraf|Trick Room|p1a: Farigiraf\n|-fieldstart|move: Trick Room|[of] p1a: Farigiraf\n|\n|-weather|Sandstorm|[upkeep]\n|-damage|p1a: Farigiraf|0 fnt|[from] Sandstorm\n|-damage|p1b: Raichu|93/100|[from] Sandstorm\n|faint|p1a: Farigiraf\n|upkeep\n|\n|t:|1788441011\n|switch|p1a: Sylveon|Sylveon, L50, M|100/100\n|turn|2\n|inactive|TESTDIGI has 30 seconds left.\n|\n|t:|1788441037\n|switch|p2b: Gholdengo|Gholdengo, L50|100/100\n|move|p2a: Excadrill|Protect|p2a: Excadrill\n|-singleturn|p2a: Excadrill|Protect\n|move|p1a: Sylveon|Hyper Voice|p2a: Excadrill|[spread] p2b\n|-activate|p2a: Excadrill|move: Protect\n|-resisted|p2b: Gholdengo|1\n|-damage|p2b: Gholdengo|73/100\n|move|p1b: Raichu|Zap Cannon|p2a: Excadrill\n|-activate|p2a: Excadrill|move: Protect\n|\n|-weather|Sandstorm|[upkeep]\n|-damage|p1a: Sylveon|94/100|[from] Sandstorm\n|-damage|p1b: Raichu|87/100|[from] Sandstorm\n|upkeep\n|turn|3\n|\n|t:|1788441056\n|switch|p1b: Kingambit|Kingambit, L50, M|100/100\n|switch|p2a: Tyranitar|Tyranitar, L50, M|100/100\n|move|p1a: Sylveon|Detect|p1a: Sylveon\n|-singleturn|p1a: Sylveon|Protect\n|move|p2b: Gholdengo|Make It Rain|p1a: Sylveon|[spread] p1b\n|-activate|p1a: Sylveon|move: Protect\n|-resisted|p1b: Kingambit|1\n|-damage|p1b: Kingambit|71/100\n|-unboost|p2b: Gholdengo|spa|2\n|-damage|p2b: Gholdengo|64/100|[from] item: Life Orb\n|\n|-weather|Sandstorm|[upkeep]\n|-damage|p1a: Sylveon|88/100|[from] Sandstorm\n|upkeep\n|turn|4\n|\n|t:|1788441074\n|move|p2b: Gholdengo|Protect|p2b: Gholdengo\n|-singleturn|p2b: Gholdengo|Protect\n|move|p1b: Kingambit|Swords Dance|p1b: Kingambit\n|-boost|p1b: Kingambit|atk|2\n|move|p1a: Sylveon|Hyper Beam|p2a: Tyranitar\n|-supereffective|p2a: Tyranitar|1\n|-damage|p2a: Tyranitar|0 fnt\n|-mustrecharge|p1a: Sylveon\n|faint|p2a: Tyranitar\n|\n|-weather|Sandstorm|[upkeep]\n|-damage|p1a: Sylveon|82/100|[from] Sandstorm\n|upkeep\n|inactive|TESTDIGI has 30 seconds left.\n|l|☆optimalopponent\n|inactive|optimalopponent disconnected and has a minute to reconnect!\n|player|p1|\n|\n|t:|1788441102\n|switch|p2a: Excadrill|Excadrill, L50, M|94/100\n|turn|5\n|inactive|optimalopponent has 30 seconds left.\n|inactive|optimalopponent has 20 seconds left.\n|inactive|optimalopponent has 15 seconds left.\n|inactive|optimalopponent has 10 seconds left.\n|inactive|optimalopponent has 5 seconds left.\n|-message|optimalopponent lost due to inactivity.\n|\n|win|TESTDIGI\n","uploadtime":1788440949,"views":"4","formatid":"gen9championsvgc2026regmb","rating":null,"private":0,"password":null}