{"id":"gen9championsvgc2026regmbbo3-2673548735","format":"[Gen 9 Champions] VGC 2026 Reg M-B (Bo3)","players":["freudianbreath","Chicops"],"log":"|j|☆freudianbreath\n|j|☆Chicops\n|html|<table width=\"100%\"><tr><td align=\"left\">freudianbreath</td><td align=\"right\">Chicops</tr><tr><td align=\"left\"><i class=\"fa fa-circle\"></i> <i class=\"fa fa-circle-o\"></i> </td><td align=\"right\"><i class=\"fa fa-circle-o\"></i> <i class=\"fa fa-circle-o\"></i> </tr></table>\n|uhtml|bestof|<h2><strong>Game 2</strong> of <a href=\"/game-bestof3-gen9championsvgc2026regmbbo3-2673546150\">a best-of-3</a></h2>\n|t:|1788211640\n|gametype|doubles\n|player|p1|freudianbreath|2|1099\n|player|p2|Chicops|gambler|1149\n|gen|9\n|tier|[Gen 9 Champions] VGC 2026 Reg M-B (Bo3)\n|rated|\n|rule|Species Clause: Limit one of each Pokémon\n|rule|Item Clause: Limit 1 of each item\n|clearpoke\n|poke|p1|Sneasler, L50, M|\n|poke|p1|Incineroar, L50, M|\n|poke|p1|Gengar, L50, F|\n|poke|p1|Sinistcha-Masterpiece, L50|\n|poke|p1|Dragonite, L50, F|\n|poke|p1|Charizard, L50, F|\n|poke|p2|Tyranitar, L50, M, shiny|\n|poke|p2|Excadrill, L50, M|\n|poke|p2|Milotic, L50, F, shiny|\n|poke|p2|Gholdengo, L50|\n|poke|p2|Sinistcha, L50|\n|poke|p2|Staraptor, L50, F, shiny|\n|teampreview|4\n|showteam|p1|Sneasler||SitrusBerry|PoisonTouch|FakeOut,CloseCombat,DireClaw,Uturn|Jolly||M|||50|]Incineroar||Charcoal|Intimidate|FakeOut,FlareBlitz,PartingShot,Snarl|Brave||M|||50|]Gengar||Gengarite|CursedBody|Protect,Taunt,SludgeBomb,WillOWisp|Timid||F|||50|]Sinistcha-Masterpiece||MiracleSeed|Heatproof|MatchaGotcha,ShadowBall,Scald,TrickRoom|Quiet|||||50|]Dragonite||Leftovers|Multiscale|Protect,DragonClaw,ExtremeSpeed,IceSpinner|Adamant||F|||50|]Charizard||CharizarditeY|Blaze|HeatWave,AncientPower,Overheat,Protect|Timid||F|||50|\n|showteam|p2|Tyranitar||Tyranitarite|SandStream|KnockOff,RockSlide,HighHorsepower,Protect|Jolly||M|||50|]Excadrill||FocusSash|SandRush|HighHorsepower,IronHead,RockSlide,Protect|Jolly||M|||50|]Milotic||SitrusBerry|Competitive|Scald,IcyWind,Haze,Protect|Calm||F|||50|]Gholdengo||LifeOrb|GoodasGold|MakeItRain,ShadowBall,NastyPlot,Protect|Modest|||||50|]Sinistcha||ColburBerry|Hospitality|MatchaGotcha,ShadowBall,Protect,RagePowder|Bold|||||50|]Staraptor||Staraptite|Intimidate|CloseCombat,BraveBird,Tailwind,Protect|Jolly||F|||50|\n|inactive|Battle timer is ON: inactive players will automatically lose when time's up. (requested by Chicops)\n|inactive|freudianbreath has 60 seconds left.\n|\n|t:|1788211700\n|teamsize|p1|4\n|teamsize|p2|4\n|start\n|switch|p1a: Sneasler|Sneasler, L50, M|100/100\n|switch|p1b: Charizard|Charizard, L50, F|100/100\n|switch|p2a: Tyranitar|Tyranitar, L50, M, shiny|100/100\n|switch|p2b: Excadrill|Excadrill, L50, M|100/100\n|-weather|Sandstorm|[from] ability: Sand Stream|[of] p2a: Tyranitar\n|turn|1\n|inactive|freudianbreath has 30 seconds left.\n|inactive|Chicops has 30 seconds left.\n|inactive|freudianbreath has 20 seconds left.\n|inactive|Chicops has 20 seconds left.\n|inactive|freudianbreath has 15 seconds left.\n|inactive|Chicops has 15 seconds left.\n|inactive|freudianbreath has 10 seconds left.\n|\n|t:|1788211747\n|detailschange|p2a: Tyranitar|Tyranitar-Mega, L50, M, shiny\n|-mega|p2a: Tyranitar|Tyranitar|Tyranitarite\n|move|p1b: Charizard|Protect|p1b: Charizard\n|-singleturn|p1b: Charizard|Protect\n|move|p1a: Sneasler|Fake Out|p2a: Tyranitar\n|-resisted|p2a: Tyranitar|1\n|-damage|p2a: Tyranitar|95/100\n|-status|p2a: Tyranitar|psn|[from] ability: Poison Touch|[of] p1a: Sneasler\n|move|p2b: Excadrill|Rock Slide|p1b: Charizard|[spread] p1a\n|-activate|p1b: Charizard|move: Protect\n|-resisted|p1a: Sneasler|1\n|-damage|p1a: Sneasler|83/100\n|cant|p2a: Tyranitar|flinch\n|\n|-weather|Sandstorm|[upkeep]\n|-damage|p1a: Sneasler|77/100|[from] Sandstorm\n|-damage|p1b: Charizard|94/100|[from] Sandstorm\n|-damage|p2a: Tyranitar|82/100 psn|[from] psn\n|upkeep\n|turn|2\n|inactive|freudianbreath has 30 seconds left.\n|inactive|Chicops has 30 seconds left.\n|inactive|freudianbreath has 20 seconds left.\n|inactive|freudianbreath has 15 seconds left.\n|inactive|freudianbreath has 10 seconds left.\n|inactive|freudianbreath has 5 seconds left.\n|\n|t:|1788211801\n|switch|p1b: Sinistcha|Sinistcha-Masterpiece, L50|100/100\n|move|p2b: Excadrill|High Horsepower|p1a: Sneasler\n|-supereffective|p1a: Sneasler|1\n|-damage|p1a: Sneasler|0 fnt\n|faint|p1a: Sneasler\n|move|p2a: Tyranitar|Knock Off|p1b: Sinistcha\n|-supereffective|p1b: Sinistcha|1\n|-damage|p1b: Sinistcha|0 fnt\n|-enditem|p1b: Sinistcha|Miracle Seed|[from] move: Knock Off|[of] p2a: Tyranitar\n|faint|p1b: Sinistcha\n|\n|-weather|Sandstorm|[upkeep]\n|-damage|p2a: Tyranitar|70/100 psn|[from] psn\n|upkeep\n|\n|t:|1788211809\n|switch|p1a: Charizard|Charizard, L50, F|94/100\n|switch|p1b: Incineroar|Incineroar, L50, M|100/100\n|-ability|p1b: Incineroar|Intimidate|boost\n|-unboost|p2a: Tyranitar|atk|1\n|-unboost|p2b: Excadrill|atk|1\n|turn|3\n|inactive|freudianbreath has 30 seconds left.\n|inactive|freudianbreath has 20 seconds left.\n|inactive|freudianbreath has 15 seconds left.\n|\n|t:|1788211853\n|switch|p2a: Milotic|Milotic, L50, F, shiny|100/100\n|detailschange|p1a: Charizard|Charizard-Mega-Y, L50, F\n|-mega|p1a: Charizard|Charizard|Charizardite Y\n|-weather|SunnyDay|[from] ability: Drought|[of] p1a: Charizard\n|move|p2b: Excadrill|Protect|p2b: Excadrill\n|-singleturn|p2b: Excadrill|Protect\n|move|p1b: Incineroar|Fake Out|p2a: Milotic\n|-damage|p2a: Milotic|86/100\n|move|p1a: Charizard|Heat Wave|p2a: Milotic|[spread] p2a\n|-activate|p2b: Excadrill|move: Protect\n|-resisted|p2a: Milotic|1\n|-damage|p2a: Milotic|63/100\n|-status|p2a: Milotic|brn\n|\n|-weather|SunnyDay|[upkeep]\n|-damage|p2a: Milotic|57/100 brn|[from] brn\n|upkeep\n|turn|4\n|inactive|freudianbreath has 30 seconds left.\n|\n|t:|1788211883\n|switch|p2b: Tyranitar|Tyranitar-Mega, L50, M, shiny|70/100 psn\n|-weather|Sandstorm|[from] ability: Sand Stream|[of] p2b: Tyranitar\n|move|p1a: Charizard|Protect|p1a: Charizard\n|-singleturn|p1a: Charizard|Protect\n|move|p2a: Milotic|Icy Wind|p1b: Incineroar|[spread] p1b\n|-activate|p1a: Charizard|move: Protect\n|-resisted|p1b: Incineroar|1\n|-crit|p1b: Incineroar\n|-damage|p1b: Incineroar|92/100\n|-unboost|p1b: Incineroar|spe|1\n|move|p1b: Incineroar|Flare Blitz|p2b: Tyranitar\n|-resisted|p2b: Tyranitar|1\n|-damage|p2b: Tyranitar|45/100 psn\n|-damage|p1b: Incineroar|84/100|[from] Recoil\n|\n|-weather|Sandstorm|[upkeep]\n|-damage|p1a: Charizard|88/100|[from] Sandstorm\n|-damage|p2a: Milotic|52/100 brn|[from] Sandstorm\n|-damage|p1b: Incineroar|78/100|[from] Sandstorm\n|-damage|p2b: Tyranitar|32/100 psn|[from] psn\n|-damage|p2a: Milotic|46/100 brn|[from] brn\n|upkeep\n|-enditem|p2a: Milotic|Sitrus Berry|[eat]\n|-heal|p2a: Milotic|71/100 brn|[from] item: Sitrus Berry\n|turn|5\n|inactive|freudianbreath has 30 seconds left.\n|inactive|Chicops has 30 seconds left.\n|inactive|freudianbreath has 20 seconds left.\n|inactive|freudianbreath has 15 seconds left.\n|inactive|freudianbreath has 10 seconds left.\n|inactive|freudianbreath has 5 seconds left.\n|\n|t:|1788211936\n|move|p1a: Charizard|Overheat|p2b: Tyranitar\n|-resisted|p2b: Tyranitar|1\n|-damage|p2b: Tyranitar|11/100 psn\n|-unboost|p1a: Charizard|spa|2\n|move|p2b: Tyranitar|Rock Slide|p1a: Charizard|[spread] p1a,p1b\n|-supereffective|p1a: Charizard|2\n|-supereffective|p1b: Incineroar|1\n|-damage|p1a: Charizard|0 fnt\n|-damage|p1b: Incineroar|18/100\n|faint|p1a: Charizard\n|move|p2a: Milotic|Icy Wind|p1b: Incineroar|[miss]\n|-miss|p2a: Milotic|p1b: Incineroar\n|move|p1b: Incineroar|Flare Blitz|p2a: Milotic\n|-resisted|p2a: Milotic|1\n|-crit|p2a: Milotic\n|-damage|p2a: Milotic|15/100 brn\n|-damage|p1b: Incineroar|1/100|[from] Recoil\n|\n|-weather|Sandstorm|[upkeep]\n|-damage|p2a: Milotic|9/100 brn|[from] Sandstorm\n|-damage|p1b: Incineroar|0 fnt|[from] Sandstorm\n|faint|p1b: Incineroar\n|\n|win|Chicops\n||Chicops is ready for game 3.\n|inactive|freudianbreath has 30 seconds to confirm battle start!\n||freudianbreath is ready for game 3.\n|uhtml|next|Next: <a href=\"/battle-gen9championsvgc2026regmbbo3-2673550962\"><strong>Game 3 of 3</strong></a>\n|l|☆Chicops\n|player|p2|\n","uploadtime":1788211946,"views":"3","formatid":"gen9championsvgc2026regmbbo3","rating":null,"private":0,"password":null}