{"id":"gen9championsvgc2026regmb-2674311544","format":"[Gen 9 Champions] VGC 2026 Reg M-B","players":["chrispool1234","Nabimoo"],"log":"|j|☆chrispool1234\n|j|☆Nabimoo\n|t:|1788338128\n|gametype|doubles\n|player|p1|chrispool1234|169|1260\n|player|p2|Nabimoo|2|1177\n|gen|9\n|tier|[Gen 9 Champions] VGC 2026 Reg M-B\n|rated|\n|rule|Species Clause: Limit one of each Pokémon\n|rule|Item Clause: Limit 1 of each item\n|clearpoke\n|poke|p1|Aerodactyl, L50, M|\n|poke|p1|Charizard, L50, F|\n|poke|p1|Garchomp, L50, F|\n|poke|p1|Sneasler, L50, M|\n|poke|p1|Kingambit, L50, F|\n|poke|p1|Floette-Eternal, L50, F|\n|poke|p2|Lucario, L50, F|\n|poke|p2|Gholdengo, L50|\n|poke|p2|Archaludon, L50, F|\n|poke|p2|Palafin, L50, M|\n|poke|p2|Pelipper, L50, F|\n|poke|p2|Hydreigon, L50, F|\n|teampreview|4\n|\n|t:|1788338157\n|teamsize|p1|4\n|teamsize|p2|4\n|start\n|switch|p1a: Garchomp|Garchomp, L50, F|100/100\n|switch|p1b: Aerodactyl|Aerodactyl, L50, M|100/100\n|switch|p2a: Palafin|Palafin, L50, M|100/100\n|switch|p2b: Pelipper|Pelipper, L50, F|100/100\n|-ability|p1b: Aerodactyl|Unnerve\n|-weather|RainDance|[from] ability: Drizzle|[of] p2b: Pelipper\n|turn|1\n|\n|t:|1788338179\n|detailschange|p2a: Palafin|Palafin-Hero, L50, M\n|switch|p2a: Archaludon|Archaludon, L50, F|100/100\n|move|p1b: Aerodactyl|Protect|p1b: Aerodactyl\n|-singleturn|p1b: Aerodactyl|Protect\n|move|p1a: Garchomp|Rock Slide|p2a: Archaludon|[spread] p2b\n|-miss|p1a: Garchomp|p2a: Archaludon\n|-supereffective|p2b: Pelipper|1\n|-damage|p2b: Pelipper|46/100\n|move|p2b: Pelipper|U-turn|p2a: Archaludon\n|-resisted|p2a: Archaludon|1\n|-damage|p2a: Archaludon|96/100\n|-ability|p2a: Archaludon|Stamina|boost\n|-boost|p2a: Archaludon|def|1\n|\n|t:|1788338199\n|switch|p2b: Palafin|Palafin-Hero, L50, M|100/100|[from] U-turn\n|-activate|p2b: Palafin|ability: Zero to Hero\n|\n|-weather|RainDance|[upkeep]\n|-heal|p2a: Archaludon|100/100|[from] item: Leftovers\n|upkeep\n|turn|2\n|\n|t:|1788338215\n|switch|p1a: Charizard|Charizard, L50, F|100/100\n|move|p2b: Palafin|Jet Punch|p1b: Aerodactyl\n|-supereffective|p1b: Aerodactyl|1\n|-enditem|p1b: Aerodactyl|Focus Sash\n|-damage|p1b: Aerodactyl|1/100\n|-damage|p2b: Palafin|90/100|[from] item: Life Orb\n|move|p1b: Aerodactyl|Tailwind|p1b: Aerodactyl\n|-sidestart|p1: chrispool1234|move: Tailwind\n|move|p2a: Archaludon|Electro Shot||[still]\n|-prepare|p2a: Archaludon|Electro Shot\n|-boost|p2a: Archaludon|spa|1\n|-anim|p2a: Archaludon|Electro Shot|p1b: Aerodactyl\n|-supereffective|p1b: Aerodactyl|1\n|-damage|p1b: Aerodactyl|0 fnt\n|faint|p1b: Aerodactyl\n|\n|-weather|RainDance|[upkeep]\n|upkeep\n|\n|t:|1788338236\n|switch|p1b: Garchomp|Garchomp, L50, F|100/100\n|turn|3\n|\n|t:|1788338269\n|detailschange|p1a: Charizard|Charizard-Mega-Y, L50, F\n|-mega|p1a: Charizard|Charizard|Charizardite Y\n|-weather|SunnyDay|[from] ability: Drought|[of] p1a: Charizard\n|move|p2b: Palafin|Protect|p2b: Palafin\n|-singleturn|p2b: Palafin|Protect\n|move|p2a: Archaludon|Protect|p2a: Archaludon\n|-singleturn|p2a: Archaludon|Protect\n|move|p1b: Garchomp|Earthquake|p2b: Palafin|[spread] \n|-activate|p2a: Archaludon|move: Protect\n|-activate|p2b: Palafin|move: Protect\n|-immune|p1a: Charizard\n|move|p1a: Charizard|Solar Beam||[still]\n|-prepare|p1a: Charizard|Solar Beam\n|-anim|p1a: Charizard|Solar Beam|p2b: Palafin\n|-activate|p2b: Palafin|move: Protect\n|\n|-weather|SunnyDay|[upkeep]\n|upkeep\n|turn|4\n|\n|t:|1788338304\n|switch|p2b: Pelipper|Pelipper, L50, F|46/100\n|-weather|RainDance|[from] ability: Drizzle|[of] p2b: Pelipper\n|move|p1b: Garchomp|Earthquake|p2a: Archaludon|[spread] p2a\n|-immune|p1a: Charizard\n|-immune|p2b: Pelipper\n|-supereffective|p2a: Archaludon|1\n|-damage|p2a: Archaludon|63/100\n|-ability|p2a: Archaludon|Stamina|boost\n|-boost|p2a: Archaludon|def|1\n|move|p1a: Charizard|Weather Ball|p2b: Pelipper\n|-resisted|p2b: Pelipper|1\n|-damage|p2b: Pelipper|0 fnt\n|faint|p2b: Pelipper\n|move|p2a: Archaludon|Draco Meteor|p1b: Garchomp\n|-supereffective|p1b: Garchomp|1\n|-damage|p1b: Garchomp|0 fnt\n|-unboost|p2a: Archaludon|spa|2\n|faint|p1b: Garchomp\n|\n|-weather|RainDance|[upkeep]\n|-heal|p2a: Archaludon|69/100|[from] item: Leftovers\n|upkeep\n|\n|t:|1788338327\n|switch|p1b: Floette|Floette-Eternal, L50, F|100/100\n|switch|p2b: Palafin|Palafin-Hero, L50, M|90/100\n|turn|5\n|\n|t:|1788338339\n|move|p1a: Charizard|Protect|p1a: Charizard\n|-singleturn|p1a: Charizard|Protect\n|move|p2b: Palafin|Protect|p2b: Palafin\n|-singleturn|p2b: Palafin|Protect\n|move|p2a: Archaludon|Protect|p2a: Archaludon\n|-singleturn|p2a: Archaludon|Protect\n|move|p1b: Floette|Light of Ruin|p2b: Palafin\n|-activate|p2b: Palafin|move: Protect\n|\n|-weather|RainDance|[upkeep]\n|-heal|p2a: Archaludon|75/100|[from] item: Leftovers\n|-sideend|p1: chrispool1234|move: Tailwind\n|upkeep\n|turn|6\n|\n|t:|1788338357\n|move|p1a: Charizard|Protect|p1a: Charizard\n|-singleturn|p1a: Charizard|Protect\n|move|p2b: Palafin|Jet Punch|p1a: Charizard\n|-activate|p1a: Charizard|move: Protect\n|move|p1b: Floette|Light of Ruin|p2b: Palafin\n|-damage|p2b: Palafin|10/100\n|-damage|p1b: Floette|60/100|[from] Recoil\n|move|p2a: Archaludon|Electro Shot||[still]\n|-prepare|p2a: Archaludon|Electro Shot\n|-boost|p2a: Archaludon|spa|1\n|-anim|p2a: Archaludon|Electro Shot|p1b: Floette\n|-damage|p1b: Floette|32/100\n|\n|-weather|RainDance|[upkeep]\n|-heal|p2a: Archaludon|81/100|[from] item: Leftovers\n|upkeep\n|turn|7\n|\n|t:|1788338385\n|move|p1b: Floette|Protect|p1b: Floette\n|-singleturn|p1b: Floette|Protect\n|move|p2b: Palafin|Jet Punch|p1a: Charizard\n|-supereffective|p1a: Charizard|1\n|-damage|p1a: Charizard|0 fnt\n|faint|p1a: Charizard\n|-damage|p2b: Palafin|1/100|[from] item: Life Orb\n|move|p2a: Archaludon|Electro Shot||[still]\n|-prepare|p2a: Archaludon|Electro Shot\n|-boost|p2a: Archaludon|spa|1\n|-anim|p2a: Archaludon|Electro Shot|p1b: Floette\n|-activate|p1b: Floette|move: Protect\n|\n|-weather|RainDance|[upkeep]\n|-heal|p2a: Archaludon|87/100|[from] item: Leftovers\n|upkeep\n|turn|8\n|-message|chrispool1234 forfeited.\n|\n|win|Nabimoo\n|raw|chrispool1234's rating: 1260 &rarr; <strong>1229</strong><br />(-31 for losing)\n|raw|Nabimoo's rating: 1177 &rarr; <strong>1208</strong><br />(+31 for winning)\n|l|☆chrispool1234\n|player|p1|\n","uploadtime":1788338477,"views":"2","formatid":"gen9championsvgc2026regmb","rating":1208,"private":0,"password":null}