{"id":"gen9championsvgc2026regmb-2674713698","format":"[Gen 9 Champions] VGC 2026 Reg M-B","players":["victorre","LickitungLaprasMew"],"log":"|j|☆victorre\n|j|☆LickitungLaprasMew\n|html|<table width=\"100%\"><tr><td align=\"left\">victorre</td><td align=\"right\">LickitungLaprasMew</tr><tr><td align=\"left\"><i class=\"fa fa-circle-o\"></i> <i class=\"fa fa-circle-o\"></i> </td><td align=\"right\"><i class=\"fa fa-circle-o\"></i> <i class=\"fa fa-circle-o\"></i> </tr></table>\n|uhtml|bestof|<h2><strong>Game 1</strong> of <a href=\"/game-bestof3-gen9championsvgc2026regmb-2674713697\">a best-of-3</a></h2>\n|t:|1788394655\n|gametype|doubles\n|player|p1|victorre|gentleman-gen4dp|\n|player|p2|LickitungLaprasMew|hiker-gen4|\n|gen|9\n|tier|[Gen 9 Champions] VGC 2026 Reg M-B\n|rule|Species Clause: Limit one of each Pokémon\n|rule|Item Clause: Limit 1 of each item\n|raw|<div class=\"infobox\"><details class=\"readmore\" open><summary><strong>1 custom rule:</strong></summary> Best of = 3</details></div>\n|clearpoke\n|poke|p1|Tyranitar, L50, F|\n|poke|p1|Charizard, L50, M|\n|poke|p1|Annihilape, L50, F|\n|poke|p1|Tinkaton, L50, F|\n|poke|p1|Oranguru, L50, F|\n|poke|p1|Whimsicott, L50, M|\n|poke|p2|Scovillain, L50, M|\n|poke|p2|Sableye, L50, F|\n|poke|p2|Sceptile, L50, M|\n|poke|p2|Staraptor, L50, F|\n|poke|p2|Greninja, L50, M|\n|poke|p2|Gardevoir, L50, F|\n|teampreview|4\nLickitungLaprasMew rejected open team sheets.\n|c|☆victorre|gl hf\n|c|☆LickitungLaprasMew|you too\n|j| Dr Palossand PHD\n|\n|t:|1788394851\n|teamsize|p1|4\n|teamsize|p2|4\n|start\n|switch|p1a: Annihilape|Annihilape, L50, F|100/100\n|switch|p1b: Oranguru|Oranguru, L50, F|100/100\n|switch|p2a: Staraptor|Staraptor, L50, F|100/100\n|switch|p2b: Sableye|Sableye, L50, F|100/100\n|turn|1\n|\n|t:|1788394953\n|move|p1a: Annihilape|Protect|p1a: Annihilape\n|-singleturn|p1a: Annihilape|Protect\n|move|p2a: Staraptor|Brave Bird|p1a: Annihilape\n|-activate|p1a: Annihilape|move: Protect\n|move|p2b: Sableye|Skill Swap|p1b: Oranguru\n|-activate|p2b: Sableye|Skill Swap|Inner Focus|Stall|[of] p1b: Oranguru\n|move|p1b: Oranguru|Trick Room|p1b: Oranguru\n|-fieldstart|move: Trick Room|[of] p1b: Oranguru\n|\n|upkeep\n|turn|2\n|c|☆victorre|!!!\n|\n|t:|1788395058\n|switch|p1a: Tyranitar|Tyranitar, L50, F|100/100\n|-weather|Sandstorm|[from] ability: Sand Stream|[of] p1a: Tyranitar\n|move|p2b: Sableye|Power Gem|p1b: Oranguru\n|-damage|p1b: Oranguru|87/100\n|move|p2a: Staraptor|Brave Bird|p1a: Tyranitar\n|-resisted|p1a: Tyranitar|1\n|-damage|p1a: Tyranitar|78/100\n|-damage|p2a: Staraptor|92/100|[from] Recoil\n|move|p1b: Oranguru|Taunt|p2b: Sableye\n|-start|p2b: Sableye|move: Taunt\n|\n|-weather|Sandstorm|[upkeep]\n|-damage|p2b: Sableye|94/100|[from] Sandstorm\n|-damage|p1b: Oranguru|81/100|[from] Sandstorm\n|-damage|p2a: Staraptor|85/100|[from] Sandstorm\n|upkeep\n|turn|3\n|\n|t:|1788395205\n|move|p1a: Tyranitar|Protect|p1a: Tyranitar\n|-singleturn|p1a: Tyranitar|Protect\n|move|p2b: Sableye|Power Gem|p1a: Tyranitar\n|-activate|p1a: Tyranitar|move: Protect\n|move|p2a: Staraptor|Brave Bird|p1b: Oranguru\n|-damage|p1b: Oranguru|18/100\n|-damage|p2a: Staraptor|64/100|[from] Recoil\n|move|p1b: Oranguru|Yawn|p2a: Staraptor\n|-start|p2a: Staraptor|move: Yawn|[of] p1b: Oranguru\n|\n|-weather|Sandstorm|[upkeep]\n|-damage|p2b: Sableye|88/100|[from] Sandstorm\n|-damage|p1b: Oranguru|12/100|[from] Sandstorm\n|-damage|p2a: Staraptor|58/100|[from] Sandstorm\n|upkeep\n|turn|4\n|\n|t:|1788395236\n|switch|p2a: Greninja|Greninja, L50, M|100/100\n|detailschange|p1a: Tyranitar|Tyranitar-Mega, L50, F\n|-mega|p1a: Tyranitar|Tyranitar|Tyranitarite\n|move|p2b: Sableye|Power Gem|p1b: Oranguru\n|-damage|p1b: Oranguru|0 fnt\n|faint|p1b: Oranguru\n|move|p1a: Tyranitar|Rock Slide|p2a: Greninja|[spread] p2a,p2b\n|-damage|p2a: Greninja|43/100\n|-damage|p2b: Sableye|35/100\n|\n|-weather|Sandstorm|[upkeep]\n|-damage|p2b: Sableye|29/100|[from] Sandstorm\n|-damage|p2a: Greninja|37/100|[from] Sandstorm\n|upkeep\n|\n|t:|1788395251\n|switch|p1b: Annihilape|Annihilape, L50, F|100/100\n|turn|5\n|\n|t:|1788395277\n|move|p2b: Sableye|Hex|p1b: Annihilape\n|-supereffective|p1b: Annihilape|1\n|-damage|p1b: Annihilape|43/100\n|move|p1a: Tyranitar|Rock Slide|p2a: Greninja|[spread] p2a,p2b\n|-damage|p2a: Greninja|0 fnt\n|-damage|p2b: Sableye|0 fnt\n|faint|p2a: Greninja\n|faint|p2b: Sableye\n|move|p1b: Annihilape|Close Combat|p2: Greninja|[notarget]\n|-fail|p1b: Annihilape\n|\n|-weather|Sandstorm|[upkeep]\n|-damage|p1b: Annihilape|37/100|[from] Sandstorm\n|-heal|p1b: Annihilape|43/100|[from] item: Leftovers\n|-fieldend|move: Trick Room\n|upkeep\n|\n|t:|1788395291\n|switch|p2a: Staraptor|Staraptor, L50, F|58/100\n|switch|p2b: Scovillain|Scovillain, L50, M|100/100\n|turn|6\n|\n|t:|1788395331\n|detailschange|p2b: Scovillain|Scovillain-Mega, L50, M\n|-mega|p2b: Scovillain|Scovillain|Scovillainite\n|move|p1a: Tyranitar|Protect|p1a: Tyranitar\n|-singleturn|p1a: Tyranitar|Protect\n|move|p2a: Staraptor|Brave Bird|p1b: Annihilape\n|-supereffective|p1b: Annihilape|1\n|-damage|p1b: Annihilape|0 fnt\n|faint|p1b: Annihilape\n|-damage|p2a: Staraptor|42/100|[from] Recoil\n|move|p2b: Scovillain|Seed Bomb|p1a: Tyranitar\n|-activate|p1a: Tyranitar|move: Protect\n|\n|-weather|none\n|upkeep\n|\n|t:|1788395363\n|switch|p1b: Tinkaton|Tinkaton, L50, F|100/100\n|turn|7\n|\n|t:|1788395390\n|move|p1b: Tinkaton|Fake Out|p2b: Scovillain\n|-damage|p2b: Scovillain|83/100\n|-status|p1b: Tinkaton|brn|[from] ability: Spicy Spray|[of] p2b: Scovillain\n|move|p2a: Staraptor|Tailwind|p2a: Staraptor\n|-sidestart|p2: LickitungLaprasMew|move: Tailwind\n|cant|p2b: Scovillain|flinch\n|move|p1a: Tyranitar|Rock Slide|p2b: Scovillain|[spread] p2a\n|-miss|p1a: Tyranitar|p2b: Scovillain\n|-supereffective|p2a: Staraptor|1\n|-damage|p2a: Staraptor|0 fnt\n|faint|p2a: Staraptor\n|\n|-damage|p1b: Tinkaton|93/100 brn|[from] brn\n|upkeep\n|turn|8\n|\n|t:|1788395456\n|move|p2b: Scovillain|Flare Blitz|p1b: Tinkaton\n|-supereffective|p1b: Tinkaton|1\n|-damage|p1b: Tinkaton|0 fnt\n|faint|p1b: Tinkaton\n|-damage|p2b: Scovillain|44/100|[from] Recoil\n|move|p1a: Tyranitar|Knock Off|p2b: Scovillain\n|-damage|p2b: Scovillain|0 fnt\n|-status|p1a: Tyranitar|brn|[from] ability: Spicy Spray|[of] p2b: Scovillain\n|faint|p2b: Scovillain\n|\n|win|victorre\n||LickitungLaprasMew is ready for game 2.\n|inactive|victorre has 30 seconds to confirm battle start!\n","uploadtime":1788395471,"views":"15","formatid":"gen9championsvgc2026regmb","rating":null,"private":0,"password":null}