{"id":"gen9championsvgc2026regmbbo3-2674020186","format":"[Gen 9 Champions] VGC 2026 Reg M-B (Bo3)","players":["Buggy00k","Tickz"],"log":"|j|☆Buggy00k\n|j|☆Tickz\n|html|<table width=\"100%\"><tr><td align=\"left\">Buggy00k</td><td align=\"right\">Tickz</tr><tr><td align=\"left\"><i class=\"fa fa-circle-o\"></i> <i class=\"fa fa-circle-o\"></i> </td><td align=\"right\"><i class=\"fa fa-circle-o\"></i> <i class=\"fa fa-circle-o\"></i> </tr></table>\n|uhtml|bestof|<h2><strong>Game 1</strong> of <a href=\"/game-bestof3-gen9championsvgc2026regmbbo3-2674020185\">a best-of-3</a></h2>\n|t:|1788289025\n|gametype|doubles\n|player|p1|Buggy00k|101|1061\n|player|p2|Tickz|169|1000\n|gen|9\n|tier|[Gen 9 Champions] VGC 2026 Reg M-B (Bo3)\n|rated|\n|rule|Species Clause: Limit one of each Pokémon\n|rule|Item Clause: Limit 1 of each item\n|clearpoke\n|poke|p1|Froslass, L50, F|\n|poke|p1|Blaziken, L50, F, shiny|\n|poke|p1|Kingambit, L50, F, shiny|\n|poke|p1|Basculegion, L50, M|\n|poke|p1|Dragonite, L50, F, shiny|\n|poke|p1|Farigiraf, L50, M, shiny|\n|poke|p2|Talonflame, L50, M, shiny|\n|poke|p2|Lucario, L50, M|\n|poke|p2|Garchomp, L50, M|\n|poke|p2|Hydreigon, L50, F|\n|poke|p2|Farigiraf, L50, F|\n|poke|p2|Incineroar, L50, M, shiny|\n|teampreview|4\n|showteam|p1|Froslass||Froslassite|SnowCloak|ShadowBall,Blizzard,AuroraVeil,Protect|Timid||F|||50|]Blaziken||Blazikenite|SpeedBoost|FlareBlitz,CloseCombat,RockSlide,Detect|Adamant||F|||50|]Kingambit||ChopleBerry|Defiant|KowtowCleave,SuckerPunch,IronHead,Protect|Adamant||F|||50|]Basculegion||ChoiceScarf|Adaptability|FlipTurn,AquaJet,WaveCrash,LastRespects|Jolly||M|||50|]Dragonite||LifeOrb|InnerFocus|DragonClaw,ExtremeSpeed,LowKick,Protect|Adamant||F|||50|]Farigiraf||SitrusBerry|ArmorTail|Psychic,Thunderbolt,TrickRoom,NastyPlot|Relaxed||M|||50|\n|showteam|p2|Talonflame||FocusSash|GaleWings|FlareBlitz,Tailwind,Uturn,Protect|Jolly||M|||50|]Lucario||Lucarionite|InnerFocus|BulletPunch,DrainPunch,CloseCombat,Detect|Jolly||M|||50|]Garchomp||LifeOrb|RoughSkin|DragonClaw,Earthquake,IronHead,Protect|Jolly||M|||50|]Hydreigon||ChoiceScarf|Levitate|DracoMeteor,DarkPulse,FlashCannon,Protect|Modest||F|||50|]Farigiraf||Leftovers|ArmorTail|HyperVoice,TrickRoom,Protect,HelpingHand|Relaxed||F|||50|]Incineroar||SitrusBerry|Intimidate|FlareBlitz,PartingShot,ThroatChop,FakeOut|Careful||M|||50|\n|inactive|Battle timer is ON: inactive players will automatically lose when time's up. (requested by Tickz)\n|inactive|Buggy00k has 60 seconds left.\n|inactive|Buggy00k has 30 seconds left.\n|inactive|Buggy00k has 20 seconds left.\n|\n|t:|1788289098\n|teamsize|p1|4\n|teamsize|p2|4\n|start\n|switch|p1a: Froslass|Froslass, L50, F|100/100\n|switch|p1b: Dragonite|Dragonite, L50, F, shiny|100/100\n|switch|p2a: Talonflame|Talonflame, L50, M, shiny|100/100\n|switch|p2b: Garchomp|Garchomp, L50, M|100/100\n|turn|1\n|inactive|Buggy00k has 30 seconds left.\n|\n|t:|1788289129\n|detailschange|p1a: Froslass|Froslass-Mega, L50, F\n|-mega|p1a: Froslass|Froslass|Froslassite\n|-weather|Snowscape|[from] ability: Snow Warning|[of] p1a: Froslass\n|move|p2b: Garchomp|Protect|p2b: Garchomp\n|-singleturn|p2b: Garchomp|Protect\n|move|p1b: Dragonite|Extreme Speed|p2a: Talonflame\n|-damage|p2a: Talonflame|41/100\n|-damage|p1b: Dragonite|90/100|[from] item: Life Orb\n|move|p2a: Talonflame|Tailwind|p2a: Talonflame\n|-sidestart|p2: Tickz|move: Tailwind\n|move|p1a: Froslass|Blizzard|p2b: Garchomp|[spread] p2a\n|-activate|p2b: Garchomp|move: Protect\n|-damage|p2a: Talonflame|0 fnt\n|faint|p2a: Talonflame\n|\n|-weather|Snowscape|[upkeep]\n|upkeep\n|\n|t:|1788289153\n|switch|p2a: Lucario|Lucario, L50, M|100/100\n|turn|2\n|inactive|Buggy00k has 30 seconds left.\n|\n|t:|1788289179\n|detailschange|p2a: Lucario|Lucario-Mega, L50, M\n|-mega|p2a: Lucario|Lucario|Lucarionite\n|move|p1a: Froslass|Protect|p1a: Froslass\n|-singleturn|p1a: Froslass|Protect\n|move|p1b: Dragonite|Protect|p1b: Dragonite\n|-singleturn|p1b: Dragonite|Protect\n|move|p2a: Lucario|Bullet Punch|p1a: Froslass\n|-activate|p1a: Froslass|move: Protect\n|move|p2b: Garchomp|Dragon Claw|p1b: Dragonite\n|-activate|p1b: Dragonite|move: Protect\n|\n|-weather|Snowscape|[upkeep]\n|upkeep\n|turn|3\n|inactive|Buggy00k has 30 seconds left.\n|\n|t:|1788289205\n|switch|p1a: Basculegion|Basculegion, L50, M|100/100\n|switch|p1b: Kingambit|Kingambit, L50, F, shiny|100/100\n|move|p2a: Lucario|Bullet Punch|p1a: Basculegion\n|-resisted|p1a: Basculegion|1\n|-damage|p1a: Basculegion|84/100\n|move|p2b: Garchomp|Dragon Claw|p1b: Kingambit\n|-resisted|p1b: Kingambit|1\n|-damage|p1b: Kingambit|78/100\n|-damage|p2b: Garchomp|90/100|[from] item: Life Orb\n|\n|-weather|Snowscape|[upkeep]\n|upkeep\n|turn|4\n|inactive|Buggy00k has 30 seconds left.\n|\n|t:|1788289231\n|move|p2a: Lucario|Detect|p2a: Lucario\n|-singleturn|p2a: Lucario|Protect\n|move|p1b: Kingambit|Protect|p1b: Kingambit\n|-singleturn|p1b: Kingambit|Protect\n|move|p2b: Garchomp|Earthquake|p1a: Basculegion|[spread] p1a\n|-activate|p2a: Lucario|move: Protect\n|-activate|p1b: Kingambit|move: Protect\n|-damage|p1a: Basculegion|29/100\n|-damage|p2b: Garchomp|80/100|[from] item: Life Orb\n|move|p1a: Basculegion|Flip Turn|p2a: Lucario\n|-activate|p2a: Lucario|move: Protect\n|\n|-weather|Snowscape|[upkeep]\n|-sideend|p2: Tickz|move: Tailwind\n|upkeep\n|turn|5\n|\n|t:|1788289256\n|move|p2b: Garchomp|Protect|p2b: Garchomp\n|-singleturn|p2b: Garchomp|Protect\n|move|p2a: Lucario|Bullet Punch|p1a: Basculegion\n|-resisted|p1a: Basculegion|1\n|-damage|p1a: Basculegion|12/100\n|move|p1b: Kingambit|Sucker Punch||[still]\n|-fail|p1b: Kingambit\n|move|p1a: Basculegion|Flip Turn|p2a: Lucario\n|-damage|p2a: Lucario|52/100\n|\n|t:|1788289275\n|switch|p1a: Dragonite|Dragonite, L50, F, shiny|90/100|[from] Flip Turn\n|\n|-weather|none\n|upkeep\n|turn|6\n|\n|t:|1788289298\n|switch|p1b: Froslass|Froslass-Mega, L50, F|100/100\n|-weather|Snowscape|[from] ability: Snow Warning|[of] p1b: Froslass\n|move|p1a: Dragonite|Protect|p1a: Dragonite\n|-singleturn|p1a: Dragonite|Protect\n|move|p2a: Lucario|Close Combat|p1b: Froslass\n|-immune|p1b: Froslass\n|move|p2b: Garchomp|Dragon Claw|p1a: Dragonite\n|-activate|p1a: Dragonite|move: Protect\n|\n|-weather|Snowscape|[upkeep]\n|upkeep\n|turn|7\n|\n|t:|1788289319\n|switch|p2b: Incineroar|Incineroar, L50, M, shiny|100/100\n|-ability|p2b: Incineroar|Intimidate|boost\n|-fail|p1a: Dragonite|unboost|Attack|[from] ability: Inner Focus|[of] p1a: Dragonite\n|-unboost|p1b: Froslass|atk|1\n|move|p1a: Dragonite|Extreme Speed|p2a: Lucario\n|-resisted|p2a: Lucario|1\n|-damage|p2a: Lucario|22/100\n|-damage|p1a: Dragonite|80/100|[from] item: Life Orb\n|move|p2a: Lucario|Bullet Punch|p1b: Froslass\n|-supereffective|p1b: Froslass|1\n|-damage|p1b: Froslass|37/100\n|move|p1b: Froslass|Blizzard|p2b: Incineroar|[spread] p2a,p2b\n|-resisted|p2a: Lucario|1\n|-resisted|p2b: Incineroar|1\n|-damage|p2a: Lucario|0 fnt\n|-damage|p2b: Incineroar|84/100\n|-status|p2b: Incineroar|frz\n|faint|p2a: Lucario\n|\n|-weather|Snowscape|[upkeep]\n|upkeep\n|\n|t:|1788289331\n|switch|p2a: Garchomp|Garchomp, L50, M|80/100\n|turn|8\n|\n|t:|1788289351\n|move|p1b: Froslass|Blizzard|p2b: Incineroar|[spread] p2a,p2b\n|-supereffective|p2a: Garchomp|2\n|-resisted|p2b: Incineroar|1\n|-damage|p2a: Garchomp|0 fnt\n|-damage|p2b: Incineroar|70/100 frz\n|faint|p2a: Garchomp\n|move|p1a: Dragonite|Low Kick|p2b: Incineroar\n|-supereffective|p2b: Incineroar|1\n|-damage|p2b: Incineroar|0 fnt\n|faint|p2b: Incineroar\n|-damage|p1a: Dragonite|71/100|[from] item: Life Orb\n|\n|win|Buggy00k\n||Tickz is ready for game 2.\n|l|☆Tickz\n|player|p2|\n|c|☆Buggy00k|gg\n|inactive|Buggy00k has 30 seconds to confirm battle start!\n","uploadtime":1788289361,"views":"1","formatid":"gen9championsvgc2026regmbbo3","rating":null,"private":0,"password":null}