{"id":"gen9championsvgc2026regmbbo3-2674862576","format":"[Gen 9 Champions] VGC 2026 Reg M-B (Bo3)","players":["SlayDer21","okkia3"],"log":"|j|☆SlayDer21\n|j|☆okkia3\n|html|<table width=\"100%\"><tr><td align=\"left\">SlayDer21</td><td align=\"right\">okkia3</tr><tr><td align=\"left\"><i class=\"fa fa-circle-o\"></i> <i class=\"fa fa-circle-o\"></i> </td><td align=\"right\"><i class=\"fa fa-circle-o\"></i> <i class=\"fa fa-circle-o\"></i> </tr></table>\n|uhtml|bestof|<h2><strong>Game 1</strong> of <a href=\"/game-bestof3-gen9championsvgc2026regmbbo3-2674862575\">a best-of-3</a></h2>\n|t:|1788423826\n|gametype|doubles\n|player|p1|SlayDer21|170|1054\n|player|p2|okkia3|102|1070\n|gen|9\n|tier|[Gen 9 Champions] VGC 2026 Reg M-B (Bo3)\n|rated|\n|rule|Species Clause: Limit one of each Pokémon\n|rule|Item Clause: Limit 1 of each item\n|clearpoke\n|poke|p1|Gardevoir, L50, M, shiny|\n|poke|p1|Kingambit, L50, M, shiny|\n|poke|p1|Incineroar, L50, M|\n|poke|p1|Garchomp, L50, M|\n|poke|p1|Aerodactyl, L50, M|\n|poke|p1|Maushold, L50|\n|poke|p2|Charizard, L50, F|\n|poke|p2|Whimsicott, L50, M|\n|poke|p2|Basculegion, L50, M|\n|poke|p2|Farigiraf, L50, M|\n|poke|p2|Kangaskhan, L50, F|\n|poke|p2|Sneasler, L50, F|\n|teampreview|4\n|showteam|p1|Gardevoir||Gardevoirite|Trace|HyperVoice,Psychic,Protect,TrickRoom|Modest||M|||50|]Kingambit||ChopleBerry|Defiant|KowtowCleave,SuckerPunch,IronHead,LowKick|Adamant||M|||50|]Incineroar||Leftovers|Intimidate|FakeOut,PartingShot,FlareBlitz,WillOWisp|Careful||M|||50|]Garchomp||LifeOrb|RoughSkin|DragonClaw,StompingTantrum,Protect,RockSlide|Jolly||M|||50|]Aerodactyl||Aerodactylite|Pressure|DualWingbeat,Protect,Tailwind,RockSlide|Jolly||M|||50|]Maushold||FocusSash|FriendGuard|FollowMe,SuperFang,Encore,Protect|Timid|||||50|\n|showteam|p2|Charizard||CharizarditeY|SolarPower|WeatherBall,HeatWave,SolarBeam,Protect|Timid||F|||50|]Whimsicott||FocusSash|Prankster|Moonblast,Tailwind,SunnyDay,Encore|Timid||M|||50|]Basculegion||ChoiceScarf|Adaptability|WaveCrash,AquaJet,LastRespects,FlipTurn|Adamant||M|||50|]Farigiraf||SitrusBerry|ArmorTail|Psychic,HyperVoice,HelpingHand,TrickRoom|Modest||M|||50|]Kangaskhan||Kangaskhanite|Scrappy|FakeOut,DoubleEdge,DrainPunch,SuckerPunch|Adamant||F|||50|]Sneasler||WhiteHerb|Unburden|FakeOut,CloseCombat,DireClaw,RockTomb|Adamant||F|||50|\n|inactive|Battle timer is ON: inactive players will automatically lose when time's up. (requested by okkia3)\n|inactive|SlayDer21 has 60 seconds left.\n|\n|t:|1788423879\n|teamsize|p1|4\n|teamsize|p2|4\n|start\n|switch|p1a: Aerodactyl|Aerodactyl, L50, M|100/100\n|switch|p1b: Incineroar|Incineroar, L50, M|100/100\n|switch|p2a: Basculegion|Basculegion, L50, M|100/100\n|switch|p2b: Kangaskhan|Kangaskhan, L50, F|100/100\n|-ability|p1a: Aerodactyl|Pressure\n|-ability|p1b: Incineroar|Intimidate|boost\n|-unboost|p2a: Basculegion|atk|1\n|-fail|p2b: Kangaskhan|unboost|atk|[from] ability: Scrappy|[of] p2b: Kangaskhan\n|turn|1\n|\n|t:|1788423900\n|switch|p1b: Kingambit|Kingambit, L50, M, shiny|100/100\n|detailschange|p2b: Kangaskhan|Kangaskhan-Mega, L50, F\n|-mega|p2b: Kangaskhan|Kangaskhan|Kangaskhanite\n|move|p1a: Aerodactyl|Protect|p1a: Aerodactyl\n|-singleturn|p1a: Aerodactyl|Protect\n|move|p2b: Kangaskhan|Fake Out|p1b: Kingambit\n|-resisted|p1b: Kingambit|1\n|-damage|p1b: Kingambit|90/100\n|-resisted|p1b: Kingambit|1\n|-crit|p1b: Kingambit\n|-damage|p1b: Kingambit|87/100\n|-hitcount|p1b: Kingambit|2\n|move|p2a: Basculegion|Wave Crash|p1a: Aerodactyl\n|-activate|p1a: Aerodactyl|move: Protect\n|\n|upkeep\n|turn|2\n|inactive|SlayDer21 has 30 seconds left.\n|\n|t:|1788423934\n|switch|p1a: Incineroar|Incineroar, L50, M|100/100\n|-ability|p1a: Incineroar|Intimidate|boost\n|-unboost|p2a: Basculegion|atk|1\n|-unboost|p2b: Kangaskhan|atk|1\n|switch|p2a: Sneasler|Sneasler, L50, F|100/100\n|switch|p1b: Garchomp|Garchomp, L50, M|100/100\n|move|p2b: Kangaskhan|Drain Punch|p1b: Garchomp\n|-damage|p1b: Garchomp|80/100\n|-damage|p2b: Kangaskhan|87/100|[from] ability: Rough Skin|[of] p1b: Garchomp\n|-damage|p1b: Garchomp|75/100\n|-heal|p2b: Kangaskhan|90/100|[from] drain|[of] p1b: Garchomp\n|-damage|p2b: Kangaskhan|78/100|[from] ability: Rough Skin|[of] p1b: Garchomp\n|-hitcount|p1b: Garchomp|2\n|\n|upkeep\n|turn|3\n|inactive|SlayDer21 has 30 seconds left.\n|inactive|SlayDer21 has 20 seconds left.\n|\n|t:|1788423972\n|move|p1a: Incineroar|Fake Out|p2b: Kangaskhan\n|-damage|p2b: Kangaskhan|68/100\n|cant|p2b: Kangaskhan|flinch\n|move|p2a: Sneasler|Close Combat|p1a: Incineroar\n|-supereffective|p1a: Incineroar|1\n|-damage|p1a: Incineroar|0 fnt\n|-unboost|p2a: Sneasler|def|1\n|-unboost|p2a: Sneasler|spd|1\n|faint|p1a: Incineroar\n|-enditem|p2a: Sneasler|White Herb\n|-clearnegativeboost|p2a: Sneasler|[silent]\n|move|p1b: Garchomp|Stomping Tantrum|p2a: Sneasler\n|-supereffective|p2a: Sneasler|1\n|-damage|p2a: Sneasler|0 fnt\n|faint|p2a: Sneasler\n|-damage|p1b: Garchomp|65/100|[from] item: Life Orb\n|\n|upkeep\n|\n|t:|1788423992\n|switch|p2a: Farigiraf|Farigiraf, L50, M|100/100\n|switch|p1a: Kingambit|Kingambit, L50, M, shiny|87/100\n|turn|4\n|\n|t:|1788424008\n|move|p1b: Garchomp|Stomping Tantrum|p2a: Farigiraf\n|-damage|p2a: Farigiraf|52/100\n|-damage|p1b: Garchomp|56/100|[from] item: Life Orb\n|move|p2b: Kangaskhan|Drain Punch|p1a: Kingambit\n|-supereffective|p1a: Kingambit|2\n|-enditem|p1a: Kingambit|Chople Berry|[eat]\n|-enditem|p1a: Kingambit|Chople Berry|[weaken]\n|-damage|p1a: Kingambit|60/100\n|-heal|p2b: Kangaskhan|84/100|[from] drain|[of] p1a: Kingambit\n|-supereffective|p1a: Kingambit|2\n|-damage|p1a: Kingambit|49/100\n|-heal|p2b: Kangaskhan|90/100|[from] drain|[of] p1a: Kingambit\n|-hitcount|p1a: Kingambit|2\n|move|p2a: Farigiraf|Hyper Voice|p1b: Garchomp|[spread] p1a,p1b\n|-resisted|p1a: Kingambit|1\n|-damage|p1a: Kingambit|35/100\n|-damage|p1b: Garchomp|20/100r\n|move|p1a: Kingambit|Kowtow Cleave|p2a: Farigiraf\n|-supereffective|p2a: Farigiraf|1\n|-damage|p2a: Farigiraf|0 fnt\n|faint|p2a: Farigiraf\n|\n|upkeep\n|\n|t:|1788424008\n|switch|p2a: Basculegion|Basculegion, L50, M|100/100\n|turn|5\n|\n|t:|1788424033\n|move|p1a: Kingambit|Sucker Punch|p2a: Basculegion\n|-supereffective|p2a: Basculegion|1\n|-damage|p2a: Basculegion|3/100\n|move|p2a: Basculegion|Last Respects|p1b: Garchomp\n|-damage|p1b: Garchomp|0 fnt\n|faint|p1b: Garchomp\n|move|p2b: Kangaskhan|Drain Punch|p1a: Kingambit\n|-supereffective|p1a: Kingambit|2\n|-damage|p1a: Kingambit|0 fnt\n|-heal|p2b: Kangaskhan|100/100|[from] drain|[of] p1a: Kingambit\n|faint|p1a: Kingambit\n|\n|upkeep\n|\n|t:|1788424045\n|switch|p1a: Aerodactyl|Aerodactyl, L50, M|100/100\n|-ability|p1a: Aerodactyl|Pressure\n|turn|6\n|\n|t:|1788424051\n|detailschange|p1a: Aerodactyl|Aerodactyl-Mega, L50, M\n|-mega|p1a: Aerodactyl|Aerodactyl|Aerodactylite\n|move|p1a: Aerodactyl|Rock Slide|p2a: Basculegion|[spread] p2a,p2b\n|-damage|p2a: Basculegion|0 fnt\n|-damage|p2b: Kangaskhan|71/100\n|faint|p2a: Basculegion\n|cant|p2b: Kangaskhan|flinch\n|\n|upkeep\n|turn|7\n|\n|t:|1788424060\n|move|p1a: Aerodactyl|Dual Wingbeat|p2b: Kangaskhan\n|-damage|p2b: Kangaskhan|46/100\n|-damage|p2b: Kangaskhan|17/100\n|-hitcount|p2b: Kangaskhan|2\n|move|p2b: Kangaskhan|Double-Edge|p1a: Aerodactyl\n|-resisted|p1a: Aerodactyl|1\n|-damage|p1a: Aerodactyl|69/100\n|-resisted|p1a: Aerodactyl|1\n|-crit|p1a: Aerodactyl\n|-damage|p1a: Aerodactyl|52/100\n|-hitcount|p1a: Aerodactyl|2\n|-damage|p2b: Kangaskhan|3/100|[from] Recoil\n|\n|upkeep\n|turn|8\n|\n|t:|1788424073\n|move|p1a: Aerodactyl|Dual Wingbeat|p2b: Kangaskhan\n|-damage|p2b: Kangaskhan|0 fnt\n|faint|p2b: Kangaskhan\n|-hitcount|p2: Kangaskhan|1\n|\n|win|SlayDer21\n","uploadtime":1788424073,"views":"4","formatid":"gen9championsvgc2026regmbbo3","rating":null,"private":0,"password":null}