{"id":"gen9championsvgc2026regmb-2674907415","format":"[Gen 9 Champions] VGC 2026 Reg M-B","players":["jkhgjhgjh","Thornlace48812"],"log":"|j|‽jkhgjhgjh\n|j|☆Thornlace48812\n|t:|1788433730\n|gametype|doubles\n|player|p1|jkhgjhgjh|266|1143\n|player|p2|Thornlace48812|102|1247\n|gen|9\n|tier|[Gen 9 Champions] VGC 2026 Reg M-B\n|rated|\n|rule|Species Clause: Limit one of each Pokémon\n|rule|Item Clause: Limit 1 of each item\n|clearpoke\n|poke|p1|Charizard, L50, M|\n|poke|p1|Incineroar, L50, M|\n|poke|p1|Garchomp, L50, M|\n|poke|p1|Venusaur, L50, M|\n|poke|p1|Sylveon, L50, M|\n|poke|p1|Toxapex, L50, F|\n|poke|p2|Garchomp, L50, M|\n|poke|p2|Charizard, L50, M|\n|poke|p2|Whimsicott, L50, F|\n|poke|p2|Sylveon, L50, M|\n|poke|p2|Kingambit, L50, M|\n|poke|p2|Basculegion, L50, M|\n|teampreview|4\n|inactive|Battle timer is ON: inactive players will automatically lose when time's up. (requested by jkhgjhgjh)\n|inactive|Thornlace48812 also wants the timer to be on.\nThornlace48812 rejected open team sheets.\n|\n|t:|1788433752\n|teamsize|p1|4\n|teamsize|p2|4\n|start\n|switch|p1a: Charizard|Charizard, L50, M|100/100\n|switch|p1b: Toxapex|Toxapex, L50, F|100/100\n|switch|p2a: Charizard|Charizard, L50, M|100/100\n|switch|p2b: Garchomp|Garchomp, L50, M|100/100\n|turn|1\n|\n|t:|1788433760\n|detailschange|p1a: Charizard|Charizard-Mega-Y, L50, M\n|-mega|p1a: Charizard|Charizard|Charizardite Y\n|-weather|SunnyDay|[from] ability: Drought|[of] p1a: Charizard\n|detailschange|p2a: Charizard|Charizard-Mega-Y, L50, M\n|-mega|p2a: Charizard|Charizard|Charizardite Y\n|move|p1b: Toxapex|Wide Guard|p1b: Toxapex\n|-singleturn|p1b: Toxapex|Wide Guard\n|move|p2b: Garchomp|Rock Slide|p1a: Charizard|[spread] \n|-activate|p1a: Charizard|move: Wide Guard\n|-activate|p1b: Toxapex|move: Wide Guard\n|move|p1a: Charizard|Ancient Power|p2a: Charizard\n|-supereffective|p2a: Charizard|2\n|-damage|p2a: Charizard|5/100\n|move|p2a: Charizard|Ancient Power|p1a: Charizard\n|-supereffective|p1a: Charizard|2\n|-damage|p1a: Charizard|10/100\n|\n|-weather|SunnyDay|[upkeep]\n|upkeep\n|turn|2\n|\n|t:|1788433781\n|switch|p2a: Whimsicott|Whimsicott, L50, F|100/100\n|move|p1a: Charizard|Protect|p1a: Charizard\n|-singleturn|p1a: Charizard|Protect\n|move|p2b: Garchomp|Rock Slide|p1b: Toxapex|[spread] p1b\n|-activate|p1a: Charizard|move: Protect\n|-damage|p1b: Toxapex|82/100\n|-damage|p2b: Garchomp|90/100|[from] item: Life Orb\n|move|p1b: Toxapex|Infestation|p2a: Whimsicott\n|-damage|p2a: Whimsicott|95/100\n|-activate|p2a: Whimsicott|move: Infestation|[of] p1b: Toxapex\n|\n|-weather|SunnyDay|[upkeep]\n|-heal|p1b: Toxapex|88/100|[from] item: Leftovers\n|-damage|p2a: Whimsicott|83/100|[from] move: Infestation|[partiallytrapped]\n|upkeep\n|turn|3\n|\n|t:|1788433791\n|move|p1b: Toxapex|Wide Guard|p1b: Toxapex\n|-singleturn|p1b: Toxapex|Wide Guard\n|move|p2a: Whimsicott|Tailwind|p2a: Whimsicott\n|-sidestart|p2: Thornlace48812|move: Tailwind\n|move|p2b: Garchomp|Rock Slide|p1b: Toxapex|[spread] \n|-activate|p1a: Charizard|move: Wide Guard\n|-activate|p1b: Toxapex|move: Wide Guard\n|move|p1a: Charizard|Heat Wave|p2a: Whimsicott|[spread] p2a,p2b\n|-supereffective|p2a: Whimsicott|1\n|-resisted|p2b: Garchomp|1\n|-damage|p2a: Whimsicott|0 fnt\n|-damage|p2b: Garchomp|59/100\n|faint|p2a: Whimsicott\n|\n|-weather|SunnyDay|[upkeep]\n|-heal|p1b: Toxapex|94/100|[from] item: Leftovers\n|upkeep\n|\n|t:|1788433791\n|switch|p2a: Charizard|Charizard-Mega-Y, L50, M|5/100\n|turn|4\n|\n|t:|1788433799\n|move|p1a: Charizard|Protect|p1a: Charizard\n|-singleturn|p1a: Charizard|Protect\n|move|p2b: Garchomp|Rock Slide|p1a: Charizard|[spread] p1b\n|-activate|p1a: Charizard|move: Protect\n|-damage|p1b: Toxapex|77/100\n|-damage|p2b: Garchomp|49/100|[from] item: Life Orb\n|move|p2a: Charizard|Heat Wave|p1a: Charizard|[spread] p1b\n|-activate|p1a: Charizard|move: Protect\n|-resisted|p1b: Toxapex|1\n|-damage|p1b: Toxapex|50/100g\n|cant|p1b: Toxapex|flinch\n|\n|-weather|SunnyDay|[upkeep]\n|-heal|p1b: Toxapex|56/100|[from] item: Leftovers\n|upkeep\n|turn|5\n|\n|t:|1788433810\n|switch|p1a: Garchomp|Garchomp, L50, M|100/100\n|move|p2b: Garchomp|Rock Slide|p1b: Toxapex|[spread] p1a,p1b\n|-resisted|p1a: Garchomp|1\n|-crit|p1a: Garchomp\n|-damage|p1a: Garchomp|81/100\n|-damage|p1b: Toxapex|42/100\n|-damage|p2b: Garchomp|40/100|[from] item: Life Orb\n|move|p2a: Charizard|Heat Wave|p1a: Garchomp|[spread] p1a\n|-miss|p2a: Charizard|p1b: Toxapex\n|-resisted|p1a: Garchomp|1\n|-damage|p1a: Garchomp|45/100\n|move|p1b: Toxapex|Infestation|p2a: Charizard\n|-resisted|p2a: Charizard|2\n|-damage|p2a: Charizard|5/100\n|-activate|p2a: Charizard|move: Infestation|[of] p1b: Toxapex\n|\n|-weather|none\n|-heal|p1b: Toxapex|47/100|[from] item: Leftovers\n|-damage|p2a: Charizard|0 fnt|[from] move: Infestation|[partiallytrapped]\n|faint|p2a: Charizard\n|upkeep\n|\n|t:|1788433811\n|switch|p2a: Basculegion|Basculegion, L50, M|100/100\n|turn|6\n|\n|t:|1788433828\n|switch|p1a: Charizard|Charizard-Mega-Y, L50, M|10/100\n|-weather|SunnyDay|[from] ability: Drought|[of] p1a: Charizard\n|move|p1b: Toxapex|Wide Guard|p1b: Toxapex\n|-singleturn|p1b: Toxapex|Wide Guard\n|move|p2b: Garchomp|Dragon Claw|p1a: Charizard\n|-damage|p1a: Charizard|0 fnt\n|faint|p1a: Charizard\n|-damage|p2b: Garchomp|30/100|[from] item: Life Orb\n|move|p2a: Basculegion|Last Respects|p1b: Toxapex\n|-damage|p1b: Toxapex|0 fnt\n|faint|p1b: Toxapex\n|\n|-weather|SunnyDay|[upkeep]\n|-sideend|p2: Thornlace48812|move: Tailwind\n|upkeep\n|\n|t:|1788433833\n|switch|p1a: Venusaur|Venusaur, L50, M|100/100\n|switch|p1b: Garchomp|Garchomp, L50, M|45/100\n|turn|7\n|\n|t:|1788433844\n|move|p1a: Venusaur|Leaf Storm|p2a: Basculegion\n|-supereffective|p2a: Basculegion|1\n|-damage|p2a: Basculegion|0 fnt\n|-unboost|p1a: Venusaur|spa|2\n|faint|p2a: Basculegion\n|-damage|p1a: Venusaur|90/100|[from] item: Life Orb\n|move|p1b: Garchomp|Dragon Claw|p2b: Garchomp\n|-supereffective|p2b: Garchomp|1\n|-damage|p2b: Garchomp|0 fnt\n|-damage|p1b: Garchomp|33/100|[from] ability: Rough Skin|[of] p2b: Garchomp\n|faint|p2b: Garchomp\n|\n|win|jkhgjhgjh\n|raw|jkhgjhgjh's rating: 1143 &rarr; <strong>1173</strong><br />(+30 for winning)\n|raw|Thornlace48812's rating: 1218 &rarr; <strong>1188</strong><br />(-30 for losing)\n","uploadtime":1788433844,"views":"1","formatid":"gen9championsvgc2026regmb","rating":1173,"private":0,"password":null}