{"id":"gen9championsvgc2026regmb-2673862649","format":"[Gen 9 Champions] VGC 2026 Reg M-B","players":["Thornlace48812","MrCiuffo00"],"log":"|j|☆Thornlace48812\n|j|☆MrCiuffo00\n|t:|1788270065\n|gametype|doubles\n|player|p1|Thornlace48812|102|1224\n|player|p2|MrCiuffo00|102|1190\n|gen|9\n|tier|[Gen 9 Champions] VGC 2026 Reg M-B\n|rated|\n|rule|Species Clause: Limit one of each Pokémon\n|rule|Item Clause: Limit 1 of each item\n|clearpoke\n|poke|p1|Garchomp, L50, M|\n|poke|p1|Charizard, L50, M|\n|poke|p1|Whimsicott, L50, F|\n|poke|p1|Sylveon, L50, F|\n|poke|p1|Kingambit, L50, M|\n|poke|p1|Basculegion, L50, M|\n|poke|p2|Froslass, L50, F|\n|poke|p2|Sneasler, L50, M|\n|poke|p2|Lycanroc-Dusk, L50, M|\n|poke|p2|Basculegion, L50, M|\n|poke|p2|Kingambit, L50, F|\n|poke|p2|Scovillain, L50, F|\n|teampreview|4\n|inactive|Battle timer is ON: inactive players will automatically lose when time's up. (requested by Thornlace48812)\nThornlace48812 rejected open team sheets.\n|inactive|MrCiuffo00 has 60 seconds left.\n|inactive|MrCiuffo00 has 30 seconds left.\n|\n|t:|1788270127\n|teamsize|p1|4\n|teamsize|p2|4\n|start\n|switch|p1a: Sylveon|Sylveon, L50, F|100/100\n|switch|p1b: Charizard|Charizard, L50, M|100/100\n|switch|p2a: Froslass|Froslass, L50, F|100/100\n|switch|p2b: Sneasler|Sneasler, L50, M|100/100\n|turn|1\n|\n|t:|1788270141\n|switch|p2a: Lycanroc|Lycanroc-Dusk, L50, M|100/100\n|detailschange|p1b: Charizard|Charizard-Mega-Y, L50, M\n|-mega|p1b: Charizard|Charizard|Charizardite Y\n|-weather|SunnyDay|[from] ability: Drought|[of] p1b: Charizard\n|move|p1a: Sylveon|Detect|p1a: Sylveon\n|-singleturn|p1a: Sylveon|Protect\n|move|p2b: Sneasler|Gunk Shot|p1a: Sylveon\n|-activate|p1a: Sylveon|move: Protect\n|move|p1b: Charizard|Heat Wave|p2b: Sneasler|[spread] p2a,p2b\n|-resisted|p2a: Lycanroc|1\n|-damage|p2a: Lycanroc|46/100\n|-damage|p2b: Sneasler|11/100\n|\n|-weather|SunnyDay|[upkeep]\n|upkeep\n|turn|2\n|\n|t:|1788270150\n|move|p2a: Lycanroc|Accelerock|p1b: Charizard\n|-supereffective|p1b: Charizard|2\n|-damage|p1b: Charizard|0 fnt\n|faint|p1b: Charizard\n|move|p2b: Sneasler|Gunk Shot|p1a: Sylveon\n|-supereffective|p1a: Sylveon|1\n|-damage|p1a: Sylveon|0 fnt\n|faint|p1a: Sylveon\n|\n|-weather|SunnyDay|[upkeep]\n|upkeep\n|\n|t:|1788270150\n|switch|p1b: Whimsicott|Whimsicott, L50, F|100/100\n|switch|p1a: Basculegion|Basculegion, L50, M|100/100\n|turn|3\n|inactive|MrCiuffo00 has 30 seconds left.\n|\n|t:|1788270185\n|move|p1b: Whimsicott|Protect|p1b: Whimsicott\n|-singleturn|p1b: Whimsicott|Protect\n|move|p1a: Basculegion|Protect|p1a: Basculegion\n|-singleturn|p1a: Basculegion|Protect\n|move|p2a: Lycanroc|Accelerock|p1a: Basculegion\n|-activate|p1a: Basculegion|move: Protect\n|move|p2b: Sneasler|Gunk Shot|p1b: Whimsicott\n|-activate|p1b: Whimsicott|move: Protect\n|\n|-weather|SunnyDay|[upkeep]\n|upkeep\n|turn|4\n|\n|t:|1788270199\n|move|p1b: Whimsicott|Tailwind|p1b: Whimsicott\n|-sidestart|p1: Thornlace48812|move: Tailwind\n|move|p2a: Lycanroc|Accelerock|p1a: Basculegion\n|-damage|p1a: Basculegion|66/100\n|move|p1a: Basculegion|Last Respects|p2a: Lycanroc\n|-damage|p2a: Lycanroc|0 fnt\n|faint|p2a: Lycanroc\n|move|p2b: Sneasler|Gunk Shot|p1a: Basculegion\n|-resisted|p1a: Basculegion|1\n|-damage|p1a: Basculegion|23/100\n|-status|p1a: Basculegion|psn\n|\n|-weather|SunnyDay|[upkeep]\n|-damage|p1a: Basculegion|11/100 psn|[from] psn\n|upkeep\n|\n|t:|1788270221\n|switch|p2a: Basculegion|Basculegion, L50, M|100/100\n|turn|5\n|\n|t:|1788270224\n|move|p2b: Sneasler|Protect|p2b: Sneasler\n|-singleturn|p2b: Sneasler|Protect\n|move|p2a: Basculegion|Protect|p2a: Basculegion\n|-singleturn|p2a: Basculegion|Protect\n|move|p1b: Whimsicott|Moonblast|p2a: Basculegion\n|-activate|p2a: Basculegion|move: Protect\n|move|p1a: Basculegion|Last Respects|p2a: Basculegion\n|-activate|p2a: Basculegion|move: Protect\n|\n|-weather|none\n|-damage|p1a: Basculegion|0 fnt|[from] psn\n|faint|p1a: Basculegion\n|upkeep\n|turn|6\n|\n|t:|1788270241\n|move|p1b: Whimsicott|Moonblast|p2b: Sneasler\n|-damage|p2b: Sneasler|0 fnt\n|faint|p2b: Sneasler\n|move|p2a: Basculegion|Last Respects|p1b: Whimsicott\n|-enditem|p1b: Whimsicott|Focus Sash\n|-damage|p1b: Whimsicott|1/100\n|-damage|p2a: Basculegion|90/100|[from] item: Life Orb\n|\n|upkeep\n|\n|t:|1788270244\n|switch|p2b: Froslass|Froslass, L50, F|100/100\n|turn|7\n|\n|t:|1788270251\n|detailschange|p2b: Froslass|Froslass-Mega, L50, F\n|-mega|p2b: Froslass|Froslass|Froslassite\n|-weather|Snowscape|[from] ability: Snow Warning|[of] p2b: Froslass\n|move|p2a: Basculegion|Aqua Jet|p1b: Whimsicott\n|-resisted|p1b: Whimsicott|1\n|-damage|p1b: Whimsicott|0 fnt\n|faint|p1b: Whimsicott\n|-damage|p2a: Basculegion|80/100|[from] item: Life Orb\n|\n|win|MrCiuffo00\n|raw|Thornlace48812's rating: 1119 &rarr; <strong>1099</strong><br />(-20 for losing)\n|raw|MrCiuffo00's rating: 1190 &rarr; <strong>1210</strong><br />(+20 for winning)\n","uploadtime":1788270251,"views":"2","formatid":"gen9championsvgc2026regmb","rating":1099,"private":0,"password":null}