{"id":"gen9championsvgc2026regmbbo3-2673340501","format":"[Gen 9 Champions] VGC 2026 Reg M-B (Bo3)","players":["Sapphire39","NahobinoVGC"],"log":"|j|☆Sapphire39\n|j|☆NahobinoVGC\n|html|<table width=\"100%\"><tr><td align=\"left\">Sapphire39</td><td align=\"right\">NahobinoVGC</tr><tr><td align=\"left\"><i class=\"fa fa-circle-o\"></i> <i class=\"fa fa-circle-o\"></i> </td><td align=\"right\"><i class=\"fa fa-circle-o\"></i> <i class=\"fa fa-circle-o\"></i> </tr></table>\n|uhtml|bestof|<h2><strong>Game 1</strong> of <a href=\"/game-bestof3-gen9championsvgc2026regmbbo3-2673340500\">a best-of-3</a></h2>\n|t:|1788185671\n|gametype|doubles\n|player|p1|Sapphire39|266|\n|player|p2|NahobinoVGC|170|\n|gen|9\n|tier|[Gen 9 Champions] VGC 2026 Reg M-B (Bo3)\n|rule|Species Clause: Limit one of each Pokémon\n|rule|Item Clause: Limit 1 of each item\n|clearpoke\n|poke|p1|Charizard, L50, F|\n|poke|p1|Pelipper, L50, F|\n|poke|p1|Archaludon, L50, F|\n|poke|p1|Venusaur, L50, F|\n|poke|p1|Swampert, L50, M|\n|poke|p1|Grimmsnarl, L50, M|\n|poke|p2|Staraptor, L50, F|\n|poke|p2|Sneasler, L50, M|\n|poke|p2|Gholdengo, L50|\n|poke|p2|Sylveon, L50, F|\n|poke|p2|Basculegion, L50, M|\n|poke|p2|Whimsicott, L50, F|\n|teampreview|4\n|showteam|p1|Charizard||CharizarditeY|Blaze|Protect,HeatWave,WeatherBall,Hurricane|Modest||F|||50|]Pelipper||SitrusBerry|Drizzle|Hurricane,WeatherBall,Tailwind,WideGuard|Bold||F|||50|]Archaludon||Leftovers|Stamina|Protect,ElectroShot,DragonPulse,FlashCannon|Calm||F|||50|]Venusaur||FocusSash|Chlorophyll|Protect,SleepPowder,SludgeBomb,LeafStorm|Modest||F|||50|]Swampert||Swampertite|Torrent|Protect,WaveCrash,Earthquake,IcePunch|Adamant||M|||50|]Grimmsnarl||LightClay|Prankster|SpiritBreak,Reflect,LightScreen,PartingShot|Sassy||M|||50|\n|showteam|p2|Staraptor||Staraptite|Intimidate|DualWingbeat,CloseCombat,Roost,Protect|Jolly||F|||50|]Sneasler||WhiteHerb|Unburden|DireClaw,FakeOut,RockTomb,CloseCombat|Adamant||M|||50|]Gholdengo||LifeOrb|GoodasGold|ShadowBall,MakeItRain,NastyPlot,Protect|Modest|||||50|]Sylveon||FairyFeather|Pixilate|HyperVoice,HyperBeam,QuickAttack,Detect|Modest||F|||50|]Basculegion||ChoiceScarf|Adaptability|LastRespects,AquaJet,WaveCrash,FlipTurn|Jolly||M|||50|]Whimsicott||FocusSash|Prankster|Tailwind,Moonblast,Protect,Charm|Timid||F|||50|\n|\n|t:|1788185723\n|teamsize|p1|4\n|teamsize|p2|4\n|start\n|switch|p1a: Pelipper|Pelipper, L50, F|100/100\n|switch|p1b: Archaludon|Archaludon, L50, F|100/100\n|switch|p2a: Sneasler|Sneasler, L50, M|100/100\n|switch|p2b: Sylveon|Sylveon, L50, F|100/100\n|-weather|RainDance|[from] ability: Drizzle|[of] p1a: Pelipper\n|turn|1\n|\n|t:|1788185744\n|move|p2a: Sneasler|Fake Out|p1a: Pelipper\n|-damage|p1a: Pelipper|83/100\n|move|p1b: Archaludon|Electro Shot||[still]\n|-prepare|p1b: Archaludon|Electro Shot\n|-boost|p1b: Archaludon|spa|1\n|-anim|p1b: Archaludon|Electro Shot|p2b: Sylveon\n|-damage|p2b: Sylveon|53/100\n|cant|p1a: Pelipper|flinch\n|move|p2b: Sylveon|Hyper Voice|p1a: Pelipper|[spread] p1a,p1b\n|-crit|p1a: Pelipper\n|-damage|p1a: Pelipper|1/100\n|-damage|p1b: Archaludon|55/100\n|-ability|p1b: Archaludon|Stamina|boost\n|-boost|p1b: Archaludon|def|1\n|-enditem|p1a: Pelipper|Sitrus Berry|[eat]\n|-heal|p1a: Pelipper|26/100|[from] item: Sitrus Berry\n|\n|-weather|RainDance|[upkeep]\n|-heal|p1b: Archaludon|61/100|[from] item: Leftovers\n|upkeep\n|turn|2\n|\n|t:|1788185773\n|move|p2a: Sneasler|Close Combat|p1b: Archaludon\n|-supereffective|p1b: Archaludon|1\n|-damage|p1b: Archaludon|0 fnt\n|-unboost|p2a: Sneasler|def|1\n|-unboost|p2a: Sneasler|spd|1\n|faint|p1b: Archaludon\n|-enditem|p2a: Sneasler|White Herb\n|-clearnegativeboost|p2a: Sneasler|[silent]\n|move|p1a: Pelipper|Tailwind|p1a: Pelipper\n|-sidestart|p1: Sapphire39|move: Tailwind\n|move|p2b: Sylveon|Hyper Voice|p1a: Pelipper\n|-damage|p1a: Pelipper|0 fnt\n|faint|p1a: Pelipper\n|\n|-weather|RainDance|[upkeep]\n|upkeep\n|\n|t:|1788185786\n|switch|p1b: Venusaur|Venusaur, L50, F|100/100\n|switch|p1a: Charizard|Charizard, L50, F|100/100\n|turn|3\n|\n|t:|1788185819\n|detailschange|p1a: Charizard|Charizard-Mega-Y, L50, F\n|-mega|p1a: Charizard|Charizard|Charizardite Y\n|-weather|SunnyDay|[from] ability: Drought|[of] p1a: Charizard\n|move|p2b: Sylveon|Quick Attack|p1b: Venusaur\n|-resisted|p1b: Venusaur|1\n|-damage|p1b: Venusaur|92/100\n|move|p1b: Venusaur|Sleep Powder|p2a: Sneasler\n|-status|p2a: Sneasler|slp|[from] move: Sleep Powder\n|cant|p2a: Sneasler|slp\n|move|p1a: Charizard|Heat Wave|p2b: Sylveon|[spread] p2a,p2b\n|-damage|p2a: Sneasler|15/100 slp\n|-damage|p2b: Sylveon|1/100\n|\n|-weather|SunnyDay|[upkeep]\n|upkeep\n|turn|4\n|\n|t:|1788185841\n|move|p2b: Sylveon|Quick Attack|p1b: Venusaur\n|-resisted|p1b: Venusaur|1\n|-damage|p1b: Venusaur|83/100\n|move|p1b: Venusaur|Sludge Bomb|p2a: Sneasler\n|-resisted|p2a: Sneasler|1\n|-damage|p2a: Sneasler|0 fnt\n|faint|p2a: Sneasler\n|move|p1a: Charizard|Weather Ball|p2b: Sylveon\n|-damage|p2b: Sylveon|0 fnt\n|faint|p2b: Sylveon\n|\n|-weather|SunnyDay|[upkeep]\n|upkeep\n|\n|t:|1788185852\n|switch|p2a: Staraptor|Staraptor, L50, F|100/100\n|switch|p2b: Whimsicott|Whimsicott, L50, F|100/100\n|-ability|p2a: Staraptor|Intimidate|boost\n|-unboost|p1a: Charizard|atk|1\n|-unboost|p1b: Venusaur|atk|1\n|turn|5\n|\n|t:|1788185863\n|detailschange|p2a: Staraptor|Staraptor-Mega, L50, F\n|-mega|p2a: Staraptor|Staraptor|Staraptite\n|move|p2b: Whimsicott|Protect|p2b: Whimsicott\n|-singleturn|p2b: Whimsicott|Protect\n|move|p2a: Staraptor|Protect|p2a: Staraptor\n|-singleturn|p2a: Staraptor|Protect\n|move|p1b: Venusaur|Sleep Powder|p2a: Staraptor\n|-activate|p2a: Staraptor|move: Protect\n|move|p1a: Charizard|Heat Wave|p2a: Staraptor|[spread] \n|-activate|p2a: Staraptor|move: Protect\n|-activate|p2b: Whimsicott|move: Protect\n|\n|-weather|SunnyDay|[upkeep]\n|-sideend|p1: Sapphire39|move: Tailwind\n|upkeep\n|turn|6\n|\n|t:|1788185903\n|move|p2b: Whimsicott|Charm|p2a: Staraptor\n|-boost|p2a: Staraptor|atk|2\n|move|p1b: Venusaur|Sludge Bomb|p2a: Staraptor\n|-damage|p2a: Staraptor|53/100\n|move|p2a: Staraptor|Dual Wingbeat|p1a: Charizard\n|-damage|p1a: Charizard|58/100\n|-damage|p1a: Charizard|16/100\n|-hitcount|p1a: Charizard|2\n|move|p1a: Charizard|Heat Wave|p2a: Staraptor|[spread] p2a\n|-miss|p1a: Charizard|p2b: Whimsicott\n|-damage|p2a: Staraptor|0 fnt\n|faint|p2a: Staraptor\n|\n|-weather|SunnyDay|[upkeep]\n|upkeep\n|turn|7\n|-message|NahobinoVGC forfeited.\n|\n|win|Sapphire39\n|l|☆NahobinoVGC\n|player|p2|\n||NahobinoVGC is ready for game 2.\n||Sapphire39 is ready for game 2.\n|uhtml|next|Next: <a href=\"/battle-gen9championsvgc2026regmbbo3-2673342445\"><strong>Game 2 of 3</strong></a>\n","uploadtime":1788187767,"views":"0","formatid":"gen9championsvgc2026regmbbo3","rating":null,"private":0,"password":null}