{"id":"gen9championsvgc2026regmb-2674020412","format":"[Gen 9 Champions] VGC 2026 Reg M-B","players":["BaffledPanda","AryuMyGlamGoat"],"log":"|j|☆BaffledPanda\n|j|☆AryuMyGlamGoat\n|t:|1788289056\n|gametype|doubles\n|player|p1|BaffledPanda|acetrainer-gen4dp|1018\n|player|p2|AryuMyGlamGoat|170|1064\n|gen|9\n|tier|[Gen 9 Champions] VGC 2026 Reg M-B\n|rated|\n|rule|Species Clause: Limit one of each Pokémon\n|rule|Item Clause: Limit 1 of each item\n|clearpoke\n|poke|p1|Ninetales-Alola, L50, F|\n|poke|p1|Gengar, L50, F|\n|poke|p1|Milotic, L50, M|\n|poke|p1|Sinistcha, L50|\n|poke|p1|Garchomp, L50, F|\n|poke|p1|Mawile, L50, F|\n|poke|p2|Staraptor, L50, M|\n|poke|p2|Whimsicott, L50, F, shiny|\n|poke|p2|Gholdengo, L50|\n|poke|p2|Rotom-Wash, L50|\n|poke|p2|Incineroar, L50, M|\n|poke|p2|Lycanroc-Dusk, L50, M|\n|teampreview|4\n|inactive|Battle timer is ON: inactive players will automatically lose when time's up. (requested by BaffledPanda)\n|inactive|AryuMyGlamGoat has 60 seconds left.\n|\n|t:|1788289111\n|teamsize|p1|4\n|teamsize|p2|4\n|start\n|switch|p1a: Gengar|Gengar, L50, F|100/100\n|switch|p1b: Ninetales|Ninetales-Alola, L50, F|100/100\n|switch|p2a: Gholdengo|Gholdengo, L50|100/100\n|switch|p2b: Incineroar|Incineroar, L50, M|100/100\n|-weather|Snowscape|[from] ability: Snow Warning|[of] p1b: Ninetales\n|-ability|p2b: Incineroar|Intimidate|boost\n|-unboost|p1a: Gengar|atk|1\n|-unboost|p1b: Ninetales|atk|1\n|turn|1\n|inactive|AryuMyGlamGoat has 30 seconds left.\n|\n|t:|1788289136\n|detailschange|p1a: Gengar|Gengar-Mega, L50, F\n|-mega|p1a: Gengar|Gengar|Gengarite\n|move|p2b: Incineroar|Fake Out|p1b: Ninetales\n|-damage|p1b: Ninetales|88/100\n|move|p1a: Gengar|Shadow Ball|p2a: Gholdengo\n|-supereffective|p2a: Gholdengo|1\n|-damage|p2a: Gholdengo|0 fnt\n|faint|p2a: Gholdengo\n|cant|p1b: Ninetales|flinch\n|\n|-weather|Snowscape|[upkeep]\n|upkeep\n|\n|t:|1788289150\n|switch|p2a: Whimsicott|Whimsicott, L50, F, shiny|100/100\n|turn|2\n|\n|t:|1788289160\n|move|p2a: Whimsicott|Tailwind|p2a: Whimsicott\n|-sidestart|p2: AryuMyGlamGoat|move: Tailwind\n|move|p2b: Incineroar|Throat Chop|p1a: Gengar\n|-supereffective|p1a: Gengar|1\n|-damage|p1a: Gengar|0 fnt\n|faint|p1a: Gengar\n|move|p1b: Ninetales|Encore|p2b: Incineroar\n|-start|p2b: Incineroar|Encore\n|\n|-weather|Snowscape|[upkeep]\n|upkeep\n|\n|t:|1788289175\n|switch|p1a: Garchomp|Garchomp, L50, F|100/100\n|turn|3\n|\n|t:|1788289188\n|switch|p2b: Staraptor|Staraptor, L50, M|100/100\n|-ability|p2b: Staraptor|Intimidate|boost\n|-unboost|p1a: Garchomp|atk|1\n|-unboost|p1b: Ninetales|atk|1\n|move|p2a: Whimsicott|Moonblast|p1b: Ninetales\n|-damage|p1b: Ninetales|38/100\n|move|p1b: Ninetales|Aurora Veil|p1b: Ninetales\n|-sidestart|p1: BaffledPanda|move: Aurora Veil\n|move|p1a: Garchomp|Rock Slide|p2b: Staraptor|[spread] p2a,p2b\n|-supereffective|p2b: Staraptor|1\n|-damage|p2a: Whimsicott|74/100\n|-damage|p2b: Staraptor|53/100\n|-damage|p1a: Garchomp|90/100|[from] item: Life Orb\n|\n|-weather|Snowscape|[upkeep]\n|upkeep\n|turn|4\n|\n|t:|1788289210\n|switch|p1b: Sinistcha|Sinistcha, L50|100/100\n|-heal|p1a: Garchomp|100/100|[from] ability: Hospitality|[of] p1b: Sinistcha\n|detailschange|p2b: Staraptor|Staraptor-Mega, L50, M\n|-mega|p2b: Staraptor|Staraptor|Staraptite\n|move|p2a: Whimsicott|Encore||[still]\n|-fail|p2a: Whimsicott\n|move|p2b: Staraptor|Close Combat|p1a: Garchomp\n|-damage|p1a: Garchomp|48/100\n|-boost|p2b: Staraptor|def|1\n|-boost|p2b: Staraptor|spd|1\n|-damage|p2b: Staraptor|41/100|[from] ability: Rough Skin|[of] p1a: Garchomp\n|move|p1a: Garchomp|Rock Slide|p2b: Staraptor|[spread] p2a,p2b\n|-crit|p2a: Whimsicott\n|-damage|p2a: Whimsicott|19/100\n|-damage|p2b: Staraptor|27/100\n|-damage|p1a: Garchomp|38/100|[from] item: Life Orb\n|\n|-weather|Snowscape|[upkeep]\n|upkeep\n|turn|5\n|inactive|BaffledPanda has 30 seconds left.\n|inactive|AryuMyGlamGoat has 30 seconds left.\n|\n|t:|1788289240\n|switch|p2b: Incineroar|Incineroar, L50, M|100/100\n|-ability|p2b: Incineroar|Intimidate|boost\n|-unboost|p1a: Garchomp|atk|1\n|-unboost|p1b: Sinistcha|atk|1\n|move|p2a: Whimsicott|Protect|p2a: Whimsicott\n|-singleturn|p2a: Whimsicott|Protect\n|move|p1b: Sinistcha|Rage Powder|p1b: Sinistcha\n|-singleturn|p1b: Sinistcha|move: Rage Powder\n|move|p1a: Garchomp|Rock Slide|p2b: Incineroar|[spread] p2b\n|-activate|p2a: Whimsicott|move: Protect\n|-supereffective|p2b: Incineroar|1\n|-damage|p2b: Incineroar|77/100\n|-damage|p1a: Garchomp|28/100|[from] item: Life Orb\n|\n|-weather|none\n|-sideend|p2: AryuMyGlamGoat|move: Tailwind\n|upkeep\n|turn|6\n|inactive|AryuMyGlamGoat has 30 seconds left.\n|\n|t:|1788289274\n|switch|p1a: Ninetales|Ninetales-Alola, L50, F|38/100\n|-weather|Snowscape|[from] ability: Snow Warning|[of] p1a: Ninetales\n|move|p2a: Whimsicott|Tailwind|p2a: Whimsicott\n|-sidestart|p2: AryuMyGlamGoat|move: Tailwind\n|move|p2b: Incineroar|Flare Blitz|p1a: Ninetales\n|-supereffective|p1a: Ninetales|1\n|-damage|p1a: Ninetales|0 fnt\n|faint|p1a: Ninetales\n|-damage|p2b: Incineroar|66/100|[from] Recoil\n|move|p1b: Sinistcha|Strength Sap|p2b: Incineroar\n|-unboost|p2b: Incineroar|atk|1\n|\n|-weather|Snowscape|[upkeep]\n|upkeep\n|\n|t:|1788289288\n|switch|p1a: Garchomp|Garchomp, L50, F|28/100\n|turn|7\n|\n|t:|1788289301\n|move|p1a: Garchomp|Protect|p1a: Garchomp\n|-singleturn|p1a: Garchomp|Protect\n|move|p2a: Whimsicott|Moonblast|p1a: Garchomp\n|-activate|p1a: Garchomp|move: Protect\n|move|p2b: Incineroar|Throat Chop|p1b: Sinistcha\n|-supereffective|p1b: Sinistcha|1\n|-damage|p1b: Sinistcha|77/100\n|-start|p1b: Sinistcha|Throat Chop|[silent]\n|move|p1b: Sinistcha|Matcha Gotcha|p2a: Whimsicott|[spread] p2a,p2b\n|-resisted|p2a: Whimsicott|1\n|-resisted|p2b: Incineroar|1\n|-damage|p2a: Whimsicott|0 fnt\n|-heal|p1b: Sinistcha|85/100|[from] drain|[of] p2a: Whimsicott\n|-damage|p2b: Incineroar|54/100\n|-heal|p1b: Sinistcha|91/100|[from] drain|[of] p2b: Incineroar\n|faint|p2a: Whimsicott\n|\n|-weather|Snowscape|[upkeep]\n|-sideend|p1: BaffledPanda|move: Aurora Veil\n|upkeep\n|\n|t:|1788289320\n|switch|p2a: Staraptor|Staraptor-Mega, L50, M|27/100\n|turn|8\n|\n|t:|1788289334\n|move|p1b: Sinistcha|Rage Powder|p1b: Sinistcha\n|-singleturn|p1b: Sinistcha|move: Rage Powder\n|move|p2a: Staraptor|Roost|p2a: Staraptor\n|-heal|p2a: Staraptor|77/100\n|-singleturn|p2a: Staraptor|move: Roost\n|move|p2b: Incineroar|Flare Blitz|p1b: Sinistcha\n|-supereffective|p1b: Sinistcha|1\n|-damage|p1b: Sinistcha|46/100\n|-enditem|p1b: Sinistcha|Sitrus Berry|[eat]\n|-heal|p1b: Sinistcha|70/100|[from] item: Sitrus Berry\n|-damage|p2b: Incineroar|39/100|[from] Recoil\n|-enditem|p2b: Incineroar|Sitrus Berry|[eat]\n|-heal|p2b: Incineroar|64/100|[from] item: Sitrus Berry\n|move|p1a: Garchomp|Rock Slide|p2b: Incineroar|[spread] p2a,p2b\n|-resisted|p2a: Staraptor|1\n|-supereffective|p2b: Incineroar|1\n|-damage|p2a: Staraptor|63/100\n|-damage|p2b: Incineroar|17/100\n|-damage|p1a: Garchomp|18/100|[from] item: Life Orb\n|\n|-weather|Snowscape|[upkeep]\n|-end|p1b: Sinistcha|Throat Chop|[silent]\n|upkeep\n|turn|9\n|\n|t:|1788289358\n|move|p1b: Sinistcha|Rage Powder|p1b: Sinistcha\n|-singleturn|p1b: Sinistcha|move: Rage Powder\n|move|p2a: Staraptor|Brave Bird|p1b: Sinistcha\n|-supereffective|p1b: Sinistcha|1\n|-damage|p1b: Sinistcha|0 fnt\n|faint|p1b: Sinistcha\n|-damage|p2a: Staraptor|37/100|[from] Recoil\n|move|p2b: Incineroar|Flare Blitz|p1a: Garchomp\n|-resisted|p1a: Garchomp|1\n|-damage|p1a: Garchomp|2/100\n|-damage|p2b: Incineroar|5/100|[from] ability: Rough Skin|[of] p1a: Garchomp\n|-damage|p2b: Incineroar|0 fnt|[from] Recoil\n|faint|p2b: Incineroar\n|move|p1a: Garchomp|Dragon Claw|p2a: Staraptor\n|-damage|p2a: Staraptor|0 fnt\n|faint|p2a: Staraptor\n|-damage|p1a: Garchomp|0 fnt|[from] item: Life Orb\n|faint|p1a: Garchomp\n|\n|win|BaffledPanda\n|raw|BaffledPanda's rating: 1018 &rarr; <strong>1060</strong><br />(+42 for winning)\n|raw|AryuMyGlamGoat's rating: 1064 &rarr; <strong>1042</strong><br />(-22 for losing)\n|l|☆BaffledPanda\n|player|p1|\n","uploadtime":1788289400,"views":"4","formatid":"gen9championsvgc2026regmb","rating":1042,"private":0,"password":null}