{"id":"gen9championsvgc2026regmb-2674110344","format":"[Gen 9 Champions] VGC 2026 Reg M-B","players":["equipo syi","beautiful brandon"],"log":"|j|☆equipo syi\n|j|☆beautiful brandon\n|t:|1788300580\n|gametype|doubles\n|player|p1|equipo syi|benga|1383\n|player|p2|beautiful brandon|2|1466\n|gen|9\n|tier|[Gen 9 Champions] VGC 2026 Reg M-B\n|rated|\n|rule|Species Clause: Limit one of each Pokémon\n|rule|Item Clause: Limit 1 of each item\n|clearpoke\n|poke|p1|Staraptor, L50, M|\n|poke|p1|Grimmsnarl, L50, M|\n|poke|p1|Milotic, L50, F|\n|poke|p1|Sinistcha, L50|\n|poke|p1|Kingambit, L50, F|\n|poke|p1|Raichu, L50, M|\n|poke|p2|Sneasler, L50, M, shiny|\n|poke|p2|Blastoise, L50, M|\n|poke|p2|Incineroar, L50, M|\n|poke|p2|Delphox, L50, F|\n|poke|p2|Sinistcha, L50|\n|poke|p2|Kingambit, L50, F, shiny|\n|teampreview|4\n|inactive|Battle timer is ON: inactive players will automatically lose when time's up. (requested by equipo syi)\n|inactive|beautiful brandon has 60 seconds left.\n|\n|t:|1788300618\n|teamsize|p1|4\n|teamsize|p2|4\n|start\n|switch|p1a: Grimmsnarl|Grimmsnarl, L50, M|100/100\n|switch|p1b: Milotic|Milotic, L50, F|100/100\n|switch|p2a: Delphox|Delphox, L50, F|100/100\n|switch|p2b: Sneasler|Sneasler, L50, M, shiny|100/100\n|turn|1\n|\n|t:|1788300636\n|detailschange|p2a: Delphox|Delphox-Mega, L50, F\n|-mega|p2a: Delphox|Delphox|Delphoxite\n|move|p2b: Sneasler|Fake Out|p1b: Milotic\n|-damage|p1b: Milotic|82/100\n|-status|p1b: Milotic|psn|[from] ability: Poison Touch|[of] p2b: Sneasler\n|move|p1a: Grimmsnarl|Fake Out|p2a: Delphox\n|-crit|p2a: Delphox\n|-damage|p2a: Delphox|81/100\n|cant|p2a: Delphox|flinch\n|cant|p1b: Milotic|flinch\n|\n|-damage|p1b: Milotic|70/100 psn|[from] psn\n|upkeep\n|turn|2\n|\n|t:|1788300653\n|move|p1a: Grimmsnarl|Reflect|p1a: Grimmsnarl\n|-sidestart|p1: equipo syi|Reflect\n|move|p2b: Sneasler|Poison Jab|p1a: Grimmsnarl\n|-supereffective|p1a: Grimmsnarl|1\n|-damage|p1a: Grimmsnarl|46/100\n|-status|p1a: Grimmsnarl|psn\n|move|p2a: Delphox|Psyshock|p1b: Milotic\n|-damage|p1b: Milotic|18/100 psn\n|-enditem|p1b: Milotic|Sitrus Berry|[eat]\n|-heal|p1b: Milotic|43/100 psn|[from] item: Sitrus Berry\n|move|p1b: Milotic|Scald|p2a: Delphox\n|-supereffective|p2a: Delphox|1\n|-damage|p2a: Delphox|29/100\n|\n|-damage|p1b: Milotic|31/100 psn|[from] psn\n|-damage|p1a: Grimmsnarl|34/100 psn|[from] psn\n|upkeep\n|turn|3\n|\n|t:|1788300679\n|switch|p2b: Sinistcha|Sinistcha, L50|100/100\n|-heal|p2a: Delphox|54/100|[from] ability: Hospitality|[of] p2b: Sinistcha\n|move|p2a: Delphox|Protect|p2a: Delphox\n|-singleturn|p2a: Delphox|Protect\n|move|p1a: Grimmsnarl|Light Screen|p1a: Grimmsnarl\n|-sidestart|p1: equipo syi|move: Light Screen\n|move|p1b: Milotic|Recover|p1b: Milotic\n|-heal|p1b: Milotic|81/100 psn\n|\n|-damage|p1b: Milotic|68/100 psn|[from] psn\n|-damage|p1a: Grimmsnarl|22/100 psn|[from] psn\n|upkeep\n|turn|4\n|\n|t:|1788300702\n|move|p2b: Sinistcha|Rage Powder|p2b: Sinistcha\n|-singleturn|p2b: Sinistcha|move: Rage Powder\n|move|p1a: Grimmsnarl|Parting Shot|p2b: Sinistcha\n|-unboost|p2b: Sinistcha|atk|1\n|-unboost|p2b: Sinistcha|spa|1\n|\n|t:|1788300707\n|switch|p1a: Sinistcha|Sinistcha, L50|100/100|[from] Parting Shot\n|-heal|p1b: Milotic|93/100 psn|[from] ability: Hospitality|[of] p1a: Sinistcha\n|move|p2a: Delphox|Nasty Plot|p2a: Delphox\n|-boost|p2a: Delphox|spa|2\n|move|p1b: Milotic|Scald|p2b: Sinistcha\n|-resisted|p2b: Sinistcha|1\n|-damage|p2b: Sinistcha|84/100\n|\n|-damage|p1b: Milotic|81/100 psn|[from] psn\n|upkeep\n|turn|5\n|\n|t:|1788300723\n|move|p2a: Delphox|Nasty Plot|p2a: Delphox\n|-boost|p2a: Delphox|spa|2\n|move|p1b: Milotic|Icy Wind|p2a: Delphox|[spread] p2a,p2b\n|-resisted|p2a: Delphox|1\n|-supereffective|p2b: Sinistcha|1\n|-damage|p2a: Delphox|49/100\n|-damage|p2b: Sinistcha|63/100\n|-unboost|p2a: Delphox|spe|1\n|-unboost|p2b: Sinistcha|spe|1\n|move|p1a: Sinistcha|Shadow Ball|p2a: Delphox\n|-supereffective|p2a: Delphox|1\n|-damage|p2a: Delphox|0 fnt\n|faint|p2a: Delphox\n|move|p2b: Sinistcha|Matcha Gotcha|p1a: Sinistcha|[spread] p1a\n|-miss|p2b: Sinistcha|p1b: Milotic\n|-resisted|p1a: Sinistcha|1\n|-damage|p1a: Sinistcha|93/100\n|-heal|p2b: Sinistcha|66/100|[from] drain|[of] p1a: Sinistcha\n|\n|-heal|p1a: Sinistcha|100/100|[from] item: Leftovers\n|-damage|p1b: Milotic|68/100 psn|[from] psn\n|upkeep\n|\n|t:|1788300733\n|switch|p2a: Sneasler|Sneasler, L50, M, shiny|100/100\n|turn|6\n|\n|t:|1788300740\n|move|p1b: Milotic|Protect|p1b: Milotic\n|-singleturn|p1b: Milotic|Protect\n|move|p2a: Sneasler|Fake Out|p1b: Milotic\n|-activate|p1b: Milotic|move: Protect\n|move|p1a: Sinistcha|Matcha Gotcha|p2a: Sneasler|[spread] p2a,p2b\n|-resisted|p2a: Sneasler|1\n|-resisted|p2b: Sinistcha|1\n|-damage|p2a: Sneasler|84/100\n|-damage|p2b: Sinistcha|54/100\n|move|p2b: Sinistcha|Matcha Gotcha|p1a: Sinistcha|[spread] p1a\n|-activate|p1b: Milotic|move: Protect\n|-resisted|p1a: Sinistcha|1\n|-damage|p1a: Sinistcha|95/100\n|-heal|p2b: Sinistcha|56/100|[from] drain|[of] p1a: Sinistcha\n|\n|-heal|p1a: Sinistcha|100/100|[from] item: Leftovers\n|-damage|p1b: Milotic|56/100 psn|[from] psn\n|upkeep\n|turn|7\n|\n|t:|1788300759\n|switch|p1b: Staraptor|Staraptor, L50, M|100/100\n|-ability|p1b: Staraptor|Intimidate|boost\n|-unboost|p2a: Sneasler|atk|1\n|-unboost|p2b: Sinistcha|atk|1\n|move|p2a: Sneasler|Poison Jab|p1a: Sinistcha\n|-damage|p1a: Sinistcha|84/100\n|move|p1a: Sinistcha|Shadow Ball|p2b: Sinistcha\n|-supereffective|p2b: Sinistcha|1\n|-enditem|p2b: Sinistcha|Kasib Berry|[eat]\n|-enditem|p2b: Sinistcha|Kasib Berry|[weaken]\n|-damage|p2b: Sinistcha|25/100\n|move|p2b: Sinistcha|Matcha Gotcha|p1b: Staraptor|[spread] p1a,p1b\n|-resisted|p1a: Sinistcha|1\n|-resisted|p1b: Staraptor|1\n|-damage|p1a: Sinistcha|79/100\n|-heal|p2b: Sinistcha|28/100|[from] drain|[of] p1a: Sinistcha\n|-damage|p1b: Staraptor|90/100\n|-heal|p2b: Sinistcha|33/100|[from] drain|[of] p1b: Staraptor\n|\n|-heal|p1a: Sinistcha|85/100|[from] item: Leftovers\n|upkeep\n|turn|8\n|\n|t:|1788300777\n|switch|p2b: Incineroar|Incineroar, L50, M|100/100\n|-ability|p2b: Incineroar|Intimidate|boost\n|-unboost|p1a: Sinistcha|atk|1\n|-unboost|p1b: Staraptor|atk|1\n|detailschange|p1b: Staraptor|Staraptor-Mega, L50, M\n|-mega|p1b: Staraptor|Staraptor|Staraptite\n|move|p1b: Staraptor|Protect|p1b: Staraptor\n|-singleturn|p1b: Staraptor|Protect\n|move|p2a: Sneasler|Poison Jab|p1b: Staraptor\n|-activate|p1b: Staraptor|move: Protect\n|move|p1a: Sinistcha|Shadow Ball|p2b: Incineroar\n|-resisted|p2b: Incineroar|1\n|-damage|p2b: Incineroar|88/100\n|-unboost|p2b: Incineroar|spd|1\n|\n|-heal|p1a: Sinistcha|91/100|[from] item: Leftovers\n|upkeep\n|turn|9\n|\n|t:|1788300794\n|switch|p1b: Grimmsnarl|Grimmsnarl, L50, M|22/100 psn\n|move|p2b: Incineroar|Fake Out|p1b: Grimmsnarl\n|-damage|p1b: Grimmsnarl|16/100 psn\n|move|p2a: Sneasler|Poison Jab|p1b: Grimmsnarl\n|-supereffective|p1b: Grimmsnarl|1\n|-damage|p1b: Grimmsnarl|0 fnt\n|faint|p1b: Grimmsnarl\n|move|p1a: Sinistcha|Strength Sap|p2a: Sneasler\n|-unboost|p2a: Sneasler|atk|1\n|-heal|p1a: Sinistcha|100/100\n|\n|-sideend|p1: equipo syi|Reflect\n|upkeep\n|\n|t:|1788300803\n|switch|p1b: Staraptor|Staraptor-Mega, L50, M|90/100\n|turn|10\n|\n|t:|1788300809\n|switch|p2a: Sinistcha|Sinistcha, L50|33/100\n|-heal|p2b: Incineroar|100/100|[from] ability: Hospitality|[of] p2a: Sinistcha\n|move|p1a: Sinistcha|Rage Powder|p1a: Sinistcha\n|-singleturn|p1a: Sinistcha|move: Rage Powder\n|move|p1b: Staraptor|Close Combat|p2b: Incineroar\n|-supereffective|p2b: Incineroar|1\n|-damage|p2b: Incineroar|0 fnt\n|-boost|p1b: Staraptor|def|1\n|-boost|p1b: Staraptor|spd|1\n|faint|p2b: Incineroar\n|\n|-sideend|p1: equipo syi|move: Light Screen\n|upkeep\n|-message|beautiful brandon forfeited.\n|\n|win|equipo syi\n|raw|equipo syi's rating: 1383 &rarr; <strong>1408</strong><br />(+25 for winning)\n|raw|beautiful brandon's rating: 1466 &rarr; <strong>1441</strong><br />(-25 for losing)\n|l|☆beautiful brandon\n|player|p2|\n","uploadtime":1788300823,"views":"8","formatid":"gen9championsvgc2026regmb","rating":1408,"private":0,"password":null}