{"id":"gen9championsvgc2026regmbbo3-2673305370","format":"[Gen 9 Champions] VGC 2026 Reg M-B (Bo3)","players":["SmogonSetsAreTrash","irvydon"],"log":"|j|☆SmogonSetsAreTrash\n|j|☆irvydon\n|html|<table width=\"100%\"><tr><td align=\"left\">SmogonSetsAreTrash</td><td align=\"right\">irvydon</tr><tr><td align=\"left\"><i class=\"fa fa-circle-o\"></i> <i class=\"fa fa-circle-o\"></i> </td><td align=\"right\"><i class=\"fa fa-circle-o\"></i> <i class=\"fa fa-circle-o\"></i> </tr></table>\n|uhtml|bestof|<h2><strong>Game 1</strong> of <a href=\"/game-bestof3-gen9championsvgc2026regmbbo3-2673305368\">a best-of-3</a></h2>\n|t:|1788180544\n|gametype|doubles\n|player|p1|SmogonSetsAreTrash|101|1073\n|player|p2|irvydon|benga|1000\n|gen|9\n|tier|[Gen 9 Champions] VGC 2026 Reg M-B (Bo3)\n|rated|\n|rule|Species Clause: Limit one of each Pokémon\n|rule|Item Clause: Limit 1 of each item\n|clearpoke\n|poke|p1|Volcarona, L50, M|\n|poke|p1|Samurott-Hisui, L50, M|\n|poke|p1|Bellibolt, L50, M|\n|poke|p1|Sinistcha, L50|\n|poke|p1|Lopunny, L50, F|\n|poke|p1|Grimmsnarl, L50, M|\n|poke|p2|Aerodactyl, L50, F|\n|poke|p2|Kingambit, L50, F|\n|poke|p2|Sylveon, L50, M|\n|poke|p2|Garchomp, L50, F|\n|poke|p2|Charizard, L50, F|\n|poke|p2|Incineroar, L50, F|\n|teampreview|4\n|showteam|p1|Volcarona||Leftovers|FlameBody|HeatWave,GigaDrain,QuiverDance,Protect|Modest||M|||50|]Samurott-Hisui||ChoiceScarf|Torrent|AquaCutter,CeaselessEdge,SacredSword,Soak|Jolly||M|||50|]Bellibolt||Magnet|Electromorphosis|ParabolicCharge,Soak,Thunderbolt,Protect|Quiet||M|||50|]Sinistcha||OccaBerry|Hospitality|ShadowBall,RagePowder,TrickRoom,Protect|Bold|||||50|]Lopunny||Lopunnite|Limber|CloseCombat,FakeOut,TripleAxel,Protect|Jolly||F|||50|]Grimmsnarl||RoseliBerry|Prankster|SpiritBreak,Reflect,FakeOut,PartingShot|Careful||M|||50|\n|showteam|p2|Aerodactyl||Aerodactylite|Unnerve|RockSlide,IceFang,Tailwind,WideGuard|Jolly||F|||50|]Kingambit||FocusSash|Defiant|KowtowCleave,SuckerPunch,IronHead,Protect|Adamant||F|||50|]Sylveon||FairyFeather|Pixilate|Detect,HyperVoice,HyperBeam,QuickAttack|Modest||M|||50|]Garchomp||LifeOrb|RoughSkin|Earthquake,DragonClaw,StompingTantrum,Protect|Jolly||F|||50|]Charizard||CharizarditeY|Blaze|Protect,HeatWave,SolarBeam,WeatherBall|Modest||F|||50|]Incineroar||SitrusBerry|Intimidate|DarkestLariat,FlareBlitz,FakeOut,PartingShot|Impish||F|||50|\n|inactive|Battle timer is ON: inactive players will automatically lose when time's up. (requested by SmogonSetsAreTrash)\n|inactive|SmogonSetsAreTrash has 60 seconds left.\n|inactive|irvydon has 60 seconds left.\n|inactive|irvydon has 30 seconds left.\n|inactive|irvydon has 20 seconds left.\n|inactive|irvydon has 15 seconds left.\n|inactive|SmogonSetsAreTrash has 30 seconds left.\n|inactive|irvydon has 10 seconds left.\n|inactive|irvydon has 5 seconds left.\n|\n|t:|1788180633\n|teamsize|p1|4\n|teamsize|p2|4\n|start\n|switch|p1a: Volcarona|Volcarona, L50, M|100/100\n|switch|p1b: Lopunny|Lopunny, L50, F|100/100\n|switch|p2a: Aerodactyl|Aerodactyl, L50, F|100/100\n|switch|p2b: Sylveon|Sylveon, L50, M|100/100\n|-ability|p2a: Aerodactyl|Unnerve\n|turn|1\n|inactive|irvydon has 30 seconds left.\n|inactive|irvydon has 20 seconds left.\n|\n|t:|1788180673\n|move|p1b: Lopunny|Fake Out|p2a: Aerodactyl\n|-resisted|p2a: Aerodactyl|1\n|-damage|p2a: Aerodactyl|90/100\n|cant|p2a: Aerodactyl|flinch\n|move|p1a: Volcarona|Quiver Dance|p1a: Volcarona\n|-boost|p1a: Volcarona|spa|1\n|-boost|p1a: Volcarona|spd|1\n|-boost|p1a: Volcarona|spe|1\n|move|p2b: Sylveon|Hyper Voice|p1b: Lopunny|[spread] p1a,p1b\n|-resisted|p1a: Volcarona|1\n|-damage|p1a: Volcarona|85/100\n|-damage|p1b: Lopunny|44/100\n|\n|-heal|p1a: Volcarona|91/100|[from] item: Leftovers\n|upkeep\n|turn|2\n|inactive|irvydon has 30 seconds left.\n|\n|t:|1788180706\n|detailschange|p2a: Aerodactyl|Aerodactyl-Mega, L50, F\n|-mega|p2a: Aerodactyl|Aerodactyl|Aerodactylite\n|detailschange|p1b: Lopunny|Lopunny-Mega, L50, F\n|-mega|p1b: Lopunny|Lopunny|Lopunnite\n|move|p1a: Volcarona|Protect|p1a: Volcarona\n|-singleturn|p1a: Volcarona|Protect\n|move|p1b: Lopunny|Triple Axel|p2a: Aerodactyl\n|-supereffective|p2a: Aerodactyl|1\n|-damage|p2a: Aerodactyl|74/100\n|-supereffective|p2a: Aerodactyl|1\n|-damage|p2a: Aerodactyl|43/100\n|-supereffective|p2a: Aerodactyl|1\n|-damage|p2a: Aerodactyl|0 fnt\n|faint|p2a: Aerodactyl\n|-hitcount|p2: Aerodactyl|3\n|move|p2b: Sylveon|Hyper Beam|p1a: Volcarona\n|-activate|p1a: Volcarona|move: Protect\n|\n|-heal|p1a: Volcarona|97/100|[from] item: Leftovers\n|upkeep\n|inactive|irvydon has 30 seconds left.\n|inactive|irvydon has 20 seconds left.\n|inactive|irvydon has 15 seconds left.\n|\n|t:|1788180748\n|switch|p2a: Kingambit|Kingambit, L50, F|100/100\n|turn|3\n|\n|t:|1788180759\n|move|p2a: Kingambit|Sucker Punch|p1a: Volcarona\n|-damage|p1a: Volcarona|48/100\n|move|p1a: Volcarona|Heat Wave|p2b: Sylveon|[spread] p2a\n|-miss|p1a: Volcarona|p2b: Sylveon\n|-supereffective|p2a: Kingambit|1\n|-enditem|p2a: Kingambit|Focus Sash\n|-damage|p2a: Kingambit|1/100\n|move|p1b: Lopunny|Close Combat|p2a: Kingambit\n|-supereffective|p2a: Kingambit|2\n|-damage|p2a: Kingambit|0 fnt\n|-unboost|p1b: Lopunny|def|1\n|-unboost|p1b: Lopunny|spd|1\n|faint|p2a: Kingambit\n|move|p2b: Sylveon|Hyper Beam|p1a: Volcarona\n|-resisted|p1a: Volcarona|1\n|-damage|p1a: Volcarona|16/100\n|-mustrecharge|p2b: Sylveon\n|\n|-heal|p1a: Volcarona|22/100|[from] item: Leftovers\n|upkeep\n|\n|t:|1788180778\n|switch|p2a: Charizard|Charizard, L50, F|100/100\n|turn|4\n|\n|t:|1788180803\n|move|p1a: Volcarona|Protect|p1a: Volcarona\n|-singleturn|p1a: Volcarona|Protect\n|move|p1b: Lopunny|Close Combat|p2a: Charizard\n|-resisted|p2a: Charizard|1\n|-crit|p2a: Charizard\n|-damage|p2a: Charizard|50/100g\n|-unboost|p1b: Lopunny|def|1\n|-unboost|p1b: Lopunny|spd|1\n|move|p2a: Charizard|Heat Wave|p1b: Lopunny|[spread] p1b\n|-activate|p1a: Volcarona|move: Protect\n|-damage|p1b: Lopunny|0 fnt\n|faint|p1b: Lopunny\n|cant|p2b: Sylveon|recharge\n|\n|-heal|p1a: Volcarona|28/100|[from] item: Leftovers\n|upkeep\n|\n|t:|1788180809\n|switch|p1b: Samurott|Samurott-Hisui, L50, M|100/100\n|turn|5\n|\n|t:|1788180830\n|move|p1b: Samurott|Aqua Cutter|p2a: Charizard\n|-supereffective|p2a: Charizard|1\n|-crit|p2a: Charizard\n|-damage|p2a: Charizard|0 fnt\n|faint|p2a: Charizard\n|move|p1a: Volcarona|Giga Drain|p2b: Sylveon\n|-damage|p2b: Sylveon|72/100\n|-heal|p1a: Volcarona|43/100|[from] drain|[of] p2b: Sylveon\n|move|p2b: Sylveon|Hyper Beam|p1a: Volcarona\n|-resisted|p1a: Volcarona|1\n|-damage|p1a: Volcarona|11/100\n|-mustrecharge|p2b: Sylveon\n|\n|-heal|p1a: Volcarona|18/100|[from] item: Leftovers\n|upkeep\n|turn|6\n|\n|t:|1788180845\n|move|p1b: Samurott|Aqua Cutter|p2b: Sylveon\n|-damage|p2b: Sylveon|35/100\n|move|p1a: Volcarona|Giga Drain|p2b: Sylveon\n|-damage|p2b: Sylveon|6/100\n|-heal|p1a: Volcarona|33/100|[from] drain|[of] p2b: Sylveon\n|cant|p2b: Sylveon|recharge\n|\n|-heal|p1a: Volcarona|39/100|[from] item: Leftovers\n|upkeep\n|turn|7\n|\n|t:|1788180864\n|move|p1b: Samurott|Aqua Cutter|p2b: Sylveon\n|-crit|p2b: Sylveon\n|-damage|p2b: Sylveon|0 fnt\n|faint|p2b: Sylveon\n|\n|win|SmogonSetsAreTrash\n||SmogonSetsAreTrash is ready for game 2.\n||irvydon is ready for game 2.\n|uhtml|next|Next: <a href=\"/battle-gen9championsvgc2026regmbbo3-2673307387\"><strong>Game 2 of 3</strong></a>\n","uploadtime":1788181189,"views":"9","formatid":"gen9championsvgc2026regmbbo3","rating":null,"private":0,"password":null}