{"id":"gen9championsvgc2026regmb-2673858721","format":"[Gen 9 Champions] VGC 2026 Reg M-B","players":["bbenn76","daiceguy"],"log":"|j|☆bbenn76\n|j|☆daiceguy\n|t:|1788269521\n|gametype|doubles\n|player|p1|bbenn76|gambler|1090\n|player|p2|daiceguy|266|1146\n|gen|9\n|tier|[Gen 9 Champions] VGC 2026 Reg M-B\n|rated|\n|rule|Species Clause: Limit one of each Pokémon\n|rule|Item Clause: Limit 1 of each item\n|clearpoke\n|poke|p1|Charizard, L50, M, shiny|\n|poke|p1|Venusaur, L50, F, shiny|\n|poke|p1|Grimmsnarl, L50, M, shiny|\n|poke|p1|Kingambit, L50, F, shiny|\n|poke|p1|Torkoal, L50, F, shiny|\n|poke|p1|Feraligatr, L50, F, shiny|\n|poke|p2|Sinistcha-Masterpiece, L50|\n|poke|p2|Farigiraf, L50, F|\n|poke|p2|Dragalge, L50, F|\n|poke|p2|Incineroar, L50, F|\n|poke|p2|Primarina, L50, F|\n|poke|p2|Mawile, L50, F|\n|teampreview|4\nbbenn76 has agreed to open team sheets.\n|inactive|Battle timer is ON: inactive players will automatically lose when time's up. (requested by bbenn76)\n|\n|t:|1788269560\n|teamsize|p1|4\n|teamsize|p2|4\n|start\n|switch|p1a: big zard|Charizard, L50, M, shiny|100/100\n|switch|p1b: pen¡saur|Venusaur, L50, F, shiny|100/100\n|switch|p2a: Dragalge|Dragalge, L50, F|100/100\n|switch|p2b: Incineroar|Incineroar, L50, F|100/100\n|-ability|p2b: Incineroar|Intimidate|boost\n|-unboost|p1a: big zard|atk|1\n|-unboost|p1b: pen¡saur|atk|1\n|turn|1\n|inactive|bbenn76 has 30 seconds left.\n|inactive|daiceguy has 30 seconds left.\n|\n|t:|1788269591\n|detailschange|p2a: Dragalge|Dragalge-Mega, L50, F\n|-mega|p2a: Dragalge|Dragalge|Dragalgite\n|move|p1a: big zard|Protect|p1a: big zard\n|-singleturn|p1a: big zard|Protect\n|move|p1b: pen¡saur|Earth Power|p2b: Incineroar\n|-supereffective|p2b: Incineroar|1\n|-damage|p2b: Incineroar|58/100\n|move|p2b: Incineroar|Flare Blitz|p1b: pen¡saur\n|-supereffective|p1b: pen¡saur|1\n|-damage|p1b: pen¡saur|0 fnt\n|faint|p1b: pen¡saur\n|-damage|p2b: Incineroar|32/100|[from] Recoil\n|move|p2a: Dragalge|Sludge Bomb|p1a: big zard\n|-activate|p1a: big zard|move: Protect\n|\n|upkeep\n|\n|t:|1788269608\n|switch|p1b: grim reaper|Grimmsnarl, L50, M, shiny|100/100\n|turn|2\n|\n|t:|1788269626\n|detailschange|p1a: big zard|Charizard-Mega-Y, L50, M, shiny\n|-mega|p1a: big zard|Charizard|Charizardite Y\n|-weather|SunnyDay|[from] ability: Drought|[of] p1a: big zard\n|move|p1b: grim reaper|Fake Out|p2a: Dragalge\n|-damage|p2a: Dragalge|88/100\n|move|p1a: big zard|Heat Wave|p2b: Incineroar|[spread] p2a,p2b\n|-resisted|p2a: Dragalge|1\n|-resisted|p2b: Incineroar|1\n|-damage|p2a: Dragalge|66/100\n|-damage|p2b: Incineroar|9/100\n|move|p2b: Incineroar|Parting Shot|p1a: big zard\n|-unboost|p1a: big zard|atk|1\n|-unboost|p1a: big zard|spa|1\n|\n|t:|1788269649\n|switch|p2b: Primarina|Primarina, L50, F|100/100|[from] Parting Shot\n|cant|p2a: Dragalge|flinch\n|\n|-weather|SunnyDay|[upkeep]\n|upkeep\n|turn|3\n|\n|t:|1788269663\n|move|p1b: grim reaper|Light Screen|p1b: grim reaper\n|-sidestart|p1: bbenn76|move: Light Screen\n|move|p1a: big zard|Solar Beam||[still]\n|-prepare|p1a: big zard|Solar Beam\n|-anim|p1a: big zard|Solar Beam|p2b: Primarina\n|-supereffective|p2b: Primarina|1\n|-damage|p2b: Primarina|45/100\n|move|p2b: Primarina|Calm Mind|p2b: Primarina\n|-boost|p2b: Primarina|spa|1\n|-boost|p2b: Primarina|spd|1\n|move|p2a: Dragalge|Sludge Bomb|p1b: grim reaper\n|-supereffective|p1b: grim reaper|1\n|-damage|p1b: grim reaper|26/100\n|\n|-weather|SunnyDay|[upkeep]\n|-heal|p2b: Primarina|51/100|[from] item: Leftovers\n|upkeep\n|turn|4\n|\n|t:|1788269688\n|move|p2b: Primarina|Protect|p2b: Primarina\n|-singleturn|p2b: Primarina|Protect\n|move|p1b: grim reaper|Reflect|p1b: grim reaper\n|-sidestart|p1: bbenn76|Reflect\n|move|p1a: big zard|Solar Beam||[still]\n|-prepare|p1a: big zard|Solar Beam\n|-anim|p1a: big zard|Solar Beam|p2b: Primarina\n|-activate|p2b: Primarina|move: Protect\n|move|p2a: Dragalge|Thunderbolt|p1a: big zard\n|-supereffective|p1a: big zard|1\n|-damage|p1a: big zard|49/100\n|\n|-weather|SunnyDay|[upkeep]\n|-heal|p2b: Primarina|57/100|[from] item: Leftovers\n|upkeep\n|turn|5\n|inactive|daiceguy has 30 seconds left.\n|\n|t:|1788269714\n|move|p1b: grim reaper|Parting Shot|p2a: Dragalge\n|-unboost|p2a: Dragalge|atk|1\n|-unboost|p2a: Dragalge|spa|1\n|\n|t:|1788269718\n|switch|p1b: gotham|Kingambit, L50, F, shiny|100/100|[from] Parting Shot\n|-activate|p1b: gotham|ability: Supreme Overlord\n|-start|p1b: gotham|fallen1|[silent]\n|move|p1a: big zard|Solar Beam||[still]\n|-prepare|p1a: big zard|Solar Beam\n|-anim|p1a: big zard|Solar Beam|p2b: Primarina\n|-supereffective|p2b: Primarina|1\n|-damage|p2b: Primarina|22/100\n|move|p2b: Primarina|Hyper Voice|p1a: big zard|[spread] p1a,p1b\n|-supereffective|p1a: big zard|1\n|-damage|p1a: big zard|14/100\n|-damage|p1b: gotham|83/100\n|move|p2a: Dragalge|Flip Turn|p1a: big zard\n|-supereffective|p1a: big zard|1\n|-damage|p1a: big zard|7/100\n|\n|t:|1788269734\n|-heal|p2a: Dragalge|99/100|[from] ability: Regenerator|[silent]\n|switch|p2a: Farigiraf|Farigiraf, L50, F|100/100|[from] Flip Turn\n|\n|-weather|SunnyDay|[upkeep]\n|-heal|p2b: Primarina|28/100|[from] item: Leftovers\n|upkeep\n|turn|6\n|\n|t:|1788269754\n|switch|p2a: Incineroar|Incineroar, L50, F|9/100\n|-ability|p2a: Incineroar|Intimidate|boost\n|-unboost|p1a: big zard|atk|1\n|-unboost|p1b: gotham|atk|1\n|move|p2b: Primarina|Protect|p2b: Primarina\n|-singleturn|p2b: Primarina|Protect\n|move|p1a: big zard|Solar Beam||[still]\n|-prepare|p1a: big zard|Solar Beam\n|-anim|p1a: big zard|Solar Beam|p2b: Primarina\n|-activate|p2b: Primarina|move: Protect\n|move|p1b: gotham|Swords Dance|p1b: gotham\n|-boost|p1b: gotham|atk|2\n|\n|-weather|none\n|-heal|p2b: Primarina|34/100|[from] item: Leftovers\n|upkeep\n|turn|7\n|inactive|bbenn76 has 30 seconds left.\n|inactive|daiceguy has 30 seconds left.\n|inactive|bbenn76 has 20 seconds left.\n|inactive|daiceguy has 20 seconds left.\n|inactive|daiceguy has 15 seconds left.\n|inactive|daiceguy has 10 seconds left.\n|\n|t:|1788269801\n|move|p1a: big zard|Protect|p1a: big zard\n|-singleturn|p1a: big zard|Protect\n|move|p2a: Incineroar|Fake Out|p1b: gotham\n|-resisted|p1b: gotham|1\n|-damage|p1b: gotham|80/100\n|move|p2b: Primarina|Hyper Voice|p1a: big zard|[spread] p1b\n|-activate|p1a: big zard|move: Protect\n|-damage|p1b: gotham|45/100\n|cant|p1b: gotham|flinch\n|\n|-heal|p2b: Primarina|40/100|[from] item: Leftovers\n|upkeep\n|turn|8\n|\n|t:|1788269826\n|move|p2b: Primarina|Protect|p2b: Primarina\n|-singleturn|p2b: Primarina|Protect\n|move|p1a: big zard|Weather Ball|p2a: Incineroar\n|-damage|p2a: Incineroar|0 fnt\n|faint|p2a: Incineroar\n|move|p1b: gotham|Iron Head|p2b: Primarina\n|-activate|p2b: Primarina|move: Protect\n|\n|-heal|p2b: Primarina|46/100|[from] item: Leftovers\n|upkeep\n|\n|t:|1788269836\n|switch|p2a: Dragalge|Dragalge-Mega, L50, F|99/100\n|turn|9\n|\n|t:|1788269853\n|move|p1a: big zard|Heat Wave|p2a: Dragalge|[spread] p2a,p2b\n|-resisted|p2a: Dragalge|1\n|-resisted|p2b: Primarina|1\n|-damage|p2a: Dragalge|88/100\n|-damage|p2b: Primarina|38/100\n|move|p2b: Primarina|Hyper Voice|p1b: gotham|[spread] p1a,p1b\n|-supereffective|p1a: big zard|1\n|-damage|p1a: big zard|0 fnt\n|-damage|p1b: gotham|11/100\n|faint|p1a: big zard\n|move|p1b: gotham|Zen Headbutt|p2a: Dragalge\n|-supereffective|p2a: Dragalge|1\n|-damage|p2a: Dragalge|0 fnt\n|faint|p2a: Dragalge\n|-damage|p1b: gotham|1/100|[from] item: Life Orb\n|\n|-heal|p2b: Primarina|44/100|[from] item: Leftovers\n|upkeep\n|\n|t:|1788269870\n|switch|p1a: grim reaper|Grimmsnarl, L50, M, shiny|26/100\n|switch|p2a: Farigiraf|Farigiraf, L50, F|100/100\n|turn|10\n|\n|t:|1788269886\n|move|p2b: Primarina|Protect|p2b: Primarina\n|-singleturn|p2b: Primarina|Protect\n|move|p1a: grim reaper|Fake Out||[still]\n|cant|p2a: Farigiraf|ability: Armor Tail|Fake Out|[of] p1a: grim reaper\n|move|p1b: gotham|Sucker Punch||[still]\n|cant|p2a: Farigiraf|ability: Armor Tail|Sucker Punch|[of] p1b: gotham\n|move|p2a: Farigiraf|Trick Room|p2a: Farigiraf\n|-fieldstart|move: Trick Room|[of] p2a: Farigiraf\n|\n|-heal|p2b: Primarina|50/100g|[from] item: Leftovers\n|-sideend|p1: bbenn76|move: Light Screen\n|upkeep\n|turn|11\n|n|!bbenn76|bbenn76\n|inactive|bbenn76 has 30 seconds left.\n|inactive|daiceguy has 30 seconds left.\n|inactive|bbenn76 has 20 seconds left.\n|inactive|bbenn76 has 15 seconds left.\n|\n|t:|1788269927\n|move|p1a: grim reaper|Light Screen|p1a: grim reaper\n|-sidestart|p1: bbenn76|move: Light Screen\n|move|p1b: gotham|Iron Head|p2a: Farigiraf\n|-damage|p2a: Farigiraf|3/100\n|-damage|p1b: gotham|0 fnt|[from] item: Life Orb\n|faint|p1b: gotham\n|-end|p1b: gotham|fallen1|[silent]\n|cant|p2a: Farigiraf|flinch\n|move|p2b: Primarina|Draining Kiss|p1a: grim reaper\n|-supereffective|p1a: grim reaper|1\n|-damage|p1a: grim reaper|0 fnt\n|-heal|p2b: Primarina|72/100|[from] drain|[of] p1a: grim reaper\n|faint|p1a: grim reaper\n|\n|win|daiceguy\n","uploadtime":1788269904,"views":"3","formatid":"gen9championsvgc2026regmb","rating":null,"private":0,"password":null}