{"id":"gen9championsvgc2026regmb-2674288134","format":"[Gen 9 Champions] VGC 2026 Reg M-B","players":["Its Caerus","ddzcwn"],"log":"|j|☆Its Caerus\n|j|☆ddzcwn\n|t:|1788332441\n|gametype|doubles\n|player|p1|Its Caerus|steven|1426\n|player|p2|ddzcwn|hiker-gen4|1541\n|gen|9\n|tier|[Gen 9 Champions] VGC 2026 Reg M-B\n|rated|\n|rule|Species Clause: Limit one of each Pokémon\n|rule|Item Clause: Limit 1 of each item\n|clearpoke\n|poke|p1|Gengar, L50, F, shiny|\n|poke|p1|Incineroar, L50, M|\n|poke|p1|Politoed, L50, M, shiny|\n|poke|p1|Sableye, L50, F|\n|poke|p1|Vivillon-Elegant, L50, F|\n|poke|p1|Kingambit, L50, M, shiny|\n|poke|p2|Swampert, L50, F|\n|poke|p2|Pelipper, L50, M|\n|poke|p2|Venusaur, L50, F|\n|poke|p2|Kingambit, L50, M|\n|poke|p2|Staraptor, L50, M|\n|poke|p2|Sneasler, L50, F|\n|teampreview|4\n|inactive|Battle timer is ON: inactive players will automatically lose when time's up. (requested by Its Caerus)\n|inactive|ddzcwn has 60 seconds left.\n|\n|t:|1788332486\n|teamsize|p1|4\n|teamsize|p2|4\n|start\n|switch|p1a: Gojo|Sableye, L50, F|100/100\n|switch|p1b: Albinox|Gengar, L50, F, shiny|100/100\n|switch|p2a: Kingambit|Kingambit, L50, M|100/100\n|switch|p2b: Sneasler|Sneasler, L50, F|100/100\n|turn|1\n|inactive|ddzcwn has 30 seconds left.\n|\n|t:|1788332514\n|switch|p2b: Venusaur|Venusaur, L50, F|100/100\n|detailschange|p1b: Albinox|Gengar-Mega, L50, F, shiny\n|-mega|p1b: Albinox|Gengar|Gengarite\n|move|p1a: Gojo|Fake Out|p2a: Kingambit\n|-resisted|p2a: Kingambit|1\n|-damage|p2a: Kingambit|97/100\n|move|p1b: Albinox|Perish Song|p1b: Albinox\n|-start|p1a: Gojo|perish3|[silent]\n|-start|p1b: Albinox|perish3|[silent]\n|-start|p2a: Kingambit|perish3|[silent]\n|-start|p2b: Venusaur|perish3|[silent]\n|-fieldactivate|move: Perish Song\n|cant|p2a: Kingambit|flinch\n|\n|-start|p1b: Albinox|perish3\n|-start|p2b: Venusaur|perish3\n|-start|p1a: Gojo|perish3\n|-start|p2a: Kingambit|perish3\n|upkeep\n|turn|2\n|inactive|ddzcwn has 30 seconds left.\n|\n|t:|1788332545\n|move|p1a: Gojo|Protect|p1a: Gojo\n|-singleturn|p1a: Gojo|Protect\n|move|p1b: Albinox|Protect|p1b: Albinox\n|-singleturn|p1b: Albinox|Protect\n|move|p2b: Venusaur|Earth Power|p1b: Albinox\n|-activate|p1b: Albinox|move: Protect\n|move|p2a: Kingambit|Kowtow Cleave|p1a: Gojo\n|-activate|p1a: Gojo|move: Protect\n|\n|-start|p1b: Albinox|perish2\n|-start|p2b: Venusaur|perish2\n|-start|p1a: Gojo|perish2\n|-start|p2a: Kingambit|perish2\n|upkeep\n|turn|3\n|\n|t:|1788332563\n|move|p1a: Gojo|Disable|p2b: Venusaur\n|-start|p2b: Venusaur|Disable|Earth Power\n|move|p1b: Albinox|Disable|p2a: Kingambit\n|-start|p2a: Kingambit|Disable|Kowtow Cleave\n|cant|p2b: Venusaur|Disable|Earth Power\n|cant|p2a: Kingambit|Disable|Kowtow Cleave\n|\n|-start|p1b: Albinox|perish1\n|-start|p2b: Venusaur|perish1\n|-start|p1a: Gojo|perish1\n|-start|p2a: Kingambit|perish1\n|upkeep\n|turn|4\n|\n|t:|1788332587\n|switch|p1b: Carlquest|Incineroar, L50, M|100/100\n|-ability|p1b: Carlquest|Intimidate|boost\n|-unboost|p2a: Kingambit|atk|1\n|-ability|p2a: Kingambit|Defiant|boost\n|-boost|p2a: Kingambit|atk|2\n|-unboost|p2b: Venusaur|atk|1\n|switch|p1a: Cotton Candy|Politoed, L50, M, shiny|100/100\n|-weather|RainDance|[from] ability: Drizzle|[of] p1a: Cotton Candy\n|move|p2b: Venusaur|Sleep Powder|p1b: Carlquest\n|-status|p1b: Carlquest|slp|[from] move: Sleep Powder\n|move|p2a: Kingambit|Iron Head|p1a: Cotton Candy\n|-resisted|p1a: Cotton Candy|1\n|-damage|p1a: Cotton Candy|75/100\n|\n|-weather|RainDance|[upkeep]\n|-heal|p1a: Cotton Candy|81/100|[from] item: Leftovers\n|-start|p2b: Venusaur|perish0\n|-start|p2a: Kingambit|perish0\n|upkeep\n|faint|p2b: Venusaur\n|faint|p2a: Kingambit\n|\n|t:|1788332602\n|switch|p2b: Staraptor|Staraptor, L50, M|100/100\n|switch|p2a: Sneasler|Sneasler, L50, F|100/100\n|-ability|p2b: Staraptor|Intimidate|boost\n|-unboost|p1a: Cotton Candy|atk|1\n|-unboost|p1b: Carlquest|atk|1\n|turn|5\n|\n|t:|1788332627\n|switch|p1b: Gojo|Sableye, L50, F|100/100\n|detailschange|p2b: Staraptor|Staraptor-Mega, L50, M\n|-mega|p2b: Staraptor|Staraptor|Staraptite\n|move|p1a: Cotton Candy|Protect|p1a: Cotton Candy\n|-singleturn|p1a: Cotton Candy|Protect\n|move|p2a: Sneasler|Close Combat|p1a: Cotton Candy\n|-activate|p1a: Cotton Candy|move: Protect\n|move|p2b: Staraptor|Close Combat|p1a: Cotton Candy\n|-activate|p1a: Cotton Candy|move: Protect\n|\n|-weather|RainDance|[upkeep]\n|-heal|p1a: Cotton Candy|87/100|[from] item: Leftovers\n|upkeep\n|turn|6\n|\n|t:|1788332651\n|move|p2b: Staraptor|Protect|p2b: Staraptor\n|-singleturn|p2b: Staraptor|Protect\n|move|p1b: Gojo|Fake Out|p2b: Staraptor\n|-activate|p2b: Staraptor|move: Protect\n|move|p2a: Sneasler|Dire Claw|p1b: Gojo\n|-resisted|p1b: Gojo|1\n|-damage|p1b: Gojo|77/100\n|move|p1a: Cotton Candy|Perish Song|p1a: Cotton Candy\n|-start|p1a: Cotton Candy|perish3|[silent]\n|-start|p1b: Gojo|perish3|[silent]\n|-start|p2a: Sneasler|perish3|[silent]\n|-start|p2b: Staraptor|perish3|[silent]\n|-fieldactivate|move: Perish Song\n|\n|-weather|RainDance|[upkeep]\n|-heal|p1a: Cotton Candy|93/100|[from] item: Leftovers\n|-start|p2a: Sneasler|perish3\n|-start|p2b: Staraptor|perish3\n|-start|p1a: Cotton Candy|perish3\n|-start|p1b: Gojo|perish3\n|upkeep\n|turn|7\n|-message|ddzcwn forfeited.\n|\n|win|Its Caerus\n|raw|Its Caerus's rating: 1426 &rarr; <strong>1452</strong><br />(+26 for winning)\n|raw|ddzcwn's rating: 1541 &rarr; <strong>1515</strong><br />(-26 for losing)\n|l|☆ddzcwn\n|player|p2|\n|c|☆Its Caerus|Gg\n","uploadtime":1788332675,"views":"23","formatid":"gen9championsvgc2026regmb","rating":1452,"private":0,"password":null}