{"id":"gen9championsvgc2026regmb-2674886280","format":"[Gen 9 Champions] VGC 2026 Reg M-B","players":["void2008","Strawbbs"],"log":"|j|☆void2008\n|j|☆Strawbbs\n|t:|1788429227\n|gametype|doubles\n|player|p1|void2008|hilbert|1075\n|player|p2|Strawbbs|hiker-gen4|1038\n|gen|9\n|tier|[Gen 9 Champions] VGC 2026 Reg M-B\n|rated|\n|rule|Species Clause: Limit one of each Pokémon\n|rule|Item Clause: Limit 1 of each item\n|clearpoke\n|poke|p1|Glalie, L50, F|\n|poke|p1|Whimsicott, L50, F|\n|poke|p1|Basculegion, L50, M|\n|poke|p1|Kingambit, L50, M|\n|poke|p1|Incineroar, L50, F|\n|poke|p1|Raichu, L50, M|\n|poke|p2|Politoed, L50, F|\n|poke|p2|Swampert, L50, F|\n|poke|p2|Gengar, L50, M|\n|poke|p2|Noivern, L50, F|\n|poke|p2|Clawitzer, L50, F|\n|poke|p2|Volcarona, L50, M|\n|teampreview|4\n|inactive|Battle timer is ON: inactive players will automatically lose when time's up. (requested by Strawbbs)\nStrawbbs rejected open team sheets.\n|inactive|void2008 has 60 seconds left.\n|\n|t:|1788429268\n|teamsize|p1|4\n|teamsize|p2|4\n|start\n|switch|p1a: Glalie|Glalie, L50, F|100/100\n|switch|p1b: Whimsicott|Whimsicott, L50, F|100/100\n|switch|p2a: Noivern|Noivern, L50, F|100/100\n|switch|p2b: Volcarona|Volcarona, L50, M|100/100\n|turn|1\n|inactive|void2008 has 30 seconds left.\n|inactive|Strawbbs has 30 seconds left.\n|\n|t:|1788429298\n|switch|p1a: Basculegion|Basculegion, L50, M|100/100\n|move|p2b: Volcarona|Rage Powder|p2b: Volcarona\n|-singleturn|p2b: Volcarona|move: Rage Powder\n|move|p1b: Whimsicott|Tailwind|p1b: Whimsicott\n|-sidestart|p1: void2008|move: Tailwind\n|move|p2a: Noivern|Air Slash|p1b: Whimsicott\n|-supereffective|p1b: Whimsicott|1\n|-damage|p1b: Whimsicott|2/100\n|\n|upkeep\n|turn|2\n|inactive|Strawbbs has 30 seconds left.\n|\n|t:|1788429325\n|move|p1b: Whimsicott|Protect|p1b: Whimsicott\n|-singleturn|p1b: Whimsicott|Protect\n|move|p2b: Volcarona|Protect|p2b: Volcarona\n|-singleturn|p2b: Volcarona|Protect\n|move|p1a: Basculegion|Flip Turn|p2b: Volcarona\n|-activate|p2b: Volcarona|move: Protect\n|move|p2a: Noivern|Air Slash|p1b: Whimsicott\n|-activate|p1b: Whimsicott|move: Protect\n|\n|upkeep\n|turn|3\n|inactive|void2008 has 30 seconds left.\n|\n|t:|1788429353\n|switch|p1b: Glalie|Glalie, L50, F|100/100\n|move|p1a: Basculegion|Flip Turn|p2b: Volcarona\n|-supereffective|p2b: Volcarona|1\n|-damage|p2b: Volcarona|0 fnt\n|faint|p2b: Volcarona\n|\n|t:|1788429361\n|switch|p1a: Whimsicott|Whimsicott, L50, F|2/100|[from] Flip Turn\n|move|p2a: Noivern|Tailwind|p2a: Noivern\n|-sidestart|p2: Strawbbs|move: Tailwind\n|\n|upkeep\n|\n|t:|1788429367\n|switch|p2b: Swampert|Swampert, L50, F|100/100\n|turn|4\n|\n|t:|1788429389\n|detailschange|p1b: Glalie|Glalie-Mega, L50, F\n|-mega|p1b: Glalie|Glalie|Glalitite\n|detailschange|p2b: Swampert|Swampert-Mega, L50, F\n|-mega|p2b: Swampert|Swampert|Swampertite\n|move|p1a: Whimsicott|Helping Hand|p1b: Glalie\n|-singleturn|p1b: Glalie|Helping Hand|[of] p1a: Whimsicott\n|move|p2a: Noivern|Air Slash|p1a: Whimsicott\n|-supereffective|p1a: Whimsicott|1\n|-damage|p1a: Whimsicott|0 fnt\n|faint|p1a: Whimsicott\n|move|p1b: Glalie|Explosion|p2a: Noivern|[spread] p2a,p2b\n|-supereffective|p2a: Noivern|2\n|-enditem|p2a: Noivern|Focus Sash\n|-damage|p2a: Noivern|1/100\n|-damage|p2b: Swampert|0 fnt\n|faint|p1b: Glalie\n|faint|p2b: Swampert\n|\n|-sideend|p1: void2008|move: Tailwind\n|upkeep\n|\n|t:|1788429407\n|switch|p1a: Incineroar|Incineroar, L50, F|100/100\n|switch|p1b: Basculegion|Basculegion, L50, M|100/100\n|switch|p2b: Politoed|Politoed, L50, F|100/100\n|-weather|RainDance|[from] ability: Drizzle|[of] p2b: Politoed\n|-ability|p1a: Incineroar|Intimidate|boost\n|-unboost|p2a: Noivern|atk|1\n|-unboost|p2b: Politoed|atk|1\n|turn|5\n|\n|t:|1788429428\n|move|p1a: Incineroar|Fake Out|p2b: Politoed\n|-damage|p2b: Politoed|87/100\n|move|p1b: Basculegion|Aqua Jet|p2a: Noivern\n|-resisted|p2a: Noivern|1\n|-damage|p2a: Noivern|0 fnt\n|faint|p2a: Noivern\n|cant|p2b: Politoed|flinch\n|\n|-weather|RainDance|[upkeep]\n|upkeep\n|turn|6\n|\n|t:|1788429445\n|move|p1a: Incineroar|Helping Hand|p1b: Basculegion\n|-singleturn|p1b: Basculegion|Helping Hand|[of] p1a: Incineroar\n|move|p2b: Politoed|Weather Ball|p1a: Incineroar\n|-supereffective|p1a: Incineroar|1\n|-damage|p1a: Incineroar|27/100\n|-enditem|p1a: Incineroar|Sitrus Berry|[eat]\n|-heal|p1a: Incineroar|52/100|[from] item: Sitrus Berry\n|move|p1b: Basculegion|Last Respects|p2b: Politoed\n|-damage|p2b: Politoed|0 fnt\n|faint|p2b: Politoed\n|\n|win|void2008\n|raw|void2008's rating: 1075 &rarr; <strong>1101</strong><br />(+26 for winning)\n|raw|Strawbbs's rating: 1038 &rarr; <strong>1024</strong><br />(-14 for losing)\n|l|☆Strawbbs\n|player|p2|\n","uploadtime":1788429458,"views":"0","formatid":"gen9championsvgc2026regmb","rating":1024,"private":0,"password":null}