{"id":"gen9championsvgc2026regmbbo3-2674016357","format":"[Gen 9 Champions] VGC 2026 Reg M-B (Bo3)","players":["aadrisntgggg","shiram57"],"log":"|j|☆aadrisntgggg\n|j|☆shiram57\n|html|<table width=\"100%\"><tr><td align=\"left\">aadrisntgggg</td><td align=\"right\">shiram57</tr><tr><td align=\"left\"><i class=\"fa fa-circle\"></i> <i class=\"fa fa-circle-o\"></i> </td><td align=\"right\"><i class=\"fa fa-circle-o\"></i> <i class=\"fa fa-circle-o\"></i> </tr></table>\n|uhtml|bestof|<h2><strong>Game 2</strong> of <a href=\"/game-bestof3-gen9championsvgc2026regmbbo3-2674013791\">a best-of-3</a></h2>\n|t:|1788288558\n|gametype|doubles\n|player|p1|aadrisntgggg|iris|1159\n|player|p2|shiram57|2|1045\n|gen|9\n|tier|[Gen 9 Champions] VGC 2026 Reg M-B (Bo3)\n|rated|\n|rule|Species Clause: Limit one of each Pokémon\n|rule|Item Clause: Limit 1 of each item\n|clearpoke\n|poke|p1|Floette-Eternal, L50, F|\n|poke|p1|Dragonite, L50, M|\n|poke|p1|Kingambit, L50, F|\n|poke|p1|Basculegion, L50, M|\n|poke|p1|Sneasler, L50, M|\n|poke|p1|Garchomp, L50, F|\n|poke|p2|Staraptor, L50, F|\n|poke|p2|Floette-Eternal, L50, F|\n|poke|p2|Whimsicott, L50, F|\n|poke|p2|Basculegion, L50, M|\n|poke|p2|Kingambit, L50, M|\n|poke|p2|Sneasler, L50, F|\n|teampreview|4\n|showteam|p1|Floette-Eternal||Floettite|FlowerVeil|LightofRuin,DazzlingGleam,CalmMind,Protect|Timid||F|||50|]Dragonite||Dragoninite|Multiscale|DragonPulse,HeatWave,Thunderbolt,Protect|Modest||M|||50|]Kingambit||ChopleBerry|Defiant|SuckerPunch,KowtowCleave,LowKick,IronHead|Adamant||F|||50|]Basculegion||LifeOrb|Adaptability|AquaJet,WaveCrash,LastRespects,Protect|Adamant||M|||50|]Sneasler||FocusSash|PoisonTouch|FakeOut,PoisonJab,CloseCombat,Feint|Jolly||M|||50|]Garchomp||ChoiceScarf|RoughSkin|RockSlide,Earthquake,DragonClaw,StompingTantrum|Jolly||F|||50|\n|showteam|p2|Staraptor||Staraptite|Intimidate|Roost,CloseCombat,Protect,BraveBird|Jolly||F|||50|]Floette-Eternal||Floettite|FlowerVeil|Moonblast,Protect,DazzlingGleam,CalmMind|Timid||F|||50|]Whimsicott||FairyFeather|Prankster|Tailwind,Moonblast,Protect,Charm|Timid||F|||50|]Basculegion||LifeOrb|Adaptability|LastRespects,Protect,AquaJet,WaveCrash|Jolly||M|||50|]Kingambit||RoseliBerry|Defiant|SuckerPunch,IronHead,Protect,KowtowCleave|Adamant||M|||50|]Sneasler||FocusSash|PoisonTouch|PoisonJab,FakeOut,CloseCombat,Protect|Jolly||F|||50|\n|inactive|Battle timer is ON: inactive players will automatically lose when time's up. (requested by aadrisntgggg)\n|\n|t:|1788288587\n|teamsize|p1|4\n|teamsize|p2|4\n|start\n|switch|p1a: Dragonite|Dragonite, L50, M|100/100\n|switch|p1b: Sneasler|Sneasler, L50, M|100/100\n|switch|p2a: Floette|Floette-Eternal, L50, F|100/100\n|switch|p2b: Basculegion|Basculegion, L50, M|100/100\n|turn|1\n|\n|t:|1788288605\n|detailschange|p2a: Floette|Floette-Mega, L50, F\n|-mega|p2a: Floette|Floette|Floettite\n|-ability|p2a: Floette|Fairy Aura\n|detailschange|p1a: Dragonite|Dragonite-Mega, L50, M\n|-mega|p1a: Dragonite|Dragonite|Dragoninite\n|move|p2a: Floette|Protect|p2a: Floette\n|-singleturn|p2a: Floette|Protect\n|move|p2b: Basculegion|Aqua Jet|p1b: Sneasler\n|-damage|p1b: Sneasler|39/100\n|-damage|p2b: Basculegion|90/100|[from] item: Life Orb\n|move|p1b: Sneasler|Poison Jab|p2a: Floette\n|-activate|p2a: Floette|move: Protect\n|move|p1a: Dragonite|Thunderbolt|p2b: Basculegion\n|-supereffective|p2b: Basculegion|1\n|-damage|p2b: Basculegion|0 fnt\n|faint|p2b: Basculegion\n|\n|upkeep\n|\n|t:|1788288612\n|switch|p2b: Whimsicott|Whimsicott, L50, F|100/100\n|turn|2\n|inactive|aadrisntgggg has 30 seconds left.\n|\n|t:|1788288644\n|switch|p1b: Kingambit|Kingambit, L50, F|100/100\n|move|p2b: Whimsicott|Moonblast|p1b: Kingambit\n|-damage|p1b: Kingambit|43/100\n|move|p2a: Floette|Dazzling Gleam|p1a: Dragonite|[spread] p1a,p1b\n|-supereffective|p1a: Dragonite|1\n|-damage|p1a: Dragonite|72/100\n|-damage|p1b: Kingambit|0 fnt\n|faint|p1b: Kingambit\n|move|p1a: Dragonite|Heat Wave|p2a: Floette|[spread] p2a,p2b\n|-supereffective|p2b: Whimsicott|1\n|-damage|p2a: Floette|76/100\n|-damage|p2b: Whimsicott|11/100\n|\n|upkeep\n|\n|t:|1788288658\n|switch|p1b: Sneasler|Sneasler, L50, M|39/100\n|turn|3\n|inactive|aadrisntgggg has 30 seconds left.\n|\n|t:|1788288689\n|switch|p2b: Sneasler|Sneasler, L50, F|100/100\n|move|p2a: Floette|Protect|p2a: Floette\n|-singleturn|p2a: Floette|Protect\n|move|p1a: Dragonite|Protect|p1a: Dragonite\n|-singleturn|p1a: Dragonite|Protect\n|move|p1b: Sneasler|Fake Out|p2b: Sneasler\n|-crit|p2b: Sneasler\n|-damage|p2b: Sneasler|61/100\n|\n|upkeep\n|turn|4\n|inactive|shiram57 has 30 seconds left.\n|\n|t:|1788288723\n|switch|p1b: Garchomp|Garchomp, L50, F|100/100\n|move|p2b: Sneasler|Fake Out|p1b: Garchomp\n|-damage|p1b: Garchomp|84/100\n|-damage|p2b: Sneasler|49/100|[from] ability: Rough Skin|[of] p1b: Garchomp\n|move|p2a: Floette|Dazzling Gleam|p1b: Garchomp|[spread] p1a,p1b\n|-supereffective|p1a: Dragonite|1\n|-supereffective|p1b: Garchomp|1\n|-damage|p1a: Dragonite|7/100\n|-damage|p1b: Garchomp|0 fnt\n|faint|p1b: Garchomp\n|move|p1a: Dragonite|Heat Wave|p2b: Sneasler|[spread] p2a,p2b\n|-damage|p2a: Floette|54/100\n|-damage|p2b: Sneasler|10/100\n|\n|upkeep\n|\n|t:|1788288737\n|switch|p1b: Sneasler|Sneasler, L50, M|39/100\n|turn|5\n|\n|t:|1788288758\n|move|p2a: Floette|Protect|p2a: Floette\n|-singleturn|p2a: Floette|Protect\n|move|p2b: Sneasler|Poison Jab|p1a: Dragonite\n|-damage|p1a: Dragonite|0 fnt\n|faint|p1a: Dragonite\n|move|p1b: Sneasler|Poison Jab|p2a: Floette\n|-activate|p2a: Floette|move: Protect\n|\n|upkeep\n|turn|6\n|\n|t:|1788288781\n|move|p1b: Sneasler|Poison Jab|p2a: Floette\n|-supereffective|p2a: Floette|1\n|-damage|p2a: Floette|0 fnt\n|faint|p2a: Floette\n|move|p2b: Sneasler|Close Combat|p1b: Sneasler\n|-resisted|p1b: Sneasler|1\n|-damage|p1b: Sneasler|0 fnt\n|-unboost|p2b: Sneasler|def|1\n|-unboost|p2b: Sneasler|spd|1\n|faint|p1b: Sneasler\n|\n|win|shiram57\n","uploadtime":1788288786,"views":"7","formatid":"gen9championsvgc2026regmbbo3","rating":null,"private":0,"password":null}