{"id":"gen9championsvgc2026regmb-2674902923","format":"[Gen 9 Champions] VGC 2026 Reg M-B","players":["segserino","Thornlace48812"],"log":"|j|☆segserino\n|j|☆Thornlace48812\n|t:|1788432837\n|gametype|doubles\n|player|p1|segserino|1|1303\n|player|p2|Thornlace48812|102|1299\n|gen|9\n|tier|[Gen 9 Champions] VGC 2026 Reg M-B\n|rated|\n|rule|Species Clause: Limit one of each Pokémon\n|rule|Item Clause: Limit 1 of each item\n|clearpoke\n|poke|p1|Sableye, L50, F|\n|poke|p1|Annihilape, L50, F|\n|poke|p1|Basculegion, L50, M|\n|poke|p1|Gholdengo, L50|\n|poke|p1|Sinistcha, L50|\n|poke|p1|Gengar, L50, F|\n|poke|p2|Garchomp, L50, M|\n|poke|p2|Charizard, L50, F|\n|poke|p2|Whimsicott, L50, F|\n|poke|p2|Sylveon, L50, M|\n|poke|p2|Kingambit, L50, M|\n|poke|p2|Basculegion, L50, M|\n|teampreview|4\n|inactive|Battle timer is ON: inactive players will automatically lose when time's up. (requested by Thornlace48812)\nThornlace48812 rejected open team sheets.\n|inactive|segserino has 60 seconds left.\n|\n|t:|1788432874\n|teamsize|p1|4\n|teamsize|p2|4\n|start\n|switch|p1a: Sableye|Sableye, L50, F|100/100\n|switch|p1b: Annihilape|Annihilape, L50, F|100/100\n|switch|p2a: Charizard|Charizard, L50, F|100/100\n|switch|p2b: Garchomp|Garchomp, L50, M|100/100\n|turn|1\n|\n|t:|1788432882\n|detailschange|p2a: Charizard|Charizard-Mega-Y, L50, F\n|-mega|p2a: Charizard|Charizard|Charizardite Y\n|-weather|SunnyDay|[from] ability: Drought|[of] p2a: Charizard\n|move|p1a: Sableye|Rain Dance|p1a: Sableye\n|-weather|RainDance\n|move|p2b: Garchomp|Earthquake|p1a: Sableye|[spread] p1a,p1b\n|-immune|p2a: Charizard\n|-damage|p1a: Sableye|47/100\n|-damage|p1b: Annihilape|47/100\n|-enditem|p1a: Sableye|Sitrus Berry|[eat]\n|-heal|p1a: Sableye|72/100|[from] item: Sitrus Berry\n|-damage|p2b: Garchomp|90/100|[from] item: Life Orb\n|move|p2a: Charizard|Heat Wave|p1b: Annihilape|[spread] p1a,p1b\n|-damage|p1a: Sableye|36/100\n|-damage|p1b: Annihilape|28/100\n|move|p1b: Annihilape|Drain Punch|p2b: Garchomp\n|-damage|p2b: Garchomp|50/100g\n|-heal|p1b: Annihilape|45/100|[from] drain|[of] p2b: Garchomp\n|-damage|p1b: Annihilape|32/100|[from] ability: Rough Skin|[of] p2b: Garchomp\n|\n|-weather|RainDance|[upkeep]\n|upkeep\n|turn|2\n|\n|t:|1788432906\n|switch|p2a: Whimsicott|Whimsicott, L50, F|100/100\n|move|p1a: Sableye|Disable|p2b: Garchomp\n|-start|p2b: Garchomp|Disable|Earthquake\n|cant|p2b: Garchomp|Disable|Earthquake\n|move|p1b: Annihilape|Rest|p1b: Annihilape\n|-status|p1b: Annihilape|slp|[from] move: Rest\n|-enditem|p1b: Annihilape|Lum Berry|[eat]\n|-curestatus|p1b: Annihilape|slp|[msg]\n|-heal|p1b: Annihilape|100/100|[silent]\n|\n|-weather|RainDance|[upkeep]\n|upkeep\n|turn|3\n|\n|t:|1788432924\n|switch|p1b: Gengar|Gengar, L50, F|100/100\n|move|p1a: Sableye|Encore|p2b: Garchomp\n|-start|p2b: Garchomp|Encore\n|move|p2a: Whimsicott|Moonblast|p1b: Gengar\n|-resisted|p1b: Gengar|1\n|-damage|p1b: Gengar|69/100\n|cant|p2b: Garchomp|Disable|Earthquake\n|\n|-weather|RainDance|[upkeep]\n|upkeep\n|turn|4\n|\n|t:|1788432939\n|switch|p2b: Basculegion|Basculegion, L50, M|100/100\n|detailschange|p1b: Gengar|Gengar-Mega, L50, F\n|-mega|p1b: Gengar|Gengar|Gengarite\n|move|p2a: Whimsicott|Tailwind|p2a: Whimsicott\n|-sidestart|p2: Thornlace48812|move: Tailwind\n|move|p1a: Sableye|Disable|p2a: Whimsicott\n|-start|p2a: Whimsicott|Disable|Tailwind\n|move|p1b: Gengar|Shadow Ball|p2a: Whimsicott\n|-damage|p2a: Whimsicott|18/100\n|-unboost|p2a: Whimsicott|spd|1\n|\n|-weather|RainDance|[upkeep]\n|upkeep\n|turn|5\n|\n|t:|1788432957\n|move|p1b: Gengar|Protect|p1b: Gengar\n|-singleturn|p1b: Gengar|Protect\n|move|p1a: Sableye|Encore|p2a: Whimsicott\n|-start|p2a: Whimsicott|Encore\n|cant|p2a: Whimsicott|Disable|Tailwind\n|move|p2b: Basculegion|Last Respects|p1b: Gengar\n|-activate|p1b: Gengar|move: Protect\n|\n|-weather|none\n|upkeep\n|turn|6\n|\n|t:|1788432965\n|switch|p1b: Annihilape|Annihilape, L50, F|100/100\n|move|p1a: Sableye|Disable|p2b: Basculegion\n|-start|p2b: Basculegion|Disable|Last Respects\n|-activate|p2a: Whimsicott|move: Struggle\n|move|p2a: Whimsicott|Struggle|p1b: Annihilape\n|-damage|p1b: Annihilape|92/100\n|-damage|p2a: Whimsicott|0 fnt|[from] recoil\n|faint|p2a: Whimsicott\n|cant|p2b: Basculegion|Disable|Last Respects\n|\n|upkeep\n|\n|t:|1788432965\n|switch|p2a: Garchomp|Garchomp, L50, M|50/100g\n|turn|7\n|inactive|segserino has 30 seconds left.\n|\n|t:|1788432997\n|move|p1a: Sableye|Encore|p2b: Basculegion\n|-start|p2b: Basculegion|Encore\n|move|p2a: Garchomp|Rock Slide|p1a: Sableye|[spread] p1a,p1b\n|-resisted|p1b: Annihilape|1\n|-damage|p1a: Sableye|9/100\n|-damage|p1b: Annihilape|80/100\n|-damage|p2a: Garchomp|41/100|[from] item: Life Orb\n|cant|p2b: Basculegion|Disable|Last Respects\n|move|p1b: Annihilape|Rage Fist|p2a: Garchomp\n|-damage|p2a: Garchomp|0 fnt\n|-damage|p1b: Annihilape|67/100|[from] ability: Rough Skin|[of] p2a: Garchomp\n|faint|p2a: Garchomp\n|\n|-sideend|p2: Thornlace48812|move: Tailwind\n|upkeep\n|\n|t:|1788432997\n|switch|p2a: Charizard|Charizard-Mega-Y, L50, F|100/100\n|-weather|SunnyDay|[from] ability: Drought|[of] p2a: Charizard\n|turn|8\n|\n|t:|1788433017\n|move|p1a: Sableye|Rain Dance|p1a: Sableye\n|-weather|RainDance\n|move|p2a: Charizard|Heat Wave|p1b: Annihilape|[spread] p1a\n|-miss|p2a: Charizard|p1b: Annihilape\n|-damage|p1a: Sableye|0 fnt\n|faint|p1a: Sableye\n|-activate|p2b: Basculegion|move: Struggle\n|move|p2b: Basculegion|Struggle|p1b: Annihilape\n|-damage|p1b: Annihilape|52/100\n|-damage|p2b: Basculegion|75/100|[from] recoil\n|move|p1b: Annihilape|Rage Fist|p2b: Basculegion\n|-supereffective|p2b: Basculegion|1\n|-damage|p2b: Basculegion|0 fnt\n|faint|p2b: Basculegion\n|\n|-weather|RainDance|[upkeep]\n|upkeep\n|\n|t:|1788433024\n|switch|p1a: Basculegion|Basculegion, L50, M|100/100\n|turn|9\n|\n|t:|1788433026\n|move|p1a: Basculegion|Wave Crash|p2a: Charizard\n|-supereffective|p2a: Charizard|1\n|-damage|p2a: Charizard|0 fnt\n|faint|p2a: Charizard\n|-damage|p1a: Basculegion|73/100|[from] Recoil\n|-damage|p1a: Basculegion|63/100|[from] item: Life Orb\n|\n|win|segserino\n|raw|segserino's rating: 1303 &rarr; <strong>1324</strong><br />(+21 for winning)\n|raw|Thornlace48812's rating: 1326 &rarr; <strong>1305</strong><br />(-21 for losing)\n","uploadtime":1788433026,"views":"0","formatid":"gen9championsvgc2026regmb","rating":1305,"private":0,"password":null}