{"id":"gen9championsvgc2026regmb-2674303991","format":"[Gen 9 Champions] VGC 2026 Reg M-B","players":["FlameGoddess","Absolut_Troglodyte"],"log":"|j|☆FlameGoddess\n|j|☆Absolut_Troglodyte\n|t:|1788336308\n|gametype|doubles\n|player|p1|FlameGoddess|169|1039\n|player|p2|Absolut_Troglodyte|scientist-gen4dp|1077\n|gen|9\n|tier|[Gen 9 Champions] VGC 2026 Reg M-B\n|rated|\n|rule|Species Clause: Limit one of each Pokémon\n|rule|Item Clause: Limit 1 of each item\n|clearpoke\n|poke|p1|Froslass, L50, F, shiny|\n|poke|p1|Scovillain, L50, M, shiny|\n|poke|p1|Sneasler, L50, M, shiny|\n|poke|p1|Basculegion, L50, M, shiny|\n|poke|p1|Kingambit, L50, M, shiny|\n|poke|p1|Lycanroc-Dusk, L50, M, shiny|\n|poke|p2|Victreebel, L50, F|\n|poke|p2|Corviknight, L50, M|\n|poke|p2|Tauros-Paldea-Aqua, L50, M|\n|poke|p2|Aerodactyl, L50, F|\n|poke|p2|Rotom-Heat, L50|\n|poke|p2|Hydreigon, L50, F|\n|teampreview|4\n|j| TheBergentruck1\n|l| TheBergentruck1\nFlameGoddess has agreed to open team sheets.\n|inactive|Battle timer is ON: inactive players will automatically lose when time's up. (requested by FlameGoddess)\n|\n|t:|1788336349\n|teamsize|p1|4\n|teamsize|p2|4\n|start\n|switch|p1a: monet|Froslass, L50, F, shiny|100/100\n|switch|p1b: Inuarashi|Lycanroc-Dusk, L50, M, shiny|100/100\n|switch|p2a: Hydreigon|Hydreigon, L50, F|100/100\n|switch|p2b: Corviknight|Corviknight, L50, M|100/100\n|turn|1\n|\n|t:|1788336371\n|detailschange|p1a: monet|Froslass-Mega, L50, F, shiny\n|-mega|p1a: monet|Froslass|Froslassite\n|-weather|Snowscape|[from] ability: Snow Warning|[of] p1a: monet\n|move|p2a: Hydreigon|Snarl|p1b: Inuarashi|[spread] p1a,p1b\n|-supereffective|p1a: monet|1\n|-damage|p1a: monet|51/100\n|-damage|p1b: Inuarashi|64/100\n|-unboost|p1a: monet|spa|1\n|-unboost|p1b: Inuarashi|spa|1\n|move|p1b: Inuarashi|Close Combat|p2b: Corviknight\n|-crit|p2b: Corviknight\n|-damage|p2b: Corviknight|31/100\n|-unboost|p1b: Inuarashi|def|1\n|-unboost|p1b: Inuarashi|spd|1\n|move|p1a: monet|Blizzard|p2b: Corviknight|[spread] p2a,p2b\n|-supereffective|p2a: Hydreigon|1\n|-damage|p2a: Hydreigon|40/100\n|-damage|p2b: Corviknight|4/100\n|move|p2b: Corviknight|Tailwind|p2b: Corviknight\n|-sidestart|p2: Absolut_Troglodyte|move: Tailwind\n|\n|-weather|Snowscape|[upkeep]\n|-heal|p2b: Corviknight|10/100|[from] item: Leftovers\n|upkeep\n|turn|2\n|\n|t:|1788336394\n|move|p1a: monet|Protect|p1a: monet\n|-singleturn|p1a: monet|Protect\n|move|p1b: Inuarashi|Accelerock|p2b: Corviknight\n|-damage|p2b: Corviknight|0 fnt\n|faint|p2b: Corviknight\n|move|p2a: Hydreigon|Snarl|p1b: Inuarashi|[spread] p1b\n|-activate|p1a: monet|move: Protect\n|-damage|p1b: Inuarashi|5/100\n|-unboost|p1b: Inuarashi|spa|1\n|\n|-weather|Snowscape|[upkeep]\n|upkeep\n|\n|t:|1788336407\n|switch|p2b: Tauros|Tauros-Paldea-Aqua, L50, M|100/100\n|-ability|p2b: Tauros|Intimidate|boost\n|-unboost|p1a: monet|atk|1\n|-unboost|p1b: Inuarashi|atk|1\n|turn|3\n|\n|t:|1788336423\n|switch|p1a: shiryu|Basculegion, L50, M, shiny|100/100\n|move|p2b: Tauros|Aqua Jet|p1a: shiryu\n|-resisted|p1a: shiryu|1\n|-damage|p1a: shiryu|86/100\n|move|p1b: Inuarashi|Accelerock|p2a: Hydreigon\n|-damage|p2a: Hydreigon|20/100y\n|move|p2a: Hydreigon|Snarl|p1a: shiryu|[spread] p1a,p1b\n|-supereffective|p1a: shiryu|1\n|-damage|p1a: shiryu|33/100\n|-damage|p1b: Inuarashi|0 fnt\n|-unboost|p1a: shiryu|spa|1\n|faint|p1b: Inuarashi\n|\n|-weather|Snowscape|[upkeep]\n|upkeep\n|\n|t:|1788336438\n|switch|p1b: pedro|Sneasler, L50, M, shiny|100/100\n|turn|4\n|\n|t:|1788336456\n|switch|p2a: Victreebel|Victreebel, L50, F|100/100\n|move|p1b: pedro|Fake Out|p2b: Tauros\n|-damage|p2b: Tauros|85/100\n|move|p1a: shiryu|Aqua Jet|p2a: Victreebel\n|-resisted|p2a: Victreebel|1\n|-damage|p2a: Victreebel|77/100\n|-damage|p1a: shiryu|23/100|[from] item: Life Orb\n|cant|p2b: Tauros|flinch\n|\n|-weather|Snowscape|[upkeep]\n|-sideend|p2: Absolut_Troglodyte|move: Tailwind\n|upkeep\n|turn|5\n|\n|t:|1788336478\n|detailschange|p2a: Victreebel|Victreebel-Mega, L50, F\n|-mega|p2a: Victreebel|Victreebel|Victreebelite\n|move|p1b: pedro|Close Combat|p2a: Victreebel\n|-resisted|p2a: Victreebel|1\n|-damage|p2a: Victreebel|39/100\n|-unboost|p1b: pedro|def|1\n|-unboost|p1b: pedro|spd|1\n|-enditem|p1b: pedro|White Herb\n|-clearnegativeboost|p1b: pedro|[silent]\n|move|p1a: shiryu|Last Respects|p2b: Tauros\n|-damage|p2b: Tauros|5/100\n|-damage|p1a: shiryu|14/100|[from] item: Life Orb\n|move|p2b: Tauros|Wave Crash|p1a: shiryu\n|-resisted|p1a: shiryu|1\n|-damage|p1a: shiryu|0 fnt\n|faint|p1a: shiryu\n|-damage|p2b: Tauros|0 fnt|[from] Recoil\n|faint|p2b: Tauros\n|move|p2a: Victreebel|Strength Sap|p1b: pedro\n|-unboost|p1b: pedro|atk|1\n|-heal|p2a: Victreebel|100/100\n|\n|-weather|none\n|upkeep\n|\n|t:|1788336499\n|switch|p1a: monet|Froslass-Mega, L50, F, shiny|51/100\n|switch|p2b: Hydreigon|Hydreigon, L50, F|20/100y\n|-weather|Snowscape|[from] ability: Snow Warning|[of] p1a: monet\n|turn|6\n|\n|t:|1788336515\n|move|p1b: pedro|Close Combat|p2b: Hydreigon\n|-supereffective|p2b: Hydreigon|1\n|-damage|p2b: Hydreigon|0 fnt\n|-unboost|p1b: pedro|def|1\n|-unboost|p1b: pedro|spd|1\n|faint|p2b: Hydreigon\n|move|p1a: monet|Blizzard|p2a: Victreebel\n|-supereffective|p2a: Victreebel|1\n|-damage|p2a: Victreebel|0 fnt\n|-damage|p1a: monet|0 fnt|[from] ability: Innards Out|[of] p2a: Victreebel\n|faint|p2a: Victreebel\n|faint|p1a: monet\n|\n|win|FlameGoddess\n|raw|FlameGoddess's rating: 1039 &rarr; <strong>1077</strong><br />(+38 for winning)\n|raw|Absolut_Troglodyte's rating: 1077 &rarr; <strong>1053</strong><br />(-24 for losing)\n|l|☆Absolut_Troglodyte\n|player|p2|\n|c|☆FlameGoddess|ggs\n","uploadtime":1788336538,"views":"2","formatid":"gen9championsvgc2026regmb","rating":1053,"private":0,"password":null}