{"id":"gen9championsvgc2026regmb-2674122795","format":"[Gen 9 Champions] VGC 2026 Reg M-B","players":["HondourPoker","iarerico"],"log":"|j|☆HondourPoker\n|j|☆iarerico\n|t:|1788302428\n|gametype|doubles\n|player|p1|HondourPoker|170|\n|player|p2|iarerico|266|\n|gen|9\n|tier|[Gen 9 Champions] VGC 2026 Reg M-B\n|rule|Species Clause: Limit one of each Pokémon\n|rule|Item Clause: Limit 1 of each item\n|clearpoke\n|poke|p1|Sableye, L50, M|\n|poke|p1|Gengar, L50, M|\n|poke|p1|Dragapult, L50, F|\n|poke|p1|Tinkaton, L50, F|\n|poke|p1|Incineroar, L50, M|\n|poke|p1|Primarina, L50, M|\n|poke|p2|Politoed, L50, M, shiny|\n|poke|p2|Archaludon, L50, F, shiny|\n|poke|p2|Mr. Rime, L50, M|\n|poke|p2|Pidgeot, L50, F, shiny|\n|poke|p2|Banette, L50, M|\n|poke|p2|Sneasler, L50, F|\n|teampreview|4\n|\n|t:|1788302461\n|teamsize|p1|4\n|teamsize|p2|4\n|start\n|switch|p1a: Dragapult|Dragapult, L50, F|100/100\n|switch|p1b: Primarina|Primarina, L50, M|100/100\n|switch|p2a: Hoodle|Banette, L50, M|100/100\n|switch|p2b: Splatterina|Sneasler, L50, F|100/100\n|-item|p1a: Dragapult|Focus Sash|[from] ability: Frisk|[of] p2a: Hoodle\n|-item|p1b: Primarina|Leftovers|[from] ability: Frisk|[of] p2a: Hoodle\n|turn|1\n|\n|t:|1788302479\n|switch|p1b: Tinkaton|Tinkaton, L50, F|100/100\n|-ability|p1b: Tinkaton|Mold Breaker\n|detailschange|p2a: Hoodle|Banette-Mega, L50, M\n|-mega|p2a: Hoodle|Banette|Banettite\n|move|p2a: Hoodle|Swagger|p2b: Splatterina\n|-boost|p2b: Splatterina|atk|2\n|-start|p2b: Splatterina|confusion\n|-enditem|p2b: Splatterina|Lum Berry|[eat]\n|-end|p2b: Splatterina|confusion\n|move|p2b: Splatterina|Rock Slide|p1b: Tinkaton|[spread] p1a,p1b\n|-resisted|p1b: Tinkaton|1\n|-damage|p1a: Dragapult|42/100\n|-damage|p1b: Tinkaton|80/100\n|move|p1a: Dragapult|Phantom Force||[still]\n|-prepare|p1a: Dragapult|Phantom Force\n|\n|upkeep\n|turn|2\n|\n|t:|1788302506\n|move|p2b: Splatterina|Protect|p2b: Splatterina\n|-singleturn|p2b: Splatterina|Protect\n|move|p1b: Tinkaton|Fake Out|p2b: Splatterina\n|-activate|p2b: Splatterina|move: Protect\n|move|p2a: Hoodle|Destiny Bond|p2a: Hoodle\n|-singlemove|p2a: Hoodle|Destiny Bond\n|move|p1a: Dragapult|Phantom Force|p2a: Hoodle|[from] lockedmove\n|-supereffective|p2a: Hoodle|1\n|-damage|p2a: Hoodle|1/100\n|\n|upkeep\n|turn|3\n|\n|t:|1788302546\n|switch|p1a: Gengar|Gengar, L50, M|100/100\n|move|p2b: Splatterina|Rock Slide|p1a: Gengar|[spread] p1a,p1b\n|-resisted|p1b: Tinkaton|1\n|-damage|p1a: Gengar|46/100\n|-damage|p1b: Tinkaton|60/100\n|move|p1b: Tinkaton|Gigaton Hammer|p2a: Hoodle\n|-crit|p2a: Hoodle\n|-damage|p2a: Hoodle|0 fnt\n|faint|p2a: Hoodle\n|-activate|p2a: Hoodle|move: Destiny Bond\n|faint|p1b: Tinkaton\n|\n|upkeep\n|\n|t:|1788302564\n|switch|p1b: Primarina|Primarina, L50, M|100/100\n|switch|p2a: Crojiro|Politoed, L50, M, shiny|100/100\n|-weather|RainDance|[from] ability: Drizzle|[of] p2a: Crojiro\n|turn|4\n|\n|t:|1788302615\n|move|p1a: Gengar|Protect|p1a: Gengar\n|-singleturn|p1a: Gengar|Protect\n|move|p2b: Splatterina|Rock Slide|p1b: Primarina|[spread] p1b\n|-activate|p1a: Gengar|move: Protect\n|-damage|p1b: Primarina|66/100\n|move|p2a: Crojiro|Icy Wind|p1b: Primarina|[spread] p1b\n|-activate|p1a: Gengar|move: Protect\n|-resisted|p1b: Primarina|1\n|-damage|p1b: Primarina|63/100\n|-unboost|p1b: Primarina|spe|1\n|cant|p1b: Primarina|flinch\n|\n|-weather|RainDance|[upkeep]\n|-heal|p1b: Primarina|68/100|[from] item: Leftovers\n|upkeep\n|turn|5\n|\n|t:|1788302637\n|move|p2b: Splatterina|Rock Slide|p1a: Gengar|[spread] p1a,p1b\n|-damage|p1a: Gengar|0 fnt\n|-damage|p1b: Primarina|30/100\n|-start|p2b: Splatterina|Disable|Rock Slide|[from] ability: Cursed Body|[of] p1a: Gengar\n|faint|p1a: Gengar\n|move|p2a: Crojiro|Icy Wind|p1b: Primarina\n|-resisted|p1b: Primarina|1\n|-damage|p1b: Primarina|25/100\n|-unboost|p1b: Primarina|spe|1\n|move|p1b: Primarina|Perish Song|p1b: Primarina\n|-start|p1b: Primarina|perish3|[silent]\n|-start|p2a: Crojiro|perish3|[silent]\n|-start|p2b: Splatterina|perish3|[silent]\n|-fieldactivate|move: Perish Song\n|\n|-weather|RainDance|[upkeep]\n|-heal|p1b: Primarina|31/100|[from] item: Leftovers\n|-start|p2b: Splatterina|perish3\n|-start|p2a: Crojiro|perish3\n|-start|p1b: Primarina|perish3\n|upkeep\n|\n|t:|1788302652\n|switch|p1a: Dragapult|Dragapult, L50, F|42/100\n|turn|6\n|\n|t:|1788302659\n|move|p1a: Dragapult|Protect|p1a: Dragapult\n|-singleturn|p1a: Dragapult|Protect\n|move|p1b: Primarina|Protect|p1b: Primarina\n|-singleturn|p1b: Primarina|Protect\n|move|p2b: Splatterina|Throat Chop|p1b: Primarina\n|-activate|p1b: Primarina|move: Protect\n|move|p2a: Crojiro|Perish Song|p2a: Crojiro\n|-start|p1a: Dragapult|perish3|[silent]\n|-fieldactivate|move: Perish Song\n|\n|-weather|RainDance|[upkeep]\n|-heal|p1b: Primarina|37/100|[from] item: Leftovers\n|-start|p2b: Splatterina|perish2\n|-start|p1a: Dragapult|perish3\n|-start|p2a: Crojiro|perish2\n|-start|p1b: Primarina|perish2\n|upkeep\n|turn|7\n|\n|t:|1788302693\n|move|p2b: Splatterina|Throat Chop|p1b: Primarina\n|-resisted|p1b: Primarina|1\n|-damage|p1b: Primarina|13/100\n|-start|p1b: Primarina|Throat Chop|[silent]\n|move|p1a: Dragapult|Phantom Force||[still]\n|-prepare|p1a: Dragapult|Phantom Force\n|move|p2a: Crojiro|Icy Wind|p1b: Primarina|[spread] p1b\n|-miss|p2a: Crojiro|p1a: Dragapult\n|-resisted|p1b: Primarina|1\n|-damage|p1b: Primarina|9/100\n|-unboost|p1b: Primarina|spe|1\n|cant|p1b: Primarina|move: Throat Chop\n|\n|-weather|RainDance|[upkeep]\n|-heal|p1b: Primarina|15/100|[from] item: Leftovers\n|-start|p2b: Splatterina|perish1\n|-start|p1a: Dragapult|perish2\n|-start|p2a: Crojiro|perish1\n|-start|p1b: Primarina|perish1\n|upkeep\n|turn|8\n|\n|t:|1788302714\n|switch|p2b: Palsteel|Archaludon, L50, F, shiny|100/100\n|move|p1b: Primarina|Protect|p1b: Primarina\n|-singleturn|p1b: Primarina|Protect\n|move|p1a: Dragapult|Phantom Force|p2a: Crojiro|[from] lockedmove\n|-damage|p2a: Crojiro|54/100\n|move|p2a: Crojiro|Icy Wind|p1b: Primarina|[spread] p1a\n|-activate|p1b: Primarina|move: Protect\n|-supereffective|p1a: Dragapult|1\n|-damage|p1a: Dragapult|19/100\n|\n|-weather|none\n|-heal|p1b: Primarina|21/100|[from] item: Leftovers\n|-end|p1b: Primarina|Throat Chop|[silent]\n|-start|p1a: Dragapult|perish1\n|-start|p2a: Crojiro|perish0\n|-start|p1b: Primarina|perish0\n|faint|p2a: Crojiro\n|faint|p1b: Primarina\n|upkeep\n|\n|t:|1788302729\n|switch|p2a: Splatterina|Sneasler, L50, F|100/100\n|turn|9\n|\n|t:|1788302754\n|move|p1a: Dragapult|Protect|p1a: Dragapult\n|-singleturn|p1a: Dragapult|Protect\n|move|p2a: Splatterina|Throat Chop|p1a: Dragapult\n|-activate|p1a: Dragapult|move: Protect\n|move|p2b: Palsteel|Snarl|p1a: Dragapult\n|-activate|p1a: Dragapult|move: Protect\n|\n|-start|p1a: Dragapult|perish0\n|faint|p1a: Dragapult\n|\n|win|iarerico\n","uploadtime":1788302759,"views":"0","formatid":"gen9championsvgc2026regmb","rating":null,"private":0,"password":null}