{"id":"gen9championsvgc2026regmb-2674568408","format":"[Gen 9 Champions] VGC 2026 Reg M-B","players":["Buggy00k","JovemPontePreta"],"log":"|j|☆Buggy00k\n|j|☆JovemPontePreta\n|t:|1788374935\n|gametype|doubles\n|player|p1|Buggy00k|101|1197\n|player|p2|JovemPontePreta|266|1173\n|gen|9\n|tier|[Gen 9 Champions] VGC 2026 Reg M-B\n|rated|\n|rule|Species Clause: Limit one of each Pokémon\n|rule|Item Clause: Limit 1 of each item\n|clearpoke\n|poke|p1|Froslass, L50, F|\n|poke|p1|Blaziken, L50, F, shiny|\n|poke|p1|Kingambit, L50, F, shiny|\n|poke|p1|Primarina, L50, M, shiny|\n|poke|p1|Dragonite, L50, F, shiny|\n|poke|p1|Farigiraf, L50, M, shiny|\n|poke|p2|Jolteon, L50, M|\n|poke|p2|Sceptile, L50, F|\n|poke|p2|Whimsicott, L50, M|\n|poke|p2|Corviknight, L50, M|\n|poke|p2|Basculegion, L50, M|\n|poke|p2|Garchomp, L50, F|\n|teampreview|4\n|inactive|Battle timer is ON: inactive players will automatically lose when time's up. (requested by JovemPontePreta)\n|\n|t:|1788374982\n|teamsize|p1|4\n|teamsize|p2|4\n|start\n|switch|p1a: Froslass|Froslass, L50, F|100/100\n|switch|p1b: Blaziken|Blaziken, L50, F, shiny|100/100\n|switch|p2a: Whimsicott|Whimsicott, L50, M|100/100\n|switch|p2b: Corviknight|Corviknight, L50, M|100/100\n|turn|1\n|c|☆Buggy00k|glhf\n|\n|t:|1788374998\n|detailschange|p1a: Froslass|Froslass-Mega, L50, F\n|-mega|p1a: Froslass|Froslass|Froslassite\n|-weather|Snowscape|[from] ability: Snow Warning|[of] p1a: Froslass\n|move|p2a: Whimsicott|Tailwind|p2a: Whimsicott\n|-sidestart|p2: JovemPontePreta|move: Tailwind\n|move|p1a: Froslass|Blizzard|p2b: Corviknight|[spread] p2a,p2b\n|-supereffective|p2a: Whimsicott|1\n|-enditem|p2a: Whimsicott|Focus Sash\n|-damage|p2a: Whimsicott|1/100\n|-damage|p2b: Corviknight|58/100\n|move|p2b: Corviknight|Iron Head|p1a: Froslass\n|-supereffective|p1a: Froslass|1\n|-damage|p1a: Froslass|30/100\n|move|p1b: Blaziken|Flare Blitz|p2b: Corviknight\n|-supereffective|p2b: Corviknight|1\n|-damage|p2b: Corviknight|0 fnt\n|faint|p2b: Corviknight\n|-damage|p1b: Blaziken|76/100|[from] Recoil\n|\n|-weather|Snowscape|[upkeep]\n|-ability|p1b: Blaziken|Speed Boost|boost\n|-boost|p1b: Blaziken|spe|1\n|upkeep\n|\n|t:|1788375018\n|switch|p2b: Sceptile|Sceptile, L50, F|100/100\n|turn|2\n|\n|t:|1788375030\n|switch|p1a: Kingambit|Kingambit, L50, F, shiny|100/100\n|detailschange|p2b: Sceptile|Sceptile-Mega, L50, F\n|-mega|p2b: Sceptile|Sceptile|Sceptilite\n|move|p2b: Sceptile|Earth Power|p1b: Blaziken\n|-supereffective|p1b: Blaziken|1\n|-damage|p1b: Blaziken|0 fnt\n|faint|p1b: Blaziken\n|move|p2a: Whimsicott|Moonblast|p1a: Kingambit\n|-damage|p1a: Kingambit|71/100\n|\n|-weather|Snowscape|[upkeep]\n|upkeep\n|\n|t:|1788375044\n|switch|p1b: Dragonite|Dragonite, L50, F, shiny|100/100\n|turn|3\n|\n|t:|1788375057\n|move|p1b: Dragonite|Extreme Speed|p2a: Whimsicott\n|-damage|p2a: Whimsicott|0 fnt\n|faint|p2a: Whimsicott\n|-damage|p1b: Dragonite|90/100|[from] item: Life Orb\n|move|p2b: Sceptile|Dragon Pulse|p1b: Dragonite\n|-supereffective|p1b: Dragonite|1\n|-damage|p1b: Dragonite|0 fnt\n|faint|p1b: Dragonite\n|move|p1a: Kingambit|Kowtow Cleave|p2b: Sceptile\n|-damage|p2b: Sceptile|34/100\n|\n|-weather|Snowscape|[upkeep]\n|upkeep\n|\n|t:|1788375068\n|switch|p2a: Jolteon|Jolteon, L50, M|100/100\n|switch|p1b: Froslass|Froslass-Mega, L50, F|30/100\n|turn|4\n|\n|t:|1788375090\n|move|p1b: Froslass|Protect|p1b: Froslass\n|-singleturn|p1b: Froslass|Protect\n|move|p1a: Kingambit|Sucker Punch|p2b: Sceptile\n|-damage|p2b: Sceptile|0 fnt\n|faint|p2b: Sceptile\n|move|p2a: Jolteon|Discharge|p1b: Froslass|[spread] p1a\n|-activate|p1b: Froslass|move: Protect\n|-damage|p1a: Kingambit|38/100\n|-status|p1a: Kingambit|par\n|-damage|p2a: Jolteon|90/100|[from] item: Life Orb\n|\n|-weather|Snowscape|[upkeep]\n|-sideend|p2: JovemPontePreta|move: Tailwind\n|upkeep\n|turn|5\n|\n|t:|1788375110\n|move|p2a: Jolteon|Protect|p2a: Jolteon\n|-singleturn|p2a: Jolteon|Protect\n|move|p1b: Froslass|Blizzard|p2a: Jolteon\n|-activate|p2a: Jolteon|move: Protect\n|move|p1a: Kingambit|Kowtow Cleave|p2a: Jolteon\n|-activate|p2a: Jolteon|move: Protect\n|\n|-weather|none\n|upkeep\n|turn|6\n|\n|t:|1788375117\n|move|p2a: Jolteon|Discharge|p1a: Kingambit|[spread] p1a,p1b\n|-damage|p1a: Kingambit|6/100 par\n|-damage|p1b: Froslass|0 fnt\n|faint|p1b: Froslass\n|-damage|p2a: Jolteon|80/100|[from] item: Life Orb\n|move|p1a: Kingambit|Kowtow Cleave|p2a: Jolteon\n|-damage|p2a: Jolteon|0 fnt\n|faint|p2a: Jolteon\n|\n|win|Buggy00k\n|raw|Buggy00k's rating: 1197 &rarr; <strong>1220</strong><br />(+23 for winning)\n|raw|JovemPontePreta's rating: 1173 &rarr; <strong>1150</strong><br />(-23 for losing)\n|l|☆JovemPontePreta\n|player|p2|\n|c|☆Buggy00k|gg\n","uploadtime":1788375128,"views":"1","formatid":"gen9championsvgc2026regmb","rating":1150,"private":0,"password":null}