{"id":"gen9championsvgc2026regmb-2674100291","format":"[Gen 9 Champions] VGC 2026 Reg M-B","players":["tdanks","MilkTeaWayGalaxy"],"log":"|j|☆tdanks\n|j|☆MilkTeaWayGalaxy\n|t:|1788299155\n|gametype|doubles\n|player|p1|tdanks|bruno|1531\n|player|p2|MilkTeaWayGalaxy|rosa-pokestar3|1706\n|gen|9\n|tier|[Gen 9 Champions] VGC 2026 Reg M-B\n|rated|\n|rule|Species Clause: Limit one of each Pokémon\n|rule|Item Clause: Limit 1 of each item\n|clearpoke\n|poke|p1|Mimikyu, L50, M|\n|poke|p1|Raichu, L50, F|\n|poke|p1|Sinistcha, L50|\n|poke|p1|Milotic, L50, M|\n|poke|p1|Incineroar, L50, F|\n|poke|p1|Ninetales-Alola, L50, M|\n|poke|p2|Sableye, L50, M|\n|poke|p2|Archaludon, L50, M|\n|poke|p2|Pelipper, L50, F|\n|poke|p2|Maushold, L50|\n|poke|p2|Swampert, L50, F|\n|poke|p2|Sinistcha, L50|\n|teampreview|4\n|inactive|Battle timer is ON: inactive players will automatically lose when time's up. (requested by MilkTeaWayGalaxy)\n|\n|t:|1788299220\n|teamsize|p1|4\n|teamsize|p2|4\n|start\n|switch|p1a: Raichu|Raichu, L50, F|100/100\n|switch|p1b: Sinistcha|Sinistcha, L50|100/100\n|switch|p2a: Sableye|Sableye, L50, M|100/100\n|switch|p2b: Maushold|Maushold, L50|100/100\n|turn|1\n|\n|t:|1788299238\n|switch|p1b: Mimikyu|Mimikyu, L50, M|100/100\n|detailschange|p1a: Raichu|Raichu-Mega-Y, L50, F\n|-mega|p1a: Raichu|Raichu|Raichunite Y\n|move|p2b: Maushold|Protect|p2b: Maushold\n|-singleturn|p2b: Maushold|Protect\n|move|p2a: Sableye|Light Screen|p2a: Sableye\n|-sidestart|p2: MilkTeaWayGalaxy|move: Light Screen\n|move|p1a: Raichu|Focus Blast|p2b: Maushold\n|-activate|p2b: Maushold|move: Protect\n|\n|upkeep\n|turn|2\n|\n|t:|1788299250\n|move|p2a: Sableye|Quash|p1a: Raichu\n|-activate|p1a: Raichu|move: Quash\n|move|p2b: Maushold|Population Bomb|p1a: Raichu\n|-damage|p1a: Raichu|77/100\n|-damage|p1a: Raichu|54/100\n|-damage|p1a: Raichu|31/100\n|-damage|p1a: Raichu|8/100\n|-damage|p1a: Raichu|0 fnt\n|faint|p1a: Raichu\n|-hitcount|p1: Raichu|5\n|move|p1b: Mimikyu|Swords Dance|p1b: Mimikyu\n|-boost|p1b: Mimikyu|atk|2\n|\n|upkeep\n|\n|t:|1788299270\n|switch|p1a: Ninetales|Ninetales-Alola, L50, M|100/100\n|-weather|Snowscape|[from] ability: Snow Warning|[of] p1a: Ninetales\n|turn|3\n|\n|t:|1788299283\n|switch|p1a: Sinistcha|Sinistcha, L50|100/100\n|switch|p2a: Archaludon|Archaludon, L50, M|100/100\n|move|p2b: Maushold|Population Bomb|p2a: Archaludon\n|-resisted|p2a: Archaludon|1\n|-damage|p2a: Archaludon|96/100\n|-ability|p2a: Archaludon|Stamina|boost\n|-boost|p2a: Archaludon|def|1\n|-resisted|p2a: Archaludon|1\n|-damage|p2a: Archaludon|93/100\n|-ability|p2a: Archaludon|Stamina|boost\n|-boost|p2a: Archaludon|def|1\n|-resisted|p2a: Archaludon|1\n|-damage|p2a: Archaludon|92/100\n|-ability|p2a: Archaludon|Stamina|boost\n|-boost|p2a: Archaludon|def|1\n|-resisted|p2a: Archaludon|1\n|-crit|p2a: Archaludon\n|-damage|p2a: Archaludon|87/100\n|-ability|p2a: Archaludon|Stamina|boost\n|-boost|p2a: Archaludon|def|1\n|-resisted|p2a: Archaludon|1\n|-damage|p2a: Archaludon|85/100\n|-ability|p2a: Archaludon|Stamina|boost\n|-boost|p2a: Archaludon|def|1\n|-resisted|p2a: Archaludon|1\n|-damage|p2a: Archaludon|84/100\n|-ability|p2a: Archaludon|Stamina|boost\n|-boost|p2a: Archaludon|def|1\n|-resisted|p2a: Archaludon|1\n|-damage|p2a: Archaludon|83/100\n|-resisted|p2a: Archaludon|1\n|-damage|p2a: Archaludon|82/100\n|-resisted|p2a: Archaludon|1\n|-damage|p2a: Archaludon|81/100\n|-resisted|p2a: Archaludon|1\n|-damage|p2a: Archaludon|80/100\n|-hitcount|p2a: Archaludon|10\n|move|p1b: Mimikyu|Play Rough|p2a: Archaludon\n|-damage|p2a: Archaludon|67/100\n|\n|-weather|Snowscape|[upkeep]\n|-heal|p2a: Archaludon|73/100|[from] item: Leftovers\n|upkeep\n|turn|4\n|inactive|tdanks has 30 seconds left.\n|inactive|tdanks has 20 seconds left.\n|inactive|tdanks has 15 seconds left.\n|inactive|tdanks has 10 seconds left.\n|\n|t:|1788299332\n|switch|p1a: Ninetales|Ninetales-Alola, L50, M|100/100\n|move|p2b: Maushold|Taunt|p1a: Ninetales\n|-start|p1a: Ninetales|move: Taunt\n|-enditem|p1a: Ninetales|Mental Herb\n|-end|p1a: Ninetales|move: Taunt\n|move|p2a: Archaludon|Flash Cannon|p1b: Mimikyu\n|-activate|p1b: Mimikyu|ability: Disguise\n|-damage|p1b: Mimikyu|100/100\n|detailschange|p1b: Mimikyu|Mimikyu-Busted, L50, M\n|-damage|p1b: Mimikyu|87/100|[from] pokemon: Mimikyu-Busted\n|move|p1b: Mimikyu|Drain Punch|p2b: Maushold\n|-supereffective|p2b: Maushold|1\n|-damage|p2b: Maushold|0 fnt\n|-heal|p1b: Mimikyu|100/100|[from] drain|[of] p2b: Maushold\n|faint|p2b: Maushold\n|\n|-weather|Snowscape|[upkeep]\n|-heal|p2a: Archaludon|79/100|[from] item: Leftovers\n|upkeep\n|\n|t:|1788299340\n|switch|p2b: Pelipper|Pelipper, L50, F|100/100\n|-weather|RainDance|[from] ability: Drizzle|[of] p2b: Pelipper\n|turn|5\n|inactive|tdanks has 30 seconds left.\n|inactive|MilkTeaWayGalaxy has 30 seconds left.\n|\n|t:|1788299379\n|move|p1a: Ninetales|Freeze-Dry|p2b: Pelipper\n|-supereffective|p2b: Pelipper|2\n|-damage|p2b: Pelipper|26/100\n|-enditem|p2b: Pelipper|Sitrus Berry|[eat]\n|-heal|p2b: Pelipper|50/100g|[from] item: Sitrus Berry\n|move|p2a: Archaludon|Electro Shot||[still]\n|-prepare|p2a: Archaludon|Electro Shot\n|-boost|p2a: Archaludon|spa|1\n|-anim|p2a: Archaludon|Electro Shot|p1b: Mimikyu\n|-damage|p1b: Mimikyu|37/100\n|move|p1b: Mimikyu|Drain Punch|p2a: Archaludon\n|-supereffective|p2a: Archaludon|1\n|-damage|p2a: Archaludon|60/100\n|-heal|p1b: Mimikyu|48/100|[from] drain|[of] p2a: Archaludon\n|move|p2b: Pelipper|Hurricane|p1a: Ninetales\n|-damage|p1a: Ninetales|59/100\n|-start|p1a: Ninetales|confusion\n|\n|-weather|RainDance|[upkeep]\n|-heal|p2a: Archaludon|67/100|[from] item: Leftovers\n|upkeep\n|turn|6\n|inactive|tdanks has 30 seconds left.\n|j| skylerpolaris\n|\n|t:|1788299411\n|switch|p1a: Sinistcha|Sinistcha, L50|100/100\n|-heal|p1b: Mimikyu|73/100|[from] ability: Hospitality|[of] p1a: Sinistcha\n|switch|p2b: Sableye|Sableye, L50, M|100/100\n|move|p1b: Mimikyu|Shadow Sneak|p2b: Sableye\n|-damage|p2b: Sableye|59/100\n|move|p2a: Archaludon|Electro Shot||[still]\n|-prepare|p2a: Archaludon|Electro Shot\n|-boost|p2a: Archaludon|spa|1\n|-anim|p2a: Archaludon|Electro Shot|p1b: Mimikyu\n|-damage|p1b: Mimikyu|0 fnt\n|faint|p1b: Mimikyu\n|\n|-weather|RainDance|[upkeep]\n|-heal|p2a: Archaludon|73/100|[from] item: Leftovers\n|upkeep\n|\n|t:|1788299426\n|switch|p1b: Ninetales|Ninetales-Alola, L50, M|59/100\n|-weather|Snowscape|[from] ability: Snow Warning|[of] p1b: Ninetales\n|turn|7\n|\n|t:|1788299435\n|move|p2b: Sableye|Rain Dance|p2b: Sableye\n|-weather|RainDance\n|move|p1b: Ninetales|Blizzard|p2b: Sableye|[spread] p2b\n|-miss|p1b: Ninetales|p2a: Archaludon\n|-damage|p2b: Sableye|35/100\n|move|p2a: Archaludon|Electro Shot||[still]\n|-prepare|p2a: Archaludon|Electro Shot\n|-boost|p2a: Archaludon|spa|1\n|-anim|p2a: Archaludon|Electro Shot|p1b: Ninetales\n|-damage|p1b: Ninetales|0 fnt\n|faint|p1b: Ninetales\n|move|p1a: Sinistcha|Shadow Ball|p2a: Archaludon\n|-damage|p2a: Archaludon|50/100g\n|\n|-weather|RainDance|[upkeep]\n|-heal|p2a: Archaludon|56/100|[from] item: Leftovers\n|upkeep\n|turn|8\n|l| skylerpolaris\n|-message|tdanks forfeited.\n|\n|win|MilkTeaWayGalaxy\n|raw|tdanks's rating: 1531 &rarr; <strong>1520</strong><br />(-11 for losing)\n|raw|MilkTeaWayGalaxy's rating: 1706 &rarr; <strong>1717</strong><br />(+11 for winning)\n|l|☆tdanks\n|player|p1|\n","uploadtime":1788299452,"views":"1","formatid":"gen9championsvgc2026regmb","rating":1520,"private":0,"password":null}