{"id":"gen9championsvgc2026regmb-2674602549","format":"[Gen 9 Champions] VGC 2026 Reg M-B","players":["CasualitoGaming","Zapdos79"],"log":"|j|☆CasualitoGaming\n|j|☆Zapdos79\n|t:|1788379011\n|gametype|doubles\n|player|p1|CasualitoGaming|2|1159\n|player|p2|Zapdos79|flannery|1208\n|gen|9\n|tier|[Gen 9 Champions] VGC 2026 Reg M-B\n|rated|\n|rule|Species Clause: Limit one of each Pokémon\n|rule|Item Clause: Limit 1 of each item\n|clearpoke\n|poke|p1|Froslass, L50, F|\n|poke|p1|Dragapult, L50, M|\n|poke|p1|Dragonite, L50, F|\n|poke|p1|Sinistcha, L50|\n|poke|p1|Araquanid, L50, M|\n|poke|p1|Corviknight, L50, F|\n|poke|p2|Espathra, L50, M|\n|poke|p2|Floette-Eternal, L50, F|\n|poke|p2|Charizard, L50, F|\n|poke|p2|Zoroark-Hisui, L50, F|\n|poke|p2|Sneasler, L50, F|\n|poke|p2|Kingambit, L50, F|\n|teampreview|4\n|inactive|Battle timer is ON: inactive players will automatically lose when time's up. (requested by CasualitoGaming)\n|inactive|Zapdos79 has 60 seconds left.\n|inactive|Zapdos79 has 30 seconds left.\n|\n|t:|1788379124\n|teamsize|p1|4\n|teamsize|p2|4\n|start\n|switch|p1a: Dragonite|Dragonite, L50, F|100/100\n|switch|p1b: Dragapult|Dragapult, L50, M|100/100\n|switch|p2a: Espathra|Espathra, L50, M|100/100\n|switch|p2b: Floette|Floette-Eternal, L50, F|100/100\n|turn|1\n|inactive|CasualitoGaming has 30 seconds left.\n|\n|t:|1788379150\n|detailschange|p1a: Dragonite|Dragonite-Mega, L50, F\n|-mega|p1a: Dragonite|Dragonite|Dragoninite\n|move|p1b: Dragapult|Sucker Punch||[still]\n|-fail|p1b: Dragapult\n|move|p2b: Floette|Hyper Voice|p1a: Dragonite|[spread] p1a\n|-immune|p1b: Dragapult\n|-damage|p1a: Dragonite|87/100\n|move|p2a: Espathra|Calm Mind|p2a: Espathra\n|-boost|p2a: Espathra|spa|1\n|-boost|p2a: Espathra|spd|1\n|move|p1a: Dragonite|Tailwind|p1a: Dragonite\n|-sidestart|p1: CasualitoGaming|move: Tailwind\n|\n|-ability|p2a: Espathra|Speed Boost|boost\n|-boost|p2a: Espathra|spe|1\n|upkeep\n|turn|2\n|\n|t:|1788379174\n|move|p1b: Dragapult|Light Screen|p1b: Dragapult\n|-sidestart|p1: CasualitoGaming|move: Light Screen\n|move|p1a: Dragonite|Heat Wave|p2b: Floette|[spread] p2a,p2b\n|-damage|p2a: Espathra|77/100\n|-damage|p2b: Floette|40/100\n|replace|p2b: Zoroark|Zoroark-Hisui, L50, F\n|-end|p2b: Zoroark|Illusion\n|move|p2a: Espathra|Calm Mind|p2a: Espathra\n|-boost|p2a: Espathra|spa|1\n|-boost|p2a: Espathra|spd|1\n|move|p2b: Zoroark|Will-O-Wisp|p1b: Dragapult\n|-status|p1b: Dragapult|brn\n|\n|-damage|p1b: Dragapult|93/100 brn|[from] brn\n|-ability|p2a: Espathra|Speed Boost|boost\n|-boost|p2a: Espathra|spe|1\n|upkeep\n|turn|3\n|inactive|CasualitoGaming has 30 seconds left.\n|\n|t:|1788379206\n|switch|p1b: Araquanid|Araquanid, L50, M|100/100\n|move|p2b: Zoroark|Protect|p2b: Zoroark\n|-singleturn|p2b: Zoroark|Protect\n|move|p2a: Espathra|Lumina Crash|p1a: Dragonite\n|-damage|p1a: Dragonite|60/100\n|-unboost|p1a: Dragonite|spd|2\n|move|p1a: Dragonite|Heat Wave|p2b: Zoroark|[spread] p2a\n|-activate|p2b: Zoroark|move: Protect\n|-damage|p2a: Espathra|60/100\n|\n|-ability|p2a: Espathra|Speed Boost|boost\n|-boost|p2a: Espathra|spe|1\n|upkeep\n|turn|4\n|inactive|CasualitoGaming has 30 seconds left.\n|\n|t:|1788379240\n|switch|p1a: Dragapult|Dragapult, L50, M|93/100 brn\n|move|p2a: Espathra|Baton Pass|p2a: Espathra\n|\n|t:|1788379245\n|switch|p2a: Floette|Floette-Eternal, L50, F|100/100|[from] Baton Pass\n|move|p2b: Zoroark|Bitter Malice|p1b: Araquanid\n|-damage|p1b: Araquanid|78/100\n|-unboost|p1b: Araquanid|atk|1\n|move|p1b: Araquanid|Liquidation|p2a: Floette\n|-damage|p2a: Floette|40/100\n|\n|-damage|p1a: Dragapult|87/100 brn|[from] brn\n|-sideend|p1: CasualitoGaming|move: Tailwind\n|upkeep\n|turn|5\n|inactive|CasualitoGaming has 30 seconds left.\n|inactive|Zapdos79 has 30 seconds left.\n|inactive|CasualitoGaming has 20 seconds left.\n|inactive|Zapdos79 has 20 seconds left.\n|\n|t:|1788379284\n|detailschange|p2a: Floette|Floette-Mega, L50, F\n|-mega|p2a: Floette|Floette|Floettite\n|-ability|p2a: Floette|Fairy Aura\n|move|p1b: Araquanid|Protect|p1b: Araquanid\n|-singleturn|p1b: Araquanid|Protect\n|move|p1a: Dragapult|Sucker Punch|p2b: Zoroark\n|-supereffective|p2b: Zoroark|1\n|-damage|p2b: Zoroark|3/100\n|move|p2a: Floette|Draining Kiss|p1a: Dragapult\n|-supereffective|p1a: Dragapult|1\n|-damage|p1a: Dragapult|0 fnt\n|-heal|p2a: Floette|100/100|[from] drain|[of] p1a: Dragapult\n|faint|p1a: Dragapult\n|move|p2b: Zoroark|Bitter Malice|p1b: Araquanid\n|-activate|p1b: Araquanid|move: Protect\n|\n|upkeep\n|\n|t:|1788379299\n|switch|p1a: Sinistcha|Sinistcha, L50|100/100\n|-heal|p1b: Araquanid|100/100|[from] ability: Hospitality|[of] p1a: Sinistcha\n|turn|6\n|\n|t:|1788379317\n|move|p2a: Floette|Protect|p2a: Floette\n|-singleturn|p2a: Floette|Protect\n|move|p2b: Zoroark|Protect|p2b: Zoroark\n|-singleturn|p2b: Zoroark|Protect\n|move|p1b: Araquanid|Wide Guard|p1b: Araquanid\n|-singleturn|p1b: Araquanid|Wide Guard\n|move|p1a: Sinistcha|Trick Room|p1a: Sinistcha\n|-fieldstart|move: Trick Room|[of] p1a: Sinistcha\n|\n|upkeep\n|turn|7\n|\n|t:|1788379340\n|move|p1b: Araquanid|Liquidation|p2a: Floette\n|-damage|p2a: Floette|54/100\n|move|p1a: Sinistcha|Matcha Gotcha|p2a: Floette|[spread] p2a,p2b\n|-damage|p2a: Floette|44/100\n|-damage|p2b: Zoroark|0 fnt\n|faint|p2b: Zoroark\n|move|p2a: Floette|Moonblast|p1b: Araquanid\n|-damage|p1b: Araquanid|27/100\n|\n|upkeep\n|\n|t:|1788379350\n|switch|p2b: Kingambit|Kingambit, L50, F|100/100\n|turn|8\n|\n|t:|1788379366\n|switch|p1b: Dragonite|Dragonite-Mega, L50, F|60/100\n|move|p1a: Sinistcha|Rage Powder|p1a: Sinistcha\n|-singleturn|p1a: Sinistcha|move: Rage Powder\n|move|p2b: Kingambit|Sucker Punch||[still]\n|-fail|p2b: Kingambit\n|move|p2a: Floette|Draining Kiss|p1a: Sinistcha\n|-damage|p1a: Sinistcha|35/100\n|-heal|p2a: Floette|93/100|[from] drain|[of] p1a: Sinistcha\n|\n|upkeep\n|turn|9\n|inactive|Zapdos79 has 30 seconds left.\n|\n|t:|1788379394\n|move|p2b: Kingambit|Protect|p2b: Kingambit\n|-singleturn|p2b: Kingambit|Protect\n|move|p1a: Sinistcha|Rage Powder|p1a: Sinistcha\n|-singleturn|p1a: Sinistcha|move: Rage Powder\n|move|p1b: Dragonite|Heat Wave|p2b: Kingambit|[spread] p2a\n|-activate|p2b: Kingambit|move: Protect\n|-damage|p2a: Floette|84/100\n|move|p2a: Floette|Dazzling Gleam|p1b: Dragonite|[spread] p1a,p1b\n|-supereffective|p1b: Dragonite|1\n|-crit|p1b: Dragonite\n|-damage|p1a: Sinistcha|0 fnt\n|-damage|p1b: Dragonite|0 fnt\n|faint|p1a: Sinistcha\n|faint|p1b: Dragonite\n|\n|-sideend|p1: CasualitoGaming|move: Light Screen\n|upkeep\n|-message|CasualitoGaming forfeited.\n|\n|win|Zapdos79\n|raw|CasualitoGaming's rating: 1159 &rarr; <strong>1138</strong><br />(-21 for losing)\n|raw|Zapdos79's rating: 1208 &rarr; <strong>1229</strong><br />(+21 for winning)\n|l|☆CasualitoGaming\n|player|p1|\n","uploadtime":1788379420,"views":"12","formatid":"gen9championsvgc2026regmb","rating":1138,"private":0,"password":null}