{"id":"gen9championsvgc2026regmb-2674989674","format":"[Gen 9 Champions] VGC 2026 Reg M-B","players":["Ranzurant","eddyandrew"],"log":"|j|☆Ranzurant\n|j|☆eddyandrew\n|t:|1788445922\n|gametype|doubles\n|player|p1|Ranzurant|102|1193\n|player|p2|eddyandrew|lance|1145\n|gen|9\n|tier|[Gen 9 Champions] VGC 2026 Reg M-B\n|rated|\n|rule|Species Clause: Limit one of each Pokémon\n|rule|Item Clause: Limit 1 of each item\n|clearpoke\n|poke|p1|Pelipper, L50, F|\n|poke|p1|Archaludon, L50, M|\n|poke|p1|Basculegion, L50, M|\n|poke|p1|Sableye, L50, M|\n|poke|p1|Swampert, L50, M|\n|poke|p1|Meganium, L50, F|\n|poke|p2|Basculegion, L50, M|\n|poke|p2|Garchomp, L50, F|\n|poke|p2|Whimsicott, L50, M|\n|poke|p2|Charizard, L50, M|\n|poke|p2|Kingambit, L50, M|\n|poke|p2|Floette-Eternal, L50, F|\n|teampreview|4\n|inactive|Battle timer is ON: inactive players will automatically lose when time's up. (requested by eddyandrew)\n|\n|t:|1788445952\n|teamsize|p1|4\n|teamsize|p2|4\n|start\n|switch|p1a: Archaludon|Archaludon, L50, M|100/100\n|switch|p1b: Sableye|Sableye, L50, M|100/100\n|switch|p2a: Charizard|Charizard, L50, M|100/100\n|switch|p2b: Garchomp|Garchomp, L50, F|100/100\n|turn|1\n|\n|t:|1788445972\n|detailschange|p2a: Charizard|Charizard-Mega-Y, L50, M\n|-mega|p2a: Charizard|Charizard|Charizardite Y\n|-weather|SunnyDay|[from] ability: Drought|[of] p2a: Charizard\n|move|p1b: Sableye|Fake Out|p2a: Charizard\n|-damage|p2a: Charizard|88/100\n|move|p1a: Archaludon|Draco Meteor|p2b: Garchomp\n|-supereffective|p2b: Garchomp|1\n|-damage|p2b: Garchomp|0 fnt\n|-unboost|p1a: Archaludon|spa|2\n|faint|p2b: Garchomp\n|cant|p2a: Charizard|flinch\n|\n|-weather|SunnyDay|[upkeep]\n|upkeep\n|\n|t:|1788445987\n|switch|p2b: Kingambit|Kingambit, L50, M|100/100\n|turn|2\n|\n|t:|1788445999\n|switch|p2a: Basculegion|Basculegion, L50, M|100/100\n|move|p1b: Sableye|Rain Dance|p1b: Sableye\n|-weather|RainDance\n|move|p1a: Archaludon|Draco Meteor|p2a: Basculegion\n|-damage|p2a: Basculegion|61/100\n|-unboost|p1a: Archaludon|spa|2\n|move|p2b: Kingambit|Kowtow Cleave|p1b: Sableye\n|-damage|p1b: Sableye|40/100\n|\n|-weather|RainDance|[upkeep]\n|upkeep\n|turn|3\n|\n|t:|1788446021\n|move|p1b: Sableye|Sucker Punch|p2a: Basculegion\n|-supereffective|p2a: Basculegion|1\n|-damage|p2a: Basculegion|9/100\n|move|p2b: Kingambit|Sucker Punch|p1a: Archaludon\n|-damage|p1a: Archaludon|66/100\n|move|p1a: Archaludon|Draco Meteor|p2a: Basculegion\n|-damage|p2a: Basculegion|0 fnt\n|-unboost|p1a: Archaludon|spa|2\n|faint|p2a: Basculegion\n|\n|-weather|RainDance|[upkeep]\n|upkeep\n|\n|t:|1788446031\n|switch|p2a: Charizard|Charizard-Mega-Y, L50, M|88/100\n|-weather|SunnyDay|[from] ability: Drought|[of] p2a: Charizard\n|turn|4\n|\n|t:|1788446039\n|switch|p1a: Meganium|Meganium, L50, F|100/100\n|move|p1b: Sableye|Rain Dance|p1b: Sableye\n|-weather|RainDance\n|move|p2a: Charizard|Heat Wave|p1a: Meganium|[spread] p1a,p1b\n|-supereffective|p1a: Meganium|1\n|-damage|p1a: Meganium|52/100\n|-damage|p1b: Sableye|11/100\n|move|p2b: Kingambit|Swords Dance|p2b: Kingambit\n|-boost|p2b: Kingambit|atk|2\n|\n|-weather|RainDance|[upkeep]\n|upkeep\n|turn|5\n|\n|t:|1788446064\n|detailschange|p1a: Meganium|Meganium-Mega, L50, F\n|-mega|p1a: Meganium|Meganium|Meganiumite\n|move|p2a: Charizard|Protect|p2a: Charizard\n|-singleturn|p2a: Charizard|Protect\n|move|p1b: Sableye|Quash|p2a: Charizard\n|-activate|p2a: Charizard|move: Protect\n|move|p1a: Meganium|Weather Ball|p2b: Kingambit\n|-supereffective|p2b: Kingambit|1\n|-damage|p2b: Kingambit|0 fnt\n|faint|p2b: Kingambit\n|\n|-weather|RainDance|[upkeep]\n|upkeep\n|turn|6\n|-message|eddyandrew forfeited.\n|\n|win|Ranzurant\n|raw|Ranzurant's rating: 1193 &rarr; <strong>1215</strong><br />(+22 for winning)\n|raw|eddyandrew's rating: 1145 &rarr; <strong>1123</strong><br />(-22 for losing)\n|l|☆eddyandrew\n|player|p2|\n","uploadtime":1788446088,"views":"0","formatid":"gen9championsvgc2026regmb","rating":1123,"private":0,"password":null}