{"id":"gen9championsvgc2026regmb-2674342124","format":"[Gen 9 Champions] VGC 2026 Reg M-B","players":["pom123123123","Piedi mistici"],"log":"|j|☆pom123123123\n|j|☆Piedi mistici\n|t:|1788345081\n|gametype|doubles\n|player|p1|pom123123123|wattson|1336\n|player|p2|Piedi mistici|zinnia|1407\n|gen|9\n|tier|[Gen 9 Champions] VGC 2026 Reg M-B\n|rated|\n|rule|Species Clause: Limit one of each Pokémon\n|rule|Item Clause: Limit 1 of each item\n|clearpoke\n|poke|p1|Froslass, L50, F|\n|poke|p1|Sneasler, L50, F, shiny|\n|poke|p1|Aerodactyl, L50, M|\n|poke|p1|Lucario, L50, M|\n|poke|p1|Kingambit, L50, M|\n|poke|p1|Basculegion, L50, M|\n|poke|p2|Froslass, L50, F|\n|poke|p2|Tyranitar, L50, M|\n|poke|p2|Scovillain, L50, F|\n|poke|p2|Sneasler, L50, F|\n|poke|p2|Farigiraf, L50, F|\n|poke|p2|Sylveon, L50, M|\n|teampreview|4\n|inactive|Battle timer is ON: inactive players will automatically lose when time's up. (requested by pom123123123)\n|inactive|pom123123123 has 60 seconds left.\n|inactive|Piedi mistici has 60 seconds left.\n|\n|t:|1788345129\n|teamsize|p1|4\n|teamsize|p2|4\n|start\n|switch|p1a: Froslass|Froslass, L50, F|100/100\n|switch|p1b: Sneasler|Sneasler, L50, F, shiny|100/100\n|switch|p2a: Scovillino|Scovillain, L50, F|100/100\n|switch|p2b: Farigiraf|Farigiraf, L50, F|100/100\n|turn|1\n|inactive|pom123123123 has 30 seconds left.\n|inactive|pom123123123 has 20 seconds left.\n|\n|t:|1788345165\n|switch|p1b: Kingambit|Kingambit, L50, M|100/100\n|detailschange|p1a: Froslass|Froslass-Mega, L50, F\n|-mega|p1a: Froslass|Froslass|Froslassite\n|-weather|Snowscape|[from] ability: Snow Warning|[of] p1a: Froslass\n|move|p2a: Scovillino|Protect|p2a: Scovillino\n|-singleturn|p2a: Scovillino|Protect\n|move|p1a: Froslass|Taunt|p2a: Scovillino\n|-activate|p2a: Scovillino|move: Protect\n|move|p2b: Farigiraf|Trick Room|p2b: Farigiraf\n|-fieldstart|move: Trick Room|[of] p2b: Farigiraf\n|\n|-weather|Snowscape|[upkeep]\n|-ability|p2a: Scovillino|Moody|boost\n|-boost|p2a: Scovillino|spd|2\n|-unboost|p2a: Scovillino|atk|1\n|upkeep\n|turn|2\n|inactive|pom123123123 has 30 seconds left.\n|\n|t:|1788345196\n|switch|p1b: Basculegion|Basculegion, L50, M|100/100\n|detailschange|p2a: Scovillino|Scovillain-Mega, L50, F\n|-mega|p2a: Scovillino|Scovillain|Scovillainite\n|move|p2a: Scovillino|Rage Powder|p2a: Scovillino\n|-singleturn|p2a: Scovillino|move: Rage Powder\n|move|p2b: Farigiraf|Nasty Plot|p2b: Farigiraf\n|-boost|p2b: Farigiraf|spa|2\n|move|p1a: Froslass|Blizzard|p2b: Farigiraf|[spread] p2a,p2b\n|-crit|p2a: Scovillino\n|-damage|p2a: Scovillino|19/100\n|-damage|p2b: Farigiraf|52/100\n|-status|p2b: Farigiraf|frz\n|-status|p1a: Froslass|brn|[from] ability: Spicy Spray|[of] p2a: Scovillino\n|\n|-weather|Snowscape|[upkeep]\n|-damage|p1a: Froslass|93/100 brn|[from] brn\n|upkeep\n|turn|3\n|\n|t:|1788345219\n|cant|p2b: Farigiraf|frz\n|move|p2a: Scovillino|Giga Drain|p1b: Basculegion\n|-supereffective|p1b: Basculegion|1\n|-crit|p1b: Basculegion\n|-damage|p1b: Basculegion|0 fnt\n|-heal|p2a: Scovillino|76/100|[from] drain|[of] p1b: Basculegion\n|faint|p1b: Basculegion\n|move|p1a: Froslass|Blizzard|p2a: Scovillino|[spread] p2a,p2b\n|-damage|p2a: Scovillino|52/100\n|-damage|p2b: Farigiraf|6/100 frz\n|-status|p2a: Scovillino|frz\n|-enditem|p2b: Farigiraf|Sitrus Berry|[eat]\n|-heal|p2b: Farigiraf|31/100 frz|[from] item: Sitrus Berry\n|\n|-weather|Snowscape|[upkeep]\n|-damage|p1a: Froslass|87/100 brn|[from] brn\n|upkeep\n|\n|t:|1788345233\n|switch|p1b: Kingambit|Kingambit, L50, M|100/100\n|turn|4\n|c|☆Piedi mistici|Mh\n|c|☆pom123123123|unlucky\n|\n|t:|1788345249\n|move|p1a: Froslass|Protect|p1a: Froslass\n|-singleturn|p1a: Froslass|Protect\n|move|p1b: Kingambit|Kowtow Cleave|p2b: Farigiraf\n|-supereffective|p2b: Farigiraf|1\n|-damage|p2b: Farigiraf|0 fnt\n|faint|p2b: Farigiraf\n|cant|p2a: Scovillino|frz\n|\n|-weather|Snowscape|[upkeep]\n|-damage|p1a: Froslass|81/100 brn|[from] brn\n|upkeep\n|\n|t:|1788345258\n|switch|p2b: Tyranitar|Tyranitar, L50, M|100/100\n|-weather|Sandstorm|[from] ability: Sand Stream|[of] p2b: Tyranitar\n|turn|5\n|\n|t:|1788345264\n|switch|p1a: Sneasler|Sneasler, L50, F, shiny|100/100\n|cant|p2a: Scovillino|frz\n|move|p1b: Kingambit|Low Kick|p2b: Tyranitar\n|-supereffective|p2b: Tyranitar|2\n|-enditem|p2b: Tyranitar|Chople Berry|[eat]\n|-enditem|p2b: Tyranitar|Chople Berry|[weaken]\n|-damage|p2b: Tyranitar|29/100\n|move|p2b: Tyranitar|Knock Off|p1a: Sneasler\n|-resisted|p1a: Sneasler|1\n|-damage|p1a: Sneasler|49/100\n|-enditem|p1a: Sneasler|White Herb|[from] move: Knock Off|[of] p2b: Tyranitar\n|\n|-weather|Sandstorm|[upkeep]\n|-damage|p2a: Scovillino|46/100 frz|[from] Sandstorm\n|-damage|p1a: Sneasler|43/100|[from] Sandstorm\n|-fieldend|move: Trick Room\n|upkeep\n|turn|6\n|c|☆pom123123123|does clicking a fire move thaw you?\n|inactive|pom123123123 has 30 seconds left.\n|\n|t:|1788345294\n|move|p1a: Sneasler|Fake Out|p2b: Tyranitar\n|-resisted|p2b: Tyranitar|1\n|-damage|p2b: Tyranitar|24/100\n|-curestatus|p2a: Scovillino|frz|[msg]\n|move|p2a: Scovillino|Rage Powder|p2a: Scovillino\n|-singleturn|p2a: Scovillino|move: Rage Powder\n|move|p1b: Kingambit|Sucker Punch||[still]\n|-fail|p1b: Kingambit\n|cant|p2b: Tyranitar|flinch\n|\n|-weather|Sandstorm|[upkeep]\n|-damage|p1a: Sneasler|38/100|[from] Sandstorm\n|-damage|p2a: Scovillino|40/100|[from] Sandstorm\n|upkeep\n|turn|7\n|c|☆Piedi mistici|Depends on the fire move\n|c|☆Piedi mistici|Flare blitz does\n|\n|t:|1788345316\n|move|p2a: Scovillino|Rage Powder|p2a: Scovillino\n|-singleturn|p2a: Scovillino|move: Rage Powder\n|move|p1a: Sneasler|Dire Claw|p2a: Scovillino\n|-supereffective|p2a: Scovillino|1\n|-damage|p2a: Scovillino|0 fnt\n|-status|p1a: Sneasler|brn|[from] ability: Spicy Spray|[of] p2a: Scovillino\n|faint|p2a: Scovillino\n|move|p2b: Tyranitar|Low Kick|p1b: Kingambit\n|-supereffective|p1b: Kingambit|2\n|-enditem|p1b: Kingambit|Chople Berry|[eat]\n|-enditem|p1b: Kingambit|Chople Berry|[weaken]\n|-damage|p1b: Kingambit|37/100\n|move|p1b: Kingambit|Low Kick|p2b: Tyranitar\n|-supereffective|p2b: Tyranitar|2\n|-damage|p2b: Tyranitar|0 fnt\n|faint|p2b: Tyranitar\n|\n|-weather|Sandstorm|[upkeep]\n|-damage|p1a: Sneasler|32/100 brn|[from] Sandstorm\n|-damage|p1a: Sneasler|26/100 brn|[from] brn\n|upkeep\n|\n|t:|1788345322\n|switch|p2b: Sneasler|Sneasler, L50, F|100/100\n|turn|8\n|\n|t:|1788345330\n|move|p1a: Sneasler|Close Combat|p2b: Sneasler\n|-resisted|p2b: Sneasler|1\n|-damage|p2b: Sneasler|74/100\n|-unboost|p1a: Sneasler|def|1\n|-unboost|p1a: Sneasler|spd|1\n|move|p2b: Sneasler|Close Combat|p1b: Kingambit\n|-supereffective|p1b: Kingambit|2\n|-damage|p1b: Kingambit|0 fnt\n|-unboost|p2b: Sneasler|def|1\n|-unboost|p2b: Sneasler|spd|1\n|faint|p1b: Kingambit\n|-enditem|p2b: Sneasler|White Herb\n|-clearnegativeboost|p2b: Sneasler|[silent]\n|\n|-weather|Sandstorm|[upkeep]\n|-damage|p1a: Sneasler|21/100 brn|[from] Sandstorm\n|-damage|p2b: Sneasler|69/100|[from] Sandstorm\n|-damage|p1a: Sneasler|15/100 brn|[from] brn\n|upkeep\n|\n|t:|1788345336\n|switch|p1b: Froslass|Froslass-Mega, L50, F|81/100 brn\n|-weather|Snowscape|[from] ability: Snow Warning|[of] p1b: Froslass\n|turn|9\n|\n|t:|1788345340\n|move|p2b: Sneasler|Protect|p2b: Sneasler\n|-singleturn|p2b: Sneasler|Protect\n|move|p1a: Sneasler|Close Combat|p2b: Sneasler\n|-activate|p2b: Sneasler|move: Protect\n|move|p1b: Froslass|Blizzard|p2b: Sneasler\n|-activate|p2b: Sneasler|move: Protect\n|\n|-weather|Snowscape|[upkeep]\n|-damage|p1a: Sneasler|9/100 brn|[from] brn\n|-damage|p1b: Froslass|75/100 brn|[from] brn\n|upkeep\n|turn|10\n|\n|t:|1788345352\n|move|p1a: Sneasler|Close Combat|p2b: Sneasler\n|-resisted|p2b: Sneasler|1\n|-damage|p2b: Sneasler|46/100\n|-unboost|p1a: Sneasler|def|1\n|-unboost|p1a: Sneasler|spd|1\n|move|p2b: Sneasler|Dire Claw|p1b: Froslass\n|-resisted|p1b: Froslass|1\n|-damage|p1b: Froslass|52/100 brn\n|move|p1b: Froslass|Blizzard|p2b: Sneasler\n|-damage|p2b: Sneasler|0 fnt\n|faint|p2b: Sneasler\n|\n|win|pom123123123\n|raw|pom123123123's rating: 1336 &rarr; <strong>1360</strong><br />(+24 for winning)\n|raw|Piedi mistici's rating: 1407 &rarr; <strong>1383</strong><br />(-24 for losing)\n","uploadtime":1788345355,"views":"15","formatid":"gen9championsvgc2026regmb","rating":1360,"private":0,"password":null}