{"id":"gen9championsvgc2026regmb-2673851907","format":"[Gen 9 Champions] VGC 2026 Reg M-B","players":["dasntdothis","VictoriousDancing"],"log":"|j|☆dasntdothis\n|j|☆VictoriousDancing\n|t:|1788268548\n|gametype|doubles\n|player|p1|dasntdothis|266|1289\n|player|p2|VictoriousDancing|cynthia|1330\n|gen|9\n|tier|[Gen 9 Champions] VGC 2026 Reg M-B\n|rated|\n|rule|Species Clause: Limit one of each Pokémon\n|rule|Item Clause: Limit 1 of each item\n|clearpoke\n|poke|p1|Dragonite, L50, M|\n|poke|p1|Sneasler, L50, M|\n|poke|p1|Whimsicott, L50, F|\n|poke|p1|Pelipper, L50, M|\n|poke|p1|Kingambit, L50, F|\n|poke|p1|Raichu-Alola, L50, F|\n|poke|p2|Charizard, L50, M, shiny|\n|poke|p2|Basculegion, L50, M, shiny|\n|poke|p2|Whimsicott, L50, M, shiny|\n|poke|p2|Garchomp, L50, F, shiny|\n|poke|p2|Kingambit, L50, M, shiny|\n|poke|p2|Incineroar, L50, F, shiny|\n|teampreview|4\nVictoriousDancing rejected open team sheets.\n|inactive|Battle timer is ON: inactive players will automatically lose when time's up. (requested by VictoriousDancing)\n|\n|t:|1788268596\n|teamsize|p1|4\n|teamsize|p2|4\n|start\n|switch|p1a: Sneasler|Sneasler, L50, M|100/100\n|switch|p1b: Dragonite|Dragonite, L50, M|100/100\n|switch|p2a: Whimsicott|Whimsicott, L50, M, shiny|100/100\n|switch|p2b: Charizard|Charizard, L50, M, shiny|100/100\n|turn|1\n|inactive|dasntdothis has 30 seconds left.\n|inactive|dasntdothis has 20 seconds left.\n|\n|t:|1788268631\n|detailschange|p2b: Charizard|Charizard-Mega-Y, L50, M, shiny\n|-mega|p2b: Charizard|Charizard|Charizardite Y\n|-weather|SunnyDay|[from] ability: Drought|[of] p2b: Charizard\n|detailschange|p1b: Dragonite|Dragonite-Mega, L50, M\n|-mega|p1b: Dragonite|Dragonite|Dragoninite\n|move|p2a: Whimsicott|Protect|p2a: Whimsicott\n|-singleturn|p2a: Whimsicott|Protect\n|move|p1a: Sneasler|Dire Claw|p2a: Whimsicott\n|-activate|p2a: Whimsicott|move: Protect\n|move|p1b: Dragonite|Draco Meteor|p2b: Charizard|[miss]\n|-miss|p1b: Dragonite|p2b: Charizard\n|move|p2b: Charizard|Heat Wave|p1b: Dragonite|[spread] p1a,p1b\n|-resisted|p1b: Dragonite|1\n|-damage|p1a: Sneasler|17/100\n|-damage|p1b: Dragonite|85/100\n|\n|-weather|SunnyDay|[upkeep]\n|upkeep\n|turn|2\n|\n|t:|1788268644\n|switch|p1a: Pelipper|Pelipper, L50, M|100/100\n|-weather|RainDance|[from] ability: Drizzle|[of] p1a: Pelipper\n|move|p2a: Whimsicott|Tailwind|p2a: Whimsicott\n|-sidestart|p2: VictoriousDancing|move: Tailwind\n|move|p2b: Charizard|Heat Wave|p1a: Pelipper|[spread] p1a,p1b\n|-resisted|p1a: Pelipper|1\n|-resisted|p1b: Dragonite|1\n|-damage|p1a: Pelipper|86/100\n|-damage|p1b: Dragonite|77/100\n|move|p1b: Dragonite|Thunder|p2b: Charizard\n|-supereffective|p2b: Charizard|1\n|-damage|p2b: Charizard|6/100\n|\n|-weather|RainDance|[upkeep]\n|upkeep\n|turn|3\n|inactive|dasntdothis has 30 seconds left.\n|\n|t:|1788268672\n|switch|p2b: Basculegion|Basculegion, L50, M, shiny|100/100\n|move|p2a: Whimsicott|Moonblast|p1b: Dragonite\n|-supereffective|p1b: Dragonite|1\n|-damage|p1b: Dragonite|19/100\n|move|p1b: Dragonite|Hurricane|p2b: Basculegion\n|-damage|p2b: Basculegion|18/100\n|move|p1a: Pelipper|Hurricane|p2a: Whimsicott\n|-supereffective|p2a: Whimsicott|1\n|-enditem|p2a: Whimsicott|Focus Sash\n|-damage|p2a: Whimsicott|1/100\n|-start|p2a: Whimsicott|confusion\n|\n|-weather|RainDance|[upkeep]\n|upkeep\n|turn|4\n|inactive|dasntdothis has 30 seconds left.\n|inactive|dasntdothis has 20 seconds left.\n|inactive|dasntdothis has 15 seconds left.\n|\n|t:|1788268714\n|switch|p1b: Kingambit|Kingambit, L50, F|100/100\n|move|p2b: Basculegion|Flip Turn|p1b: Kingambit\n|-damage|p1b: Kingambit|49/100\n|\n|t:|1788268714\n|switch|p2b: Garchomp|Garchomp, L50, F, shiny|100/100|[from] Flip Turn\n|-activate|p2a: Whimsicott|confusion\n|-damage|p2a: Whimsicott|0 fnt|[from] confusion\n|faint|p2a: Whimsicott\n|move|p1a: Pelipper|Tailwind|p1a: Pelipper\n|-sidestart|p1: dasntdothis|move: Tailwind\n|\n|-weather|RainDance|[upkeep]\n|upkeep\n|\n|t:|1788268714\n|switch|p2a: Charizard|Charizard-Mega-Y, L50, M, shiny|6/100\n|-weather|SunnyDay|[from] ability: Drought|[of] p2a: Charizard\n|turn|5\n|\n|t:|1788268734\n|move|p1a: Pelipper|Wide Guard|p1a: Pelipper\n|-singleturn|p1a: Pelipper|Wide Guard\n|move|p1b: Kingambit|Sucker Punch|p2a: Charizard\n|-damage|p2a: Charizard|0 fnt\n|faint|p2a: Charizard\n|move|p2b: Garchomp|Rock Slide|p1b: Kingambit|[spread] \n|-activate|p1a: Pelipper|move: Wide Guard\n|-activate|p1b: Kingambit|move: Wide Guard\n|\n|-weather|SunnyDay|[upkeep]\n|-sideend|p2: VictoriousDancing|move: Tailwind\n|upkeep\n|\n|t:|1788268734\n|switch|p2a: Basculegion|Basculegion, L50, M, shiny|18/100\n|turn|6\n|inactive|dasntdothis has 30 seconds left.\n|\n|t:|1788268762\n|move|p1a: Pelipper|Wide Guard|p1a: Pelipper\n|-singleturn|p1a: Pelipper|Wide Guard\n|move|p1b: Kingambit|Sucker Punch|p2a: Basculegion\n|-supereffective|p2a: Basculegion|1\n|-damage|p2a: Basculegion|0 fnt\n|faint|p2a: Basculegion\n|move|p2b: Garchomp|Rock Slide|p1b: Kingambit|[spread] \n|-activate|p1a: Pelipper|move: Wide Guard\n|-activate|p1b: Kingambit|move: Wide Guard\n|\n|-weather|SunnyDay|[upkeep]\n|upkeep\n|turn|7\n|\n|t:|1788268777\n|switch|p1a: Sneasler|Sneasler, L50, M|17/100\n|move|p2b: Garchomp|Dragon Claw|p1a: Sneasler\n|-damage|p1a: Sneasler|0 fnt\n|faint|p1a: Sneasler\n|move|p1b: Kingambit|Kowtow Cleave|p2b: Garchomp\n|-damage|p2b: Garchomp|34/100\n|-damage|p1b: Kingambit|37/100|[from] ability: Rough Skin|[of] p2b: Garchomp\n|\n|-weather|SunnyDay|[upkeep]\n|-sideend|p1: dasntdothis|move: Tailwind\n|upkeep\n|\n|t:|1788268782\n|switch|p1a: Pelipper|Pelipper, L50, M|86/100\n|-weather|RainDance|[from] ability: Drizzle|[of] p1a: Pelipper\n|turn|8\n|\n|t:|1788268788\n|move|p2b: Garchomp|Rock Slide|p1a: Pelipper|[spread] p1a,p1b\n|-supereffective|p1a: Pelipper|1\n|-resisted|p1b: Kingambit|1\n|-damage|p1a: Pelipper|49/100\n|-damage|p1b: Kingambit|30/100\n|-enditem|p1a: Pelipper|Sitrus Berry|[eat]\n|-heal|p1a: Pelipper|74/100|[from] item: Sitrus Berry\n|cant|p1a: Pelipper|flinch\n|cant|p1b: Kingambit|flinch\n|\n|-weather|RainDance|[upkeep]\n|upkeep\n|turn|9\n|\n|t:|1788268796\n|move|p2b: Garchomp|Rock Slide|p1b: Kingambit|[spread] p1a,p1b\n|-supereffective|p1a: Pelipper|1\n|-crit|p1a: Pelipper\n|-resisted|p1b: Kingambit|1\n|-crit|p1b: Kingambit\n|-damage|p1a: Pelipper|20/100y\n|-damage|p1b: Kingambit|20/100y\n|move|p1a: Pelipper|Hurricane|p2b: Garchomp\n|-crit|p2b: Garchomp\n|-damage|p2b: Garchomp|0 fnt\n|faint|p2b: Garchomp\n|\n|win|dasntdothis\n|raw|dasntdothis's rating: 1289 &rarr; <strong>1317</strong><br />(+28 for winning)\n|raw|VictoriousDancing's rating: 1330 &rarr; <strong>1308</strong><br />(-22 for losing)\n|l|☆VictoriousDancing\n|player|p2|\n","uploadtime":1788268847,"views":"1","formatid":"gen9championsvgc2026regmb","rating":1308,"private":0,"password":null}