{"id":"gen9championsvgc2026regmb-2673872516","format":"[Gen 9 Champions] VGC 2026 Reg M-B","players":["alchemistake","makloy"],"log":"|j|☆alchemistake\n|j|☆makloy\n|html|<table width=\"100%\"><tr><td align=\"left\">alchemistake</td><td align=\"right\">makloy</tr><tr><td align=\"left\"><i class=\"fa fa-circle-o\"></i> <i class=\"fa fa-circle-o\"></i> </td><td align=\"right\"><i class=\"fa fa-circle-o\"></i> <i class=\"fa fa-circle-o\"></i> </tr></table>\n|uhtml|bestof|<h2><strong>Game 1</strong> of <a href=\"/game-bestof3-gen9championsvgc2026regmb-2673872515\">a best-of-3</a></h2>\n|t:|1788271386\n|gametype|doubles\n|player|p1|alchemistake|169|\n|player|p2|makloy|1|\n|gen|9\n|tier|[Gen 9 Champions] VGC 2026 Reg M-B\n|rated|Tournament battle\n|rule|Species Clause: Limit one of each Pokémon\n|rule|Item Clause: Limit 1 of each item\n|raw|<div class=\"infobox\"><details class=\"readmore\" open><summary><strong>2 custom rules:</strong></summary> Force Open Team Sheets, Best of = 3</details></div>\n|clearpoke\n|poke|p1|Whimsicott, L50, M|\n|poke|p1|Basculegion, L50, M|\n|poke|p1|Kingambit, L50, F|\n|poke|p1|Floette-Eternal, L50, F|\n|poke|p1|Garchomp, L50, F|\n|poke|p1|Charizard, L50, M|\n|poke|p2|Sneasler, L50, M|\n|poke|p2|Sinistcha-Masterpiece, L50|\n|poke|p2|Floette-Eternal, L50, F|\n|poke|p2|Froslass, L50, F|\n|poke|p2|Delphox, L50, M|\n|poke|p2|Garchomp, L50, M|\n|teampreview|4\n|showteam|p1|Whimsicott||FocusSash|Prankster|Protect,Moonblast,Tailwind,Encore|Timid||M|||50|]Basculegion||MysticWater|Adaptability|WaveCrash,Protect,LastRespects,AquaJet|Adamant||M|||50|]Kingambit||ChopleBerry|Defiant|KowtowCleave,LowKick,SuckerPunch,IronHead|Adamant||F|||50|]Floette-Eternal||Floettite|FlowerVeil|DazzlingGleam,Moonblast,LightofRuin,Protect|Timid||F|||50|]Garchomp||LifeOrb|RoughSkin|Protect,StompingTantrum,DragonClaw,RockSlide|Jolly||F|||50|]Charizard||CharizarditeY|Blaze|HeatWave,SolarBeam,WeatherBall,Protect|Modest||M|||50|\n|showteam|p2|Sneasler||WhiteHerb|Unburden|FakeOut,CloseCombat,Protect,DireClaw|Adamant||M|||50|]Sinistcha-Masterpiece||ColburBerry|Hospitality|MatchaGotcha,RagePowder,TrickRoom,StrengthSap|Bold|||||50|]Floette-Eternal||Floettite|FlowerVeil|CalmMind,DrainingKiss,LightofRuin,Protect|Timid||F|||50|]Froslass||Froslassite|SnowCloak|WillOWisp,AuroraVeil,Blizzard,Hex|Timid||F|||50|]Delphox||Delphoxite|Blaze|Psychic,NastyPlot,HeatWave,Protect|Timid||M|||50|]Garchomp||ChoiceScarf|RoughSkin|Earthquake,IronHead,RockSlide,DragonClaw|Jolly||M|||50|\n|c|☆makloy|cool yard team\n|c|☆alchemistake|i just randomized one of the suggested teams\n|\n|t:|1788271434\n|teamsize|p1|4\n|teamsize|p2|4\n|start\n|switch|p1a: Charizard|Charizard, L50, M|100/100\n|switch|p1b: Kingambit|Kingambit, L50, F|100/100\n|switch|p2a: fake out|Sneasler, L50, M|100/100\n|switch|p2b: support and damage|Froslass, L50, F|100/100\n|turn|1\n|\n|t:|1788271452\n|move|p1a: Charizard|Protect|p1a: Charizard\n|-singleturn|p1a: Charizard|Protect\n|move|p2a: fake out|Fake Out|p1a: Charizard\n|-activate|p1a: Charizard|move: Protect\n|move|p2b: support and damage|Will-O-Wisp|p1b: Kingambit\n|-status|p1b: Kingambit|brn\n|move|p1b: Kingambit|Kowtow Cleave|p2b: support and damage\n|-supereffective|p2b: support and damage|1\n|-damage|p2b: support and damage|31/100\n|\n|-damage|p1b: Kingambit|94/100 brn|[from] brn\n|upkeep\n|turn|2\n|\n|t:|1788271490\n|switch|p2b: big damage|Garchomp, L50, M|100/100\n|switch|p1b: Garchomp|Garchomp, L50, F|100/100\n|detailschange|p1a: Charizard|Charizard-Mega-Y, L50, M\n|-mega|p1a: Charizard|Charizard|Charizardite Y\n|-weather|SunnyDay|[from] ability: Drought|[of] p1a: Charizard\n|move|p2a: fake out|Close Combat|p1b: Garchomp\n|-damage|p1b: Garchomp|33/100\n|-unboost|p2a: fake out|def|1\n|-unboost|p2a: fake out|spd|1\n|-damage|p2a: fake out|87/100|[from] ability: Rough Skin|[of] p1b: Garchomp\n|-enditem|p2a: fake out|White Herb\n|-clearnegativeboost|p2a: fake out|[silent]\n|move|p1a: Charizard|Heat Wave|p2a: fake out|[spread] p2a,p2b\n|-resisted|p2b: big damage|1\n|-damage|p2a: fake out|18/100\n|-damage|p2b: big damage|69/100\n|\n|-weather|SunnyDay|[upkeep]\n|upkeep\n|turn|3\n|\n|t:|1788271512\n|move|p1b: Garchomp|Protect|p1b: Garchomp\n|-singleturn|p1b: Garchomp|Protect\n|move|p2a: fake out|Close Combat|p1b: Garchomp\n|-activate|p1b: Garchomp|move: Protect\n|move|p2b: big damage|Rock Slide|p1b: Garchomp|[spread] p1a\n|-activate|p1b: Garchomp|move: Protect\n|-supereffective|p1a: Charizard|2\n|-damage|p1a: Charizard|27/100\n|move|p1a: Charizard|Heat Wave|p2a: fake out|[spread] p2a\n|-miss|p1a: Charizard|p2b: big damage\n|-damage|p2a: fake out|0 fnt\n|faint|p2a: fake out\n|\n|-weather|SunnyDay|[upkeep]\n|upkeep\n|l|☆makloy\n|player|p2|\n|j|☆makloy\n|player|p2|makloy|1|\n|\n|t:|1788271531\n|switch|p2a: support and damage|Froslass, L50, F|31/100\n|turn|4\n|\n|t:|1788271541\n|switch|p1a: Whimsicott|Whimsicott, L50, M|100/100\n|detailschange|p2a: support and damage|Froslass-Mega, L50, F\n|-mega|p2a: support and damage|Froslass|Froslassite\n|-weather|Snowscape|[from] ability: Snow Warning|[of] p2a: support and damage\n|move|p2b: big damage|Rock Slide|p1a: Whimsicott|[spread] p1a,p1b\n|-resisted|p1b: Garchomp|1\n|-damage|p1a: Whimsicott|68/100\n|-damage|p1b: Garchomp|23/100\n|move|p2a: support and damage|Aurora Veil|p2a: support and damage\n|-sidestart|p2: makloy|move: Aurora Veil\n|move|p1b: Garchomp|Dragon Claw|p2b: big damage\n|-supereffective|p2b: big damage|1\n|-damage|p2b: big damage|1/100\n|-damage|p1b: Garchomp|11/100|[from] ability: Rough Skin|[of] p2b: big damage\n|-damage|p1b: Garchomp|1/100|[from] item: Life Orb\n|\n|-weather|Snowscape|[upkeep]\n|upkeep\n|turn|5\n|\n|t:|1788271560\n|switch|p2a: support tea|Sinistcha-Masterpiece, L50|100/100\n|-heal|p2b: big damage|25/100|[from] ability: Hospitality|[of] p2a: support tea\n|move|p1a: Whimsicott|Tailwind|p1a: Whimsicott\n|-sidestart|p1: alchemistake|move: Tailwind\n|move|p1b: Garchomp|Rock Slide|p2a: support tea|[spread] p2a\n|-miss|p1b: Garchomp|p2b: big damage\n|-damage|p2a: support tea|87/100\n|-damage|p1b: Garchomp|0 fnt|[from] item: Life Orb\n|faint|p1b: Garchomp\n|move|p2b: big damage|Rock Slide|p1a: Whimsicott\n|-damage|p1a: Whimsicott|27/100\n|\n|-weather|Snowscape|[upkeep]\n|upkeep\n|\n|t:|1788271575\n|switch|p1b: Charizard|Charizard-Mega-Y, L50, M|27/100\n|-weather|SunnyDay|[from] ability: Drought|[of] p1b: Charizard\n|turn|6\n|\n|t:|1788271590\n|move|p2a: support tea|Rage Powder|p2a: support tea\n|-singleturn|p2a: support tea|move: Rage Powder\n|move|p1a: Whimsicott|Moonblast|p2b: big damage\n|-supereffective|p2b: big damage|1\n|-crit|p2b: big damage\n|-damage|p2b: big damage|0 fnt\n|faint|p2b: big damage\n|move|p1b: Charizard|Heat Wave|p2a: support tea\n|-supereffective|p2a: support tea|1\n|-damage|p2a: support tea|0 fnt\n|faint|p2a: support tea\n|\n|-weather|SunnyDay|[upkeep]\n|upkeep\n|\n|t:|1788271592\n|switch|p2b: support and damage|Froslass-Mega, L50, F|31/100\n|-weather|Snowscape|[from] ability: Snow Warning|[of] p2b: support and damage\n|turn|7\n|\n|t:|1788271613\n|move|p1a: Whimsicott|Moonblast|p2b: support and damage\n|-damage|p2b: support and damage|6/100\n|move|p1b: Charizard|Heat Wave|p2b: support and damage\n|-supereffective|p2b: support and damage|1\n|-damage|p2b: support and damage|0 fnt\n|faint|p2b: support and damage\n|\n|win|alchemistake\n","uploadtime":1788271613,"views":"0","formatid":"gen9championsvgc2026regmb","rating":null,"private":0,"password":null}