{"id":"gen9championsvgc2026regmb-2673851952","format":"[Gen 9 Champions] VGC 2026 Reg M-B","players":["Thornlace48812","daviredsky"],"log":"|j|☆Thornlace48812\n|j|☆daviredsky\n|t:|1788268554\n|gametype|doubles\n|player|p1|Thornlace48812|102|1139\n|player|p2|daviredsky|266|1096\n|gen|9\n|tier|[Gen 9 Champions] VGC 2026 Reg M-B\n|rated|\n|rule|Species Clause: Limit one of each Pokémon\n|rule|Item Clause: Limit 1 of each item\n|clearpoke\n|poke|p1|Garchomp, L50, M|\n|poke|p1|Charizard, L50, F|\n|poke|p1|Whimsicott, L50, M|\n|poke|p1|Sylveon, L50, F|\n|poke|p1|Kingambit, L50, M|\n|poke|p1|Basculegion, L50, M|\n|poke|p2|Annihilape, L50, F|\n|poke|p2|Whimsicott, L50, F|\n|poke|p2|Hydreigon, L50, F|\n|poke|p2|Metagross, L50|\n|poke|p2|Raichu, L50, M|\n|poke|p2|Milotic, L50, F|\n|teampreview|4\n|inactive|Battle timer is ON: inactive players will automatically lose when time's up. (requested by Thornlace48812)\nThornlace48812 rejected open team sheets.\n|inactive|daviredsky has 60 seconds left.\n|\n|t:|1788268587\n|teamsize|p1|4\n|teamsize|p2|4\n|start\n|switch|p1a: Charizard|Charizard, L50, F|100/100\n|switch|p1b: Whimsicott|Whimsicott, L50, M|100/100\n|switch|p2a: Annihilape|Annihilape, L50, F|100/100\n|switch|p2b: Whimsicott|Whimsicott, L50, F|100/100\n|turn|1\n|\n|t:|1788268597\n|detailschange|p1a: Charizard|Charizard-Mega-Y, L50, F\n|-mega|p1a: Charizard|Charizard|Charizardite Y\n|-weather|SunnyDay|[from] ability: Drought|[of] p1a: Charizard\n|move|p1b: Whimsicott|Moonblast|p2a: Annihilape\n|-supereffective|p2a: Annihilape|1\n|-damage|p2a: Annihilape|43/100\n|-enditem|p2a: Annihilape|Sitrus Berry|[eat]\n|-heal|p2a: Annihilape|68/100|[from] item: Sitrus Berry\n|move|p2b: Whimsicott|Moonblast|p1a: Charizard\n|-resisted|p1a: Charizard|1\n|-damage|p1a: Charizard|82/100\n|move|p1a: Charizard|Heat Wave|p2b: Whimsicott|[spread] p2a,p2b\n|-supereffective|p2b: Whimsicott|1\n|-damage|p2a: Annihilape|13/100\n|-enditem|p2b: Whimsicott|Focus Sash\n|-damage|p2b: Whimsicott|1/100\n|move|p2a: Annihilape|Rage Fist|p1a: Charizard\n|-damage|p1a: Charizard|8/100\n|\n|-weather|SunnyDay|[upkeep]\n|upkeep\n|turn|2\n|\n|t:|1788268622\n|move|p2a: Annihilape|Protect|p2a: Annihilape\n|-singleturn|p2a: Annihilape|Protect\n|move|p2b: Whimsicott|Tailwind|p2b: Whimsicott\n|-sidestart|p2: daviredsky|move: Tailwind\n|move|p1b: Whimsicott|Moonblast|p2a: Annihilape\n|-activate|p2a: Annihilape|move: Protect\n|move|p1a: Charizard|Heat Wave|p2a: Annihilape|[spread] p2b\n|-activate|p2a: Annihilape|move: Protect\n|-supereffective|p2b: Whimsicott|1\n|-damage|p2b: Whimsicott|0 fnt\n|faint|p2b: Whimsicott\n|\n|-weather|SunnyDay|[upkeep]\n|upkeep\n|\n|t:|1788268640\n|switch|p2b: Metagross|Metagross, L50|100/100\n|turn|3\n|inactive|daviredsky has 30 seconds left.\n|l|☆daviredsky\n|inactive|daviredsky disconnected and has a minute to reconnect!\n|player|p2|\n|j|☆daviredsky\n|inactive|daviredsky reconnected and has 25 seconds left.\n|player|p2|daviredsky|266|\n|inactive|daviredsky has 20 seconds left.\n|inactive|daviredsky has 15 seconds left.\n|inactive|daviredsky has 10 seconds left.\n|\n|t:|1788268686\n|detailschange|p2b: Metagross|Metagross-Mega, L50\n|-mega|p2b: Metagross|Metagross|Metagrossite\n|move|p1b: Whimsicott|Protect|p1b: Whimsicott\n|-singleturn|p1b: Whimsicott|Protect\n|move|p2b: Metagross|Protect|p2b: Metagross\n|-singleturn|p2b: Metagross|Protect\n|move|p1a: Charizard|Protect|p1a: Charizard\n|-singleturn|p1a: Charizard|Protect\n|move|p2a: Annihilape|Rage Fist|p1b: Whimsicott\n|-activate|p1b: Whimsicott|move: Protect\n|\n|-weather|SunnyDay|[upkeep]\n|upkeep\n|turn|4\n|\n|t:|1788268701\n|move|p1a: Charizard|Protect||[still]\n|-fail|p1a: Charizard\n|move|p1b: Whimsicott|Tailwind|p1b: Whimsicott\n|-sidestart|p1: Thornlace48812|move: Tailwind\n|move|p2b: Metagross|Ice Punch|p1a: Charizard\n|-damage|p1a: Charizard|0 fnt\n|faint|p1a: Charizard\n|move|p2a: Annihilape|Rage Fist|p1b: Whimsicott\n|-damage|p1b: Whimsicott|8/100\n|\n|-weather|SunnyDay|[upkeep]\n|upkeep\n|\n|t:|1788268702\n|switch|p1a: Sylveon|Sylveon, L50, F|100/100\n|turn|5\n|inactive|daviredsky has 30 seconds left.\n|\n|t:|1788268730\n|move|p1b: Whimsicott|Moonblast|p2a: Annihilape\n|-supereffective|p2a: Annihilape|1\n|-damage|p2a: Annihilape|0 fnt\n|faint|p2a: Annihilape\n|move|p2b: Metagross|Meteor Mash|p1b: Whimsicott\n|-supereffective|p1b: Whimsicott|1\n|-damage|p1b: Whimsicott|0 fnt\n|-boost|p2b: Metagross|atk|1\n|faint|p1b: Whimsicott\n|move|p1a: Sylveon|Hyper Voice|p2b: Metagross\n|-resisted|p2b: Metagross|1\n|-damage|p2b: Metagross|65/100\n|\n|-weather|none\n|-sideend|p2: daviredsky|move: Tailwind\n|upkeep\n|\n|t:|1788268734\n|switch|p1b: Basculegion|Basculegion, L50, M|100/100\n|switch|p2a: Hydreigon|Hydreigon, L50, F|100/100\n|turn|6\n|\n|t:|1788268742\n|move|p1b: Basculegion|Last Respects|p2b: Metagross\n|-supereffective|p2b: Metagross|1\n|-damage|p2b: Metagross|0 fnt\n|faint|p2b: Metagross\n|move|p1a: Sylveon|Hyper Voice|p2a: Hydreigon\n|-supereffective|p2a: Hydreigon|2\n|-damage|p2a: Hydreigon|0 fnt\n|faint|p2a: Hydreigon\n|\n|win|Thornlace48812\n|raw|Thornlace48812's rating: 1087 &rarr; <strong>1115</strong><br />(+28 for winning)\n|raw|daviredsky's rating: 1096 &rarr; <strong>1071</strong><br />(-25 for losing)\n","uploadtime":1788268743,"views":"1","formatid":"gen9championsvgc2026regmb","rating":1071,"private":0,"password":null}