{"id":"gen9championsvgc2026regmb-2674059165","format":"[Gen 9 Champions] VGC 2026 Reg M-B","players":["Amburgue","Flapple_Fan_24765"],"log":"|j|☆Amburgue\n|j|☆Flapple_Fan_24765\n|t:|1788293715\n|gametype|doubles\n|player|p1|Amburgue|veteran|1025\n|player|p2|Flapple_Fan_24765|n|1000\n|gen|9\n|tier|[Gen 9 Champions] VGC 2026 Reg M-B\n|rated|\n|rule|Species Clause: Limit one of each Pokémon\n|rule|Item Clause: Limit 1 of each item\n|clearpoke\n|poke|p1|Ditto, L50, shiny|\n|poke|p1|Chandelure, L50, M, shiny|\n|poke|p1|Incineroar, L50, M, shiny|\n|poke|p1|Golurk, L50|\n|poke|p1|Clefable, L50, F|\n|poke|p1|Aegislash, L50, M|\n|poke|p2|Flapple, L50, F|\n|poke|p2|Sableye, L50, M|\n|poke|p2|Whimsicott, L50, M|\n|poke|p2|Gengar, L50, M|\n|poke|p2|Rotom-Wash, L50|\n|poke|p2|Chandelure, L50, F|\n|teampreview|4\n|inactive|Battle timer is ON: inactive players will automatically lose when time's up. (requested by Amburgue)\n|inactive|Flapple_Fan_24765 has 60 seconds left.\nAmburgue has agreed to open team sheets.\n|\n|t:|1788293768\n|teamsize|p1|4\n|teamsize|p2|4\n|start\n|switch|p1a: Clefable|Clefable, L50, F|100/100\n|switch|p1b: Golurk|Golurk, L50|100/100\n|switch|p2a: Flapple|Flapple, L50, F|100/100\n|switch|p2b: Sableye|Sableye, L50, M|100/100\n|turn|1\n|\n|t:|1788293783\n|detailschange|p1b: Golurk|Golurk-Mega, L50\n|-mega|p1b: Golurk|Golurk|Golurkite\n|move|p1a: Clefable|Follow Me|p1a: Clefable\n|-singleturn|p1a: Clefable|move: Follow Me\n|move|p2b: Sableye|Gravity|p2b: Sableye\n|-fieldstart|move: Gravity\n|move|p2a: Flapple|Dragon Dance|p2a: Flapple\n|-boost|p2a: Flapple|atk|1\n|-boost|p2a: Flapple|spe|1\n|move|p1b: Golurk|Ice Punch|p2a: Flapple\n|-supereffective|p2a: Flapple|2\n|-damage|p2a: Flapple|0 fnt\n|faint|p2a: Flapple\n|\n|upkeep\n|n|!Flapple_Fan_24765|flapplefan24765\n|\n|t:|1788293805\n|switch|p2a: Rotom|Rotom-Wash, L50|100/100\n|turn|2\n|\n|t:|1788293824\n|move|p2b: Sableye|Rain Dance|p2b: Sableye\n|-weather|RainDance\n|move|p2a: Rotom|Hydro Pump|p1b: Golurk\n|-supereffective|p1b: Golurk|1\n|-damage|p1b: Golurk|0 fnt\n|faint|p1b: Golurk\n|move|p1a: Clefable|Knock Off|p2b: Sableye\n|-damage|p2b: Sableye|84/100\n|-enditem|p2b: Sableye|Roseli Berry|[from] move: Knock Off|[of] p1a: Clefable\n|\n|-weather|RainDance|[upkeep]\n|upkeep\n|\n|t:|1788293831\n|switch|p1b: Ditto|Ditto, L50, shiny|100/100\n|-transform|p1b: Ditto|p2a: Rotom|[from] ability: Imposter\n|turn|3\n|\n|t:|1788293847\n|move|p2a: Rotom|Hydro Pump|p1a: Clefable\n|-damage|p1a: Clefable|29/100\n|move|p1b: Ditto|Volt Switch|p2a: Rotom\n|-crit|p2a: Rotom\n|-damage|p2a: Rotom|55/100\n|\n|t:|1788293855\n|switch|p1b: Incineroar|Incineroar, L50, M, shiny|100/100|[from] Volt Switch\n|-ability|p1b: Incineroar|Intimidate|boost\n|-unboost|p2a: Rotom|atk|1\n|-unboost|p2b: Sableye|atk|1\n|move|p1a: Clefable|Future Sight|p2a: Rotom\n|-start|p1a: Clefable|move: Future Sight\n|move|p2b: Sableye|Knock Off|p1b: Incineroar\n|-resisted|p1b: Incineroar|1\n|-damage|p1b: Incineroar|89/100\n|-enditem|p1b: Incineroar|Sitrus Berry|[from] move: Knock Off|[of] p2b: Sableye\n|\n|-weather|RainDance|[upkeep]\n|-heal|p1a: Clefable|35/100|[from] item: Leftovers\n|upkeep\n|turn|4\n|\n|t:|1788293870\n|move|p1b: Incineroar|Fake Out|p2b: Sableye\n|-immune|p2b: Sableye\n|move|p1a: Clefable|Follow Me|p1a: Clefable\n|-singleturn|p1a: Clefable|move: Follow Me\n|move|p2b: Sableye|Quash||[still]\n|-fail|p2b: Sableye\n|move|p2a: Rotom|Hydro Pump|p1a: Clefable\n|-damage|p1a: Clefable|0 fnt\n|faint|p1a: Clefable\n|\n|-weather|RainDance|[upkeep]\n|upkeep\n|\n|t:|1788293879\n|switch|p1a: Ditto|Ditto, L50, shiny|100/100\n|-transform|p1a: Ditto|p2b: Sableye|[from] ability: Imposter\n|turn|5\n|\n|t:|1788293890\n|move|p1a: Ditto|Quash|p2b: Sableye\n|-hint|Since gen 7, Dark is immune to Prankster moves.\n|-immune|p2b: Sableye\n|move|p2b: Sableye|Quash|p1b: Incineroar\n|-hint|Since gen 7, Dark is immune to Prankster moves.\n|-immune|p1b: Incineroar\n|move|p2a: Rotom|Hydro Pump|p1b: Incineroar\n|-supereffective|p1b: Incineroar|1\n|-damage|p1b: Incineroar|0 fnt\n|faint|p1b: Incineroar\n|\n|-weather|RainDance|[upkeep]\n|-end|p2a: Rotom|move: Future Sight\n|-crit|p2a: Rotom\n|-damage|p2a: Rotom|15/100\n|-fieldend|move: Gravity\n|upkeep\n|turn|6\n|\n|t:|1788293905\n|move|p1a: Ditto|Quash|p2a: Rotom\n|-activate|p2a: Rotom|move: Quash\n|move|p2b: Sableye|Gravity|p2b: Sableye\n|-fieldstart|move: Gravity\n|move|p2a: Rotom|Hydro Pump|p1a: Ditto\n|-damage|p1a: Ditto|0 fnt\n|faint|p1a: Ditto\n|\n|win|Flapple_Fan_24765\n","uploadtime":1788293799,"views":"0","formatid":"gen9championsvgc2026regmb","rating":null,"private":0,"password":null}