{"id":"gen9championsvgc2026regmbbo3-2673874566","format":"[Gen 9 Champions] VGC 2026 Reg M-B (Bo3)","players":["raksbach","Bobby_and_Jeffy"],"log":"|j|☆raksbach\n|j|☆Bobby_and_Jeffy\n|html|<table width=\"100%\"><tr><td align=\"left\">raksbach</td><td align=\"right\">Bobby_and_Jeffy</tr><tr><td align=\"left\"><i class=\"fa fa-circle-o\"></i> <i class=\"fa fa-circle-o\"></i> </td><td align=\"right\"><i class=\"fa fa-circle-o\"></i> <i class=\"fa fa-circle-o\"></i> </tr></table>\n|uhtml|bestof|<h2><strong>Game 1</strong> of <a href=\"/game-bestof3-gen9championsvgc2026regmbbo3-2673874565\">a best-of-3</a></h2>\n|t:|1788271648\n|gametype|doubles\n|player|p1|raksbach|doubleteam|1136\n|player|p2|Bobby_and_Jeffy|lucas|1067\n|gen|9\n|tier|[Gen 9 Champions] VGC 2026 Reg M-B (Bo3)\n|rated|\n|rule|Species Clause: Limit one of each Pokémon\n|rule|Item Clause: Limit 1 of each item\n|clearpoke\n|poke|p1|Dragonite, L50, F|\n|poke|p1|Sneasler, L50, M|\n|poke|p1|Basculegion, L50, M|\n|poke|p1|Kingambit, L50, M|\n|poke|p1|Garchomp, L50, F|\n|poke|p1|Floette-Eternal, L50, F|\n|poke|p2|Charizard, L50, F|\n|poke|p2|Floette-Eternal, L50, F|\n|poke|p2|Venusaur, L50, F|\n|poke|p2|Garchomp, L50, F|\n|poke|p2|Incineroar, L50, M|\n|poke|p2|Sinistcha, L50|\n|teampreview|4\n|showteam|p1|Dragonite||Dragoninite|Multiscale|DragonPulse,HeatWave,ExtremeSpeed,Protect|Modest||F|||50|]Sneasler||FocusSash|PoisonTouch|CloseCombat,DireClaw,FakeOut,Feint|Jolly||M|||50|]Basculegion||LifeOrb|Adaptability|WaveCrash,LastRespects,AquaJet,Protect|Adamant||M|||50|]Kingambit||ChopleBerry|Defiant|SuckerPunch,KowtowCleave,LowKick,IronHead|Adamant||M|||50|]Garchomp||ChoiceScarf|RoughSkin|DragonClaw,StompingTantrum,Earthquake,RockSlide|Adamant||F|||50|]Floette-Eternal||Floettite|FlowerVeil|Moonblast,DazzlingGleam,LightofRuin,Protect|Timid||F|||50|\n|showteam|p2|Charizard||CharizarditeY|Blaze|HeatWave,SolarBeam,WeatherBall,Protect|Timid||F|||50|]Floette-Eternal||Floettite|FlowerVeil|Moonblast,DazzlingGleam,CalmMind,Protect|Modest||F|||50|]Venusaur||FocusSash|Chlorophyll|SleepPowder,SolarBeam,EarthPower,Protect|Modest||F|||50|]Garchomp||ChoiceScarf|RoughSkin|Earthquake,RockSlide,StompingTantrum,DragonClaw|Jolly||F|||50|]Incineroar||SitrusBerry|Intimidate|FakeOut,FlareBlitz,PartingShot,ThroatChop|Careful||M|||50|]Sinistcha||KasibBerry|Hospitality|MatchaGotcha,RagePowder,TrickRoom,Protect|Relaxed|||||50|\n|inactive|Battle timer is ON: inactive players will automatically lose when time's up. (requested by Bobby_and_Jeffy)\n|inactive|raksbach also wants the timer to be on.\n|inactive|raksbach has 60 seconds left.\n|inactive|Bobby_and_Jeffy has 60 seconds left.\n|\n|t:|1788271687\n|teamsize|p1|4\n|teamsize|p2|4\n|start\n|switch|p1a: Dragonite|Dragonite, L50, F|100/100\n|switch|p1b: Sneasler|Sneasler, L50, M|100/100\n|switch|p2a: Incineroar|Incineroar, L50, M|100/100\n|switch|p2b: Floette|Floette-Eternal, L50, F|100/100\n|-ability|p2a: Incineroar|Intimidate|boost\n|-unboost|p1a: Dragonite|atk|1\n|-unboost|p1b: Sneasler|atk|1\n|turn|1\n|\n|t:|1788271704\n|switch|p1a: Kingambit|Kingambit, L50, M|100/100\n|detailschange|p2b: Floette|Floette-Mega, L50, F\n|-mega|p2b: Floette|Floette|Floettite\n|-ability|p2b: Floette|Fairy Aura\n|move|p2a: Incineroar|Fake Out|p1b: Sneasler\n|-damage|p1b: Sneasler|82/100\n|cant|p1b: Sneasler|flinch\n|move|p2b: Floette|Calm Mind|p2b: Floette\n|-boost|p2b: Floette|spa|1\n|-boost|p2b: Floette|spd|1\n|\n|upkeep\n|turn|2\n|\n|t:|1788271722\n|move|p1b: Sneasler|Feint|p2b: Floette\n|-damage|p2b: Floette|92/100\n|move|p2b: Floette|Calm Mind|p2b: Floette\n|-boost|p2b: Floette|spa|1\n|-boost|p2b: Floette|spd|1\n|move|p2a: Incineroar|Flare Blitz|p1a: Kingambit\n|-supereffective|p1a: Kingambit|1\n|-damage|p1a: Kingambit|29/100\n|-damage|p2a: Incineroar|76/100|[from] Recoil\n|move|p1a: Kingambit|Iron Head|p2b: Floette\n|-supereffective|p2b: Floette|1\n|-damage|p2b: Floette|5/100\n|\n|upkeep\n|turn|3\n|\n|t:|1788271744\n|move|p1b: Sneasler|Feint|p2b: Floette\n|-damage|p2b: Floette|0 fnt\n|faint|p2b: Floette\n|move|p2a: Incineroar|Flare Blitz|p1a: Kingambit\n|-supereffective|p1a: Kingambit|1\n|-damage|p1a: Kingambit|0 fnt\n|faint|p1a: Kingambit\n|-damage|p2a: Incineroar|66/100|[from] Recoil\n|\n|upkeep\n|\n|t:|1788271754\n|switch|p2b: Garchomp|Garchomp, L50, F|100/100\n|switch|p1a: Dragonite|Dragonite, L50, F|100/100\n|turn|4\n|inactive|Bobby_and_Jeffy has 30 seconds left.\n|\n|t:|1788271782\n|detailschange|p1a: Dragonite|Dragonite-Mega, L50, F\n|-mega|p1a: Dragonite|Dragonite|Dragoninite\n|move|p1a: Dragonite|Protect|p1a: Dragonite\n|-singleturn|p1a: Dragonite|Protect\n|move|p2b: Garchomp|Rock Slide|p1a: Dragonite|[spread] p1b\n|-activate|p1a: Dragonite|move: Protect\n|-resisted|p1b: Sneasler|1\n|-damage|p1b: Sneasler|66/100\n|move|p1b: Sneasler|Close Combat|p2a: Incineroar\n|-supereffective|p2a: Incineroar|1\n|-damage|p2a: Incineroar|0 fnt\n|-unboost|p1b: Sneasler|def|1\n|-unboost|p1b: Sneasler|spd|1\n|faint|p2a: Incineroar\n|\n|upkeep\n|\n|t:|1788271796\n|switch|p2a: Sinistcha|Sinistcha, L50|100/100\n|turn|5\n|c|☆Bobby_and_Jeffy|gg\n|\n|t:|1788271811\n|move|p2a: Sinistcha|Rage Powder|p2a: Sinistcha\n|-singleturn|p2a: Sinistcha|move: Rage Powder\n|move|p2b: Garchomp|Rock Slide|p1a: Dragonite|[spread] p1a,p1b\n|-supereffective|p1a: Dragonite|1\n|-resisted|p1b: Sneasler|1\n|-damage|p1a: Dragonite|80/100\n|-damage|p1b: Sneasler|43/100\n|move|p1b: Sneasler|Dire Claw|p2a: Sinistcha\n|-damage|p2a: Sinistcha|79/100\n|move|p1a: Dragonite|Heat Wave|p2a: Sinistcha|[spread] p2a,p2b\n|-supereffective|p2a: Sinistcha|1\n|-resisted|p2b: Garchomp|1\n|-damage|p2a: Sinistcha|12/100\n|-damage|p2b: Garchomp|85/100\n|\n|upkeep\n|turn|6\n|\n|t:|1788271827\n|move|p2a: Sinistcha|Rage Powder|p2a: Sinistcha\n|-singleturn|p2a: Sinistcha|move: Rage Powder\n|move|p2b: Garchomp|Rock Slide|p1a: Dragonite|[spread] p1a,p1b\n|-supereffective|p1a: Dragonite|1\n|-resisted|p1b: Sneasler|1\n|-damage|p1a: Dragonite|45/100\n|-damage|p1b: Sneasler|19/100\n|cant|p1b: Sneasler|flinch\n|cant|p1a: Dragonite|flinch\n|\n|upkeep\n|turn|7\n|c|☆Bobby_and_Jeffy|double flinch\n|\n|t:|1788271842\n|move|p2a: Sinistcha|Rage Powder|p2a: Sinistcha\n|-singleturn|p2a: Sinistcha|move: Rage Powder\n|move|p2b: Garchomp|Rock Slide|p1a: Dragonite|[spread] p1a,p1b\n|-supereffective|p1a: Dragonite|1\n|-resisted|p1b: Sneasler|1\n|-damage|p1a: Dragonite|5/100\n|-damage|p1b: Sneasler|0 fnt\n|faint|p1b: Sneasler\n|move|p1a: Dragonite|Dragon Pulse|p2a: Sinistcha\n|-damage|p2a: Sinistcha|0 fnt\n|faint|p2a: Sinistcha\n|\n|upkeep\n|c|☆raksbach|that is crazy\n|\n|t:|1788271851\n|switch|p1b: Basculegion|Basculegion, L50, M|100/100\n|turn|8\n|c|☆Bobby_and_Jeffy|it is 9 percent\n|c|☆Bobby_and_Jeffy|1 v 2\n|\n|t:|1788271868\n|move|p1a: Dragonite|Protect|p1a: Dragonite\n|-singleturn|p1a: Dragonite|Protect\n|move|p2b: Garchomp|Rock Slide|p1a: Dragonite|[spread] p1b\n|-activate|p1a: Dragonite|move: Protect\n|-damage|p1b: Basculegion|74/100\n|move|p1b: Basculegion|Last Respects|p2b: Garchomp\n|-damage|p2b: Garchomp|0 fnt\n|faint|p2b: Garchomp\n|-damage|p1b: Basculegion|64/100|[from] item: Life Orb\n|\n|win|raksbach\n","uploadtime":1788271869,"views":"0","formatid":"gen9championsvgc2026regmbbo3","rating":null,"private":0,"password":null}