{"id":"gen9championsvgc2026regmbbo3-2674863627","format":"[Gen 9 Champions] VGC 2026 Reg M-B (Bo3)","players":["SlayDer21","okkia3"],"log":"|j|☆SlayDer21\n|j|☆okkia3\n|html|<table width=\"100%\"><tr><td align=\"left\">SlayDer21</td><td align=\"right\">okkia3</tr><tr><td align=\"left\"><i class=\"fa fa-circle\"></i> <i class=\"fa fa-circle-o\"></i> </td><td align=\"right\"><i class=\"fa fa-circle-o\"></i> <i class=\"fa fa-circle-o\"></i> </tr></table>\n|uhtml|bestof|<h2><strong>Game 2</strong> of <a href=\"/game-bestof3-gen9championsvgc2026regmbbo3-2674862575\">a best-of-3</a></h2>\n|t:|1788424078\n|gametype|doubles\n|player|p1|SlayDer21|170|1054\n|player|p2|okkia3|102|1070\n|gen|9\n|tier|[Gen 9 Champions] VGC 2026 Reg M-B (Bo3)\n|rated|\n|rule|Species Clause: Limit one of each Pokémon\n|rule|Item Clause: Limit 1 of each item\n|clearpoke\n|poke|p1|Gardevoir, L50, M, shiny|\n|poke|p1|Kingambit, L50, F, shiny|\n|poke|p1|Incineroar, L50, M|\n|poke|p1|Garchomp, L50, F|\n|poke|p1|Aerodactyl, L50, F|\n|poke|p1|Maushold, L50|\n|poke|p2|Charizard, L50, M|\n|poke|p2|Whimsicott, L50, M|\n|poke|p2|Basculegion, L50, M|\n|poke|p2|Farigiraf, L50, F|\n|poke|p2|Kangaskhan, L50, F|\n|poke|p2|Sneasler, L50, M|\n|teampreview|4\n|showteam|p1|Gardevoir||Gardevoirite|Trace|HyperVoice,Psychic,Protect,TrickRoom|Modest||M|||50|]Kingambit||ChopleBerry|Defiant|KowtowCleave,SuckerPunch,IronHead,LowKick|Adamant||F|||50|]Incineroar||Leftovers|Intimidate|FakeOut,PartingShot,FlareBlitz,WillOWisp|Careful||M|||50|]Garchomp||LifeOrb|RoughSkin|DragonClaw,StompingTantrum,Protect,RockSlide|Jolly||F|||50|]Aerodactyl||Aerodactylite|Pressure|DualWingbeat,Protect,Tailwind,RockSlide|Jolly||F|||50|]Maushold||FocusSash|FriendGuard|FollowMe,SuperFang,Encore,Protect|Timid|||||50|\n|showteam|p2|Charizard||CharizarditeY|SolarPower|WeatherBall,HeatWave,SolarBeam,Protect|Timid||M|||50|]Whimsicott||FocusSash|Prankster|Moonblast,Tailwind,SunnyDay,Encore|Timid||M|||50|]Basculegion||ChoiceScarf|Adaptability|WaveCrash,AquaJet,LastRespects,FlipTurn|Adamant||M|||50|]Farigiraf||SitrusBerry|ArmorTail|Psychic,HyperVoice,HelpingHand,TrickRoom|Modest||F|||50|]Kangaskhan||Kangaskhanite|Scrappy|FakeOut,DoubleEdge,DrainPunch,SuckerPunch|Adamant||F|||50|]Sneasler||WhiteHerb|Unburden|FakeOut,CloseCombat,DireClaw,RockTomb|Adamant||M|||50|\n|inactive|Battle timer is ON: inactive players will automatically lose when time's up. (requested by okkia3)\n|inactive|SlayDer21 has 60 seconds left.\n|inactive|SlayDer21 has 30 seconds left.\n|inactive|SlayDer21 has 20 seconds left.\n|\n|t:|1788424152\n|teamsize|p1|4\n|teamsize|p2|4\n|start\n|switch|p1a: Gardevoir|Gardevoir, L50, M, shiny|100/100\n|switch|p1b: Maushold|Maushold, L50|100/100\n|switch|p2a: Basculegion|Basculegion, L50, M|100/100\n|switch|p2b: Kangaskhan|Kangaskhan, L50, F|100/100\n|-ability|p1a: Gardevoir|Scrappy|Trace|[from] ability: Trace|[of] p2b: Kangaskhan\n|turn|1\n|\n|t:|1788424165\n|detailschange|p2b: Kangaskhan|Kangaskhan-Mega, L50, F\n|-mega|p2b: Kangaskhan|Kangaskhan|Kangaskhanite\n|move|p1b: Maushold|Protect|p1b: Maushold\n|-singleturn|p1b: Maushold|Protect\n|move|p1a: Gardevoir|Protect|p1a: Gardevoir\n|-singleturn|p1a: Gardevoir|Protect\n|move|p2b: Kangaskhan|Fake Out|p1a: Gardevoir\n|-activate|p1a: Gardevoir|move: Protect\n|move|p2a: Basculegion|Last Respects|p1a: Gardevoir\n|-activate|p1a: Gardevoir|move: Protect\n|\n|upkeep\n|turn|2\n|\n|t:|1788424187\n|switch|p1a: Incineroar|Incineroar, L50, M|100/100\n|-ability|p1a: Incineroar|Intimidate|boost\n|-unboost|p2a: Basculegion|atk|1\n|-unboost|p2b: Kangaskhan|atk|1\n|move|p2a: Basculegion|Last Respects|p1a: Incineroar\n|-resisted|p1a: Incineroar|1\n|-damage|p1a: Incineroar|92/100\n|move|p1b: Maushold|Encore|p2b: Kangaskhan\n|-start|p2b: Kangaskhan|Encore\n|move|p2b: Kangaskhan|Fake Out||[still]\n|-hint|Fake Out only works on your first turn out.\n|-fail|p2b: Kangaskhan\n|\n|-heal|p1a: Incineroar|98/100|[from] item: Leftovers\n|upkeep\n|turn|3\n|inactive|SlayDer21 has 30 seconds left.\n|inactive|SlayDer21 has 20 seconds left.\n|inactive|SlayDer21 has 15 seconds left.\n|inactive|SlayDer21 has 10 seconds left.\n|\n|t:|1788424236\n|switch|p2b: Sneasler|Sneasler, L50, M|100/100\n|move|p2a: Basculegion|Last Respects|p1a: Incineroar\n|-resisted|p1a: Incineroar|1\n|-damage|p1a: Incineroar|91/100\n|move|p1b: Maushold|Super Fang|p2b: Sneasler\n|-damage|p2b: Sneasler|50/100g\n|move|p1a: Incineroar|Will-O-Wisp|p2a: Basculegion\n|-status|p2a: Basculegion|brn\n|\n|-heal|p1a: Incineroar|97/100|[from] item: Leftovers\n|-damage|p2a: Basculegion|93/100 brn|[from] brn\n|upkeep\n|turn|4\n|inactive|SlayDer21 has 30 seconds left.\n|\n|t:|1788424266\n|switch|p2a: Farigiraf|Farigiraf, L50, F|100/100\n|move|p1b: Maushold|Protect|p1b: Maushold\n|-singleturn|p1b: Maushold|Protect\n|move|p2b: Sneasler|Close Combat|p1a: Incineroar\n|-supereffective|p1a: Incineroar|1\n|-damage|p1a: Incineroar|12/100\n|-unboost|p2b: Sneasler|def|1\n|-unboost|p2b: Sneasler|spd|1\n|-enditem|p2b: Sneasler|White Herb\n|-clearnegativeboost|p2b: Sneasler|[silent]\n|move|p1a: Incineroar|Flare Blitz|p2b: Sneasler\n|-damage|p2b: Sneasler|0 fnt\n|faint|p2b: Sneasler\n|-damage|p1a: Incineroar|0 fnt|[from] Recoil\n|faint|p1a: Incineroar\n|\n|upkeep\n|\n|t:|1788424282\n|switch|p2b: Kangaskhan|Kangaskhan-Mega, L50, F|100/100\n|switch|p1a: Gardevoir|Gardevoir, L50, M, shiny|100/100\n|-ability|p1a: Gardevoir|Parental Bond|Trace|[from] ability: Trace|[of] p2b: Kangaskhan\n|turn|5\n|\n|t:|1788424297\n|detailschange|p1a: Gardevoir|Gardevoir-Mega, L50, M, shiny\n|-mega|p1a: Gardevoir|Gardevoir|Gardevoirite\n|move|p1b: Maushold|Follow Me|p1b: Maushold\n|-singleturn|p1b: Maushold|move: Follow Me\n|move|p2b: Kangaskhan|Drain Punch|p1b: Maushold\n|-supereffective|p1b: Maushold|1\n|-damage|p1b: Maushold|19/100\n|-supereffective|p1b: Maushold|1\n|-damage|p1b: Maushold|1/100\n|-hitcount|p1b: Maushold|2\n|move|p1a: Gardevoir|Hyper Voice|p2a: Farigiraf|[spread] p2a,p2b\n|-damage|p2a: Farigiraf|54/100\n|-damage|p2b: Kangaskhan|50/100y\n|move|p2a: Farigiraf|Psychic|p1b: Maushold\n|-damage|p1b: Maushold|0 fnt\n|faint|p1b: Maushold\n|\n|upkeep\n|\n|t:|1788424311\n|switch|p1b: Aerodactyl|Aerodactyl, L50, F|100/100\n|-ability|p1b: Aerodactyl|Pressure\n|turn|6\n|\n|t:|1788424322\n|move|p1b: Aerodactyl|Tailwind|p1b: Aerodactyl\n|-sidestart|p1: SlayDer21|move: Tailwind\n|move|p1a: Gardevoir|Hyper Voice|p2b: Kangaskhan|[spread] p2a,p2b\n|-damage|p2a: Farigiraf|13/100\n|-damage|p2b: Kangaskhan|0 fnt\n|-enditem|p2a: Farigiraf|Sitrus Berry|[eat]\n|-heal|p2a: Farigiraf|38/100|[from] item: Sitrus Berry\n|faint|p2b: Kangaskhan\n|move|p2a: Farigiraf|Hyper Voice|p1b: Aerodactyl|[spread] p1a,p1b\n|-resisted|p1b: Aerodactyl|1\n|-damage|p1a: Gardevoir|78/100\n|-damage|p1b: Aerodactyl|77/100\n|\n|upkeep\n|\n|t:|1788424322\n|switch|p2b: Basculegion|Basculegion, L50, M|93/100 brn\n|turn|7\n|\n|t:|1788424339\n|move|p1b: Aerodactyl|Dual Wingbeat|p2b: Basculegion\n|-damage|p2b: Basculegion|69/100 brn\n|-damage|p2b: Basculegion|47/100 brn\n|-hitcount|p2b: Basculegion|2\n|move|p1a: Gardevoir|Hyper Voice|p2a: Farigiraf|[spread] p2a,p2b\n|-crit|p2b: Basculegion\n|-damage|p2a: Farigiraf|0 fnt\n|-damage|p2b: Basculegion|0 fnt\n|faint|p2a: Farigiraf\n|faint|p2b: Basculegion\n|\n|win|SlayDer21\n|raw|SlayDer21's rating: 1054 &rarr; <strong>1090</strong><br />(+36 for winning)\n|raw|okkia3's rating: 1102 &rarr; <strong>1074</strong><br />(-28 for losing)\n","uploadtime":1788424339,"views":"1","formatid":"gen9championsvgc2026regmbbo3","rating":1074,"private":0,"password":null}