{"id":"gen9championsvgc2026regmbbo3-2674445723","format":"[Gen 9 Champions] VGC 2026 Reg M-B (Bo3)","players":["Jorge Saltamontes","Ceuta"],"log":"|j|☆Jorge Saltamontes\n|j|☆Ceuta\n|html|<table width=\"100%\"><tr><td align=\"left\">Jorge Saltamontes</td><td align=\"right\">Ceuta</tr><tr><td align=\"left\"><i class=\"fa fa-circle\"></i> <i class=\"fa fa-circle-o\"></i> </td><td align=\"right\"><i class=\"fa fa-circle-o\"></i> <i class=\"fa fa-circle-o\"></i> </tr></table>\n|uhtml|bestof|<h2><strong>Game 2</strong> of <a href=\"/game-bestof3-gen9championsvgc2026regmbbo3-2674441835\">a best-of-3</a></h2>\n|t:|1788360727\n|gametype|doubles\n|player|p1|Jorge Saltamontes|marshal|\n|player|p2|Ceuta|lebanne|\n|gen|9\n|tier|[Gen 9 Champions] VGC 2026 Reg M-B (Bo3)\n|rule|Species Clause: Limit one of each Pokémon\n|rule|Item Clause: Limit 1 of each item\n|clearpoke\n|poke|p1|Charizard, L50, M|\n|poke|p1|Garchomp, L50, F|\n|poke|p1|Incineroar, L50, M|\n|poke|p1|Venusaur, L50, M|\n|poke|p1|Toxapex, L50, F|\n|poke|p1|Sylveon, L50, F|\n|poke|p2|Incineroar, L50, F|\n|poke|p2|Maushold-Four, L50|\n|poke|p2|Sinistcha, L50|\n|poke|p2|Kingambit, L50, F|\n|poke|p2|Floette-Eternal, L50, F|\n|poke|p2|Delphox, L50, M|\n|teampreview|4\n|showteam|p1|Charizard||CharizarditeY|Blaze|WeatherBall,HeatWave,AncientPower,Protect|Modest||M|||50|]Garchomp||ChoiceScarf|RoughSkin|RockSlide,DragonClaw,Earthquake,StompingTantrum|Adamant||F|||50|]Incineroar||SitrusBerry|Intimidate|FlareBlitz,FakeOut,Protect,PartingShot|Impish||M|||50|]Venusaur||FocusSash|Chlorophyll|SludgeBomb,SleepPowder,EarthPower,Protect|Modest||M|||50|]Toxapex||Leftovers|Regenerator|Infestation,Toxic,WideGuard,BanefulBunker|Bold||F|||50|]Sylveon||FairyFeather|Pixilate|HyperVoice,QuickAttack,Yawn,Detect|Modest||F|||50|\n|showteam|p2|Incineroar||SitrusBerry|Intimidate|FakeOut,FlareBlitz,DarkestLariat,PartingShot|Careful||F|||50|]Maushold-Four||FocusSash|FriendGuard|FollowMe,SuperFang,Feint,Protect|Jolly|||||50|]Sinistcha||OccaBerry|Hospitality|MatchaGotcha,LifeDew,RagePowder,Protect|Relaxed|||||50|]Kingambit||LifeOrb|Defiant|KowtowCleave,SuckerPunch,SwordsDance,Protect|Adamant||F|||50|]Floette-Eternal||Floettite|FlowerVeil|Moonblast,DazzlingGleam,CalmMind,Protect|Modest||F|||50|]Delphox||Delphoxite|Blaze|Psychic,HeatWave,NastyPlot,Protect|Timid||M|||50|\n|\n|t:|1788360785\n|teamsize|p1|4\n|teamsize|p2|4\n|start\n|switch|p1a: Charizard|Charizard, L50, M|100/100\n|switch|p1b: Venusaur|Venusaur, L50, M|100/100\n|switch|p2a: Incineroar|Incineroar, L50, F|100/100\n|switch|p2b: Floette|Floette-Eternal, L50, F|100/100\n|-ability|p2a: Incineroar|Intimidate|boost\n|-unboost|p1a: Charizard|atk|1\n|-unboost|p1b: Venusaur|atk|1\n|turn|1\n|\n|t:|1788360810\n|detailschange|p1a: Charizard|Charizard-Mega-Y, L50, M\n|-mega|p1a: Charizard|Charizard|Charizardite Y\n|-weather|SunnyDay|[from] ability: Drought|[of] p1a: Charizard\n|detailschange|p2b: Floette|Floette-Mega, L50, F\n|-mega|p2b: Floette|Floette|Floettite\n|-ability|p2b: Floette|Fairy Aura\n|move|p2a: Incineroar|Fake Out|p1b: Venusaur\n|-damage|p1b: Venusaur|85/100\n|cant|p1b: Venusaur|flinch\n|move|p2b: Floette|Calm Mind|p2b: Floette\n|-boost|p2b: Floette|spa|1\n|-boost|p2b: Floette|spd|1\n|move|p1a: Charizard|Ancient Power|p2a: Incineroar\n|-supereffective|p2a: Incineroar|1\n|-damage|p2a: Incineroar|62/100\n|\n|-weather|SunnyDay|[upkeep]\n|upkeep\n|turn|2\n|\n|t:|1788360829\n|switch|p2a: Maushold|Maushold-Four, L50|100/100\n|move|p1b: Venusaur|Sleep Powder|p2a: Maushold|[miss]\n|-miss|p1b: Venusaur|p2a: Maushold\n|move|p2b: Floette|Calm Mind|p2b: Floette\n|-boost|p2b: Floette|spa|1\n|-boost|p2b: Floette|spd|1\n|move|p1a: Charizard|Ancient Power|p2a: Maushold\n|-damage|p2a: Maushold|71/100\n|-boost|p1a: Charizard|atk|1\n|-boost|p1a: Charizard|def|1\n|-boost|p1a: Charizard|spa|1\n|-boost|p1a: Charizard|spd|1\n|-boost|p1a: Charizard|spe|1\n|\n|-weather|SunnyDay|[upkeep]\n|upkeep\n|turn|3\n|\n|t:|1788360853\n|move|p1b: Venusaur|Protect|p1b: Venusaur\n|-singleturn|p1b: Venusaur|Protect\n|move|p2a: Maushold|Follow Me|p2a: Maushold\n|-singleturn|p2a: Maushold|move: Follow Me\n|move|p1a: Charizard|Heat Wave|p2b: Floette|[spread] p2b\n|-miss|p1a: Charizard|p2a: Maushold\n|-damage|p2b: Floette|74/100\n|move|p2b: Floette|Dazzling Gleam|p1a: Charizard|[spread] p1a\n|-activate|p1b: Venusaur|move: Protect\n|-resisted|p1a: Charizard|1\n|-damage|p1a: Charizard|70/100\n|\n|-weather|SunnyDay|[upkeep]\n|upkeep\n|turn|4\n|\n|t:|1788360868\n|move|p1b: Venusaur|Sludge Bomb|p2b: Floette\n|-supereffective|p2b: Floette|1\n|-damage|p2b: Floette|51/100\n|move|p1a: Charizard|Heat Wave|p2a: Maushold|[spread] p2a,p2b\n|-damage|p2a: Maushold|0 fnt\n|-damage|p2b: Floette|26/100\n|-status|p2b: Floette|brn\n|faint|p2a: Maushold\n|move|p2b: Floette|Moonblast|p1b: Venusaur\n|-resisted|p1b: Venusaur|1\n|-damage|p1b: Venusaur|10/100\n|\n|-weather|SunnyDay|[upkeep]\n|-damage|p2b: Floette|19/100 brn|[from] brn\n|upkeep\n|\n|t:|1788360875\n|switch|p2a: Sinistcha|Sinistcha, L50|100/100\n|-heal|p2b: Floette|44/100 brn|[from] ability: Hospitality|[of] p2a: Sinistcha\n|turn|5\n|\n|t:|1788360893\n|switch|p2a: Incineroar|Incineroar, L50, F|62/100\n|-ability|p2a: Incineroar|Intimidate|boost\n|-unboost|p1a: Charizard|atk|1\n|-unboost|p1b: Venusaur|atk|1\n|move|p2b: Floette|Protect|p2b: Floette\n|-singleturn|p2b: Floette|Protect\n|move|p1b: Venusaur|Sludge Bomb|p2b: Floette\n|-activate|p2b: Floette|move: Protect\n|move|p1a: Charizard|Heat Wave|p2a: Incineroar|[spread] p2a\n|-activate|p2b: Floette|move: Protect\n|-resisted|p2a: Incineroar|1\n|-damage|p2a: Incineroar|27/100\n|-enditem|p2a: Incineroar|Sitrus Berry|[eat]\n|-heal|p2a: Incineroar|51/100|[from] item: Sitrus Berry\n|\n|-weather|none\n|-damage|p2b: Floette|38/100 brn|[from] brn\n|upkeep\n|turn|6\n|\n|t:|1788360908\n|move|p1a: Charizard|Protect|p1a: Charizard\n|-singleturn|p1a: Charizard|Protect\n|move|p2b: Floette|Dazzling Gleam|p1b: Venusaur|[spread] p1b\n|-activate|p1a: Charizard|move: Protect\n|-resisted|p1b: Venusaur|1\n|-damage|p1b: Venusaur|0 fnt\n|faint|p1b: Venusaur\n|move|p2a: Incineroar|Parting Shot|p1a: Charizard\n|-activate|p1a: Charizard|move: Protect\n|\n|-damage|p2b: Floette|32/100 brn|[from] brn\n|upkeep\n|\n|t:|1788360913\n|switch|p1b: Garchomp|Garchomp, L50, F|100/100\n|turn|7\n|\n|t:|1788360921\n|switch|p2a: Sinistcha|Sinistcha, L50|100/100\n|-heal|p2b: Floette|57/100 brn|[from] ability: Hospitality|[of] p2a: Sinistcha\n|move|p1b: Garchomp|Earthquake|p2b: Floette|[spread] p2a,p2b\n|-immune|p1a: Charizard\n|-resisted|p2a: Sinistcha|1\n|-damage|p2a: Sinistcha|84/100\n|-damage|p2b: Floette|14/100 brn\n|move|p1a: Charizard|Heat Wave|p2a: Sinistcha|[spread] p2a,p2b\n|-supereffective|p2a: Sinistcha|1\n|-enditem|p2a: Sinistcha|Occa Berry|[eat]\n|-enditem|p2a: Sinistcha|Occa Berry|[weaken]\n|-damage|p2a: Sinistcha|25/100\n|-damage|p2b: Floette|0 fnt\n|faint|p2b: Floette\n|\n|upkeep\n|-message|Ceuta forfeited.\n|\n|win|Jorge Saltamontes\n","uploadtime":1788360732,"views":"1","formatid":"gen9championsvgc2026regmbbo3","rating":null,"private":0,"password":null}