{"id":"gen9championsvgc2026regmb-2674657509","format":"[Gen 9 Champions] VGC 2026 Reg M-B","players":["Noobiedoobie537","Sig.ra Sciagura"],"log":"|j|☆Noobiedoobie537\n|j|☆Sig.ra Sciagura\n|t:|1788386143\n|gametype|doubles\n|player|p1|Noobiedoobie537|lucas-gen4pt|1214\n|player|p2|Sig.ra Sciagura|madame|1173\n|gen|9\n|tier|[Gen 9 Champions] VGC 2026 Reg M-B\n|rated|\n|rule|Species Clause: Limit one of each Pokémon\n|rule|Item Clause: Limit 1 of each item\n|clearpoke\n|poke|p1|Metagross, L50, shiny|\n|poke|p1|Ceruledge, L50, F|\n|poke|p1|Kommo-o, L50, M|\n|poke|p1|Swampert, L50, M|\n|poke|p1|Weavile, L50, M|\n|poke|p1|Whimsicott, L50, F|\n|poke|p2|Orthworm, L50, F|\n|poke|p2|Basculegion, L50, M|\n|poke|p2|Incineroar, L50, M|\n|poke|p2|Rotom-Frost, L50|\n|poke|p2|Froslass, L50, F|\n|poke|p2|Garchomp, L50, M|\n|teampreview|4\n|inactive|Battle timer is ON: inactive players will automatically lose when time's up. (requested by Noobiedoobie537)\nNoobiedoobie537 has agreed to open team sheets.\n|inactive|Noobiedoobie537 has 60 seconds left.\n|inactive|Sig.ra Sciagura has 60 seconds left.\nSig.ra Sciagura has agreed to open team sheets.\n|showteam|p1|Metagross||Metagrossite|ClearBody|HardPress,PsychicFangs,BodyPress,Protect|Jolly|||||50|]Ceruledge||LifeOrb|FlashFire|BitterBlade,ShadowSneak,BulkUp,Protect|Adamant||F|||50|]Kommo-o||DragonFang|Soundproof|ClangingScales,AuraSphere,ClangorousSoul,Protect|Bold||M|||50|]Swampert||SitrusBerry|Torrent|WaveCrash,HighHorsepower,WideGuard,Yawn|Adamant||M|||50|]Weavile||FocusSash|Pickpocket|KnockOff,IcicleCrash,LowKick,FakeOut|Jolly||M|||50|]Whimsicott||OccaBerry|Prankster|Moonblast,Tailwind,Tickle,LightScreen|Bold||F|||50|\n|showteam|p2|Orthworm||SitrusBerry|EarthEater|ShedTail,HeavySlam,IronDefense,BodyPress|Jolly||F|||50|]Basculegion||ChoiceScarf|Adaptability|WaveCrash,LastRespects,FlipTurn,AquaJet|Jolly||M|||50|]Incineroar||LumBerry|Intimidate|FakeOut,PartingShot,FlareBlitz,DarkestLariat|Adamant||M|||50|]Rotom-Frost||NeverMeltIce|Levitate|Blizzard,Thunderbolt,Protect,HelpingHand|Timid|||||50|]Froslass||Froslassite|SnowCloak|Blizzard,ShadowBall,NastyPlot,Protect|Modest||F|||50|]Garchomp||FocusSash|RoughSkin|Protect,DragonClaw,Earthquake,RockSlide|Jolly||M|||50|\n|\n|t:|1788386192\n|teamsize|p1|4\n|teamsize|p2|4\n|start\n|switch|p1a: Metagross|Metagross, L50, shiny|100/100\n|switch|p1b: Swampert|Swampert, L50, M|100/100\n|switch|p2a: Linea Rossa|Orthworm, L50, F|100/100\n|switch|p2b: Romeo|Incineroar, L50, M|100/100\n|-ability|p2b: Romeo|Intimidate|boost\n|-fail|p1a: Metagross|unboost|[from] ability: Clear Body|[of] p1a: Metagross\n|-unboost|p1b: Swampert|atk|1\n|turn|1\n|inactive|Sig.ra Sciagura has 30 seconds left.\n|inactive|Noobiedoobie537 has 30 seconds left.\n|inactive|Sig.ra Sciagura has 20 seconds left.\n|\n|t:|1788386229\n|detailschange|p1a: Metagross|Metagross-Mega, L50, shiny\n|-mega|p1a: Metagross|Metagross|Metagrossite\n|move|p2b: Romeo|Fake Out|p1a: Metagross\n|-resisted|p1a: Metagross|1\n|-damage|p1a: Metagross|95/100\n|cant|p1a: Metagross|flinch\n|move|p2a: Linea Rossa|Shed Tail|p2a: Linea Rossa\n|-start|p2a: Linea Rossa|Substitute|[from] move: Shed Tail\n|-damage|p2a: Linea Rossa|49/100\n|-enditem|p2a: Linea Rossa|Sitrus Berry|[eat]\n|-heal|p2a: Linea Rossa|74/100|[from] item: Sitrus Berry\n|\n|t:|1788386246\n|switch|p2a: Algida|Froslass, L50, F|100/100|[from] Shed Tail\n|move|p1b: Swampert|Yawn|p2b: Romeo\n|-start|p2b: Romeo|move: Yawn|[of] p1b: Swampert\n|\n|upkeep\n|turn|2\n|\n|t:|1788386264\n|move|p2a: Algida|Protect|p2a: Algida\n|-singleturn|p2a: Algida|Protect\n|move|p1b: Swampert|Wide Guard|p1b: Swampert\n|-singleturn|p1b: Swampert|Wide Guard\n|move|p1a: Metagross|Hard Press|p2a: Algida\n|-activate|p2a: Algida|move: Protect\n|move|p2b: Romeo|Parting Shot|p1b: Swampert\n|-unboost|p1b: Swampert|atk|1\n|-unboost|p1b: Swampert|spa|1\n|\n|t:|1788386276\n|switch|p2b: Linea Rossa|Orthworm, L50, F|74/100|[from] Parting Shot\n|\n|upkeep\n|turn|3\n|\n|t:|1788386292\n|detailschange|p2a: Algida|Froslass-Mega, L50, F\n|-mega|p2a: Algida|Froslass|Froslassite\n|-weather|Snowscape|[from] ability: Snow Warning|[of] p2a: Algida\n|move|p1a: Metagross|Protect|p1a: Metagross\n|-singleturn|p1a: Metagross|Protect\n|move|p2a: Algida|Shadow Ball|p1a: Metagross\n|-activate|p1a: Metagross|move: Protect\n|move|p2b: Linea Rossa|Shed Tail|p2b: Linea Rossa\n|-start|p2b: Linea Rossa|Substitute|[from] move: Shed Tail\n|-damage|p2b: Linea Rossa|24/100\n|\n|t:|1788386302\n|switch|p2b: Romeo|Incineroar, L50, M|100/100|[from] Shed Tail\n|-ability|p2b: Romeo|Intimidate|boost\n|-unboost|p1a: Metagross|atk|1\n|-unboost|p1b: Swampert|atk|1\n|move|p1b: Swampert|Wave Crash|p2a: Algida\n|-activate|p2a: Algida|move: Substitute|[damage]\n|-damage|p1b: Swampert|94/100|[from] Recoil\n|\n|-weather|Snowscape|[upkeep]\n|upkeep\n|turn|4\n|inactive|Noobiedoobie537 has 30 seconds left.\n|\n|t:|1788386330\n|switch|p1a: Weavile|Weavile, L50, M|100/100\n|move|p2a: Algida|Protect|p2a: Algida\n|-singleturn|p2a: Algida|Protect\n|move|p1b: Swampert|High Horsepower|p2a: Algida\n|-activate|p2a: Algida|move: Protect\n|move|p2b: Romeo|Parting Shot|p1a: Weavile\n|-unboost|p1a: Weavile|atk|1\n|-unboost|p1a: Weavile|spa|1\n|\n|t:|1788386344\n|switch|p2b: Salmo|Basculegion, L50, M|100/100|[from] Parting Shot\n|\n|-weather|Snowscape|[upkeep]\n|upkeep\n|turn|5\n|\n|t:|1788386359\n|move|p2b: Salmo|Flip Turn|p1a: Weavile\n|-damage|p1a: Weavile|57/100\n|\n|t:|1788386363\n|switch|p2b: Romeo|Incineroar, L50, M|100/100|[from] Flip Turn\n|-ability|p2b: Romeo|Intimidate|boost\n|-unboost|p1a: Weavile|atk|1\n|-unboost|p1b: Swampert|atk|1\n|move|p1a: Weavile|Knock Off|p2b: Romeo\n|-resisted|p2b: Romeo|1\n|-damage|p2b: Romeo|87/100\n|-enditem|p2b: Romeo|Lum Berry|[from] move: Knock Off|[of] p1a: Weavile\n|move|p2a: Algida|Blizzard|p1a: Weavile|[spread] p1a,p1b\n|-resisted|p1a: Weavile|1\n|-damage|p1a: Weavile|20/100r\n|-damage|p1b: Swampert|45/100\n|-enditem|p1b: Swampert|Sitrus Berry|[eat]\n|-heal|p1b: Swampert|70/100|[from] item: Sitrus Berry\n|move|p1b: Swampert|High Horsepower|p2a: Algida\n|-crit|p2a: Algida\n|-end|p2a: Algida|Substitute\n|\n|-weather|Snowscape|[upkeep]\n|upkeep\n|turn|6\n|inactive|Sig.ra Sciagura has 30 seconds left.\n|inactive|Sig.ra Sciagura has 20 seconds left.\n|\n|t:|1788386399\n|switch|p1a: Whimsicott|Whimsicott, L50, F|100/100\n|switch|p1b: Metagross|Metagross-Mega, L50, shiny|95/100\n|move|p2a: Algida|Protect|p2a: Algida\n|-singleturn|p2a: Algida|Protect\n|move|p2b: Romeo|Parting Shot|p1a: Whimsicott\n|-unboost|p1a: Whimsicott|atk|1\n|-unboost|p1a: Whimsicott|spa|1\n|\n|t:|1788386410\n|switch|p2b: Linea Rossa|Orthworm, L50, F|24/100|[from] Parting Shot\n|\n|-weather|Snowscape|[upkeep]\n|upkeep\n|turn|7\n|\n|t:|1788386421\n|switch|p2a: Romeo|Incineroar, L50, M|87/100\n|-ability|p2a: Romeo|Intimidate|boost\n|-unboost|p1a: Whimsicott|atk|1\n|-unboost|p1b: Metagross|atk|1\n|move|p1a: Whimsicott|Light Screen|p1a: Whimsicott\n|-sidestart|p1: Noobiedoobie537|move: Light Screen\n|move|p1b: Metagross|Hard Press|p2a: Romeo\n|-resisted|p2a: Romeo|1\n|-damage|p2a: Romeo|70/100\n|move|p2b: Linea Rossa|Heavy Slam|p1a: Whimsicott\n|-supereffective|p1a: Whimsicott|1\n|-damage|p1a: Whimsicott|28/100\n|\n|-weather|none\n|upkeep\n|turn|8\n|\n|t:|1788386438\n|move|p2a: Romeo|Fake Out|p1a: Whimsicott\n|-damage|p1a: Whimsicott|13/100\n|move|p1b: Metagross|Body Press|p2b: Linea Rossa\n|-supereffective|p2b: Linea Rossa|1\n|-damage|p2b: Linea Rossa|0 fnt\n|faint|p2b: Linea Rossa\n|cant|p1a: Whimsicott|flinch\n|\n|upkeep\n|\n|t:|1788386447\n|switch|p2b: Salmo|Basculegion, L50, M|100/100\n|turn|9\n|\n|t:|1788386469\n|switch|p1b: Swampert|Swampert, L50, M|70/100\n|move|p2b: Salmo|Aqua Jet|p1a: Whimsicott\n|-resisted|p1a: Whimsicott|1\n|-damage|p1a: Whimsicott|1/100\n|move|p1a: Whimsicott|Tickle|p2b: Salmo\n|-unboost|p2b: Salmo|atk|1\n|-unboost|p2b: Salmo|def|1\n|move|p2a: Romeo|Darkest Lariat|p1b: Swampert\n|-damage|p1b: Swampert|25/100\n|\n|upkeep\n|turn|10\n|\n|t:|1788386484\n|move|p2b: Salmo|Aqua Jet|p1a: Whimsicott\n|-resisted|p1a: Whimsicott|1\n|-damage|p1a: Whimsicott|0 fnt\n|faint|p1a: Whimsicott\n|move|p1b: Swampert|Wave Crash|p2a: Romeo\n|-supereffective|p2a: Romeo|1\n|-damage|p2a: Romeo|0 fnt\n|faint|p2a: Romeo\n|-damage|p1b: Swampert|2/100|[from] Recoil\n|\n|upkeep\n|\n|t:|1788386505\n|switch|p1a: Metagross|Metagross-Mega, L50, shiny|95/100\n|switch|p2a: Algida|Froslass-Mega, L50, F|100/100\n|-weather|Snowscape|[from] ability: Snow Warning|[of] p2a: Algida\n|turn|11\n|\n|t:|1788386530\n|move|p2a: Algida|Protect|p2a: Algida\n|-singleturn|p2a: Algida|Protect\n|move|p2b: Salmo|Aqua Jet|p1b: Swampert\n|-damage|p1b: Swampert|0 fnt\n|faint|p1b: Swampert\n|move|p1a: Metagross|Psychic Fangs|p2b: Salmo\n|-damage|p2b: Salmo|1/100\n|\n|-weather|Snowscape|[upkeep]\n|-sideend|p1: Noobiedoobie537|move: Light Screen\n|upkeep\n|\n|t:|1788386535\n|switch|p1b: Weavile|Weavile, L50, M|20/100r\n|turn|12\n|\n|t:|1788386545\n|move|p2b: Salmo|Aqua Jet|p1b: Weavile\n|-damage|p1b: Weavile|1/100\n|move|p1b: Weavile|Knock Off|p2b: Salmo\n|-supereffective|p2b: Salmo|1\n|-damage|p2b: Salmo|0 fnt\n|-enditem|p2b: Salmo|Choice Scarf|[from] move: Knock Off|[of] p1b: Weavile\n|faint|p2b: Salmo\n|move|p1a: Metagross|Hard Press|p2a: Algida\n|-supereffective|p2a: Algida|1\n|-damage|p2a: Algida|0 fnt\n|faint|p2a: Algida\n|\n|win|Noobiedoobie537\n|raw|Noobiedoobie537's rating: 1214 &rarr; <strong>1236</strong><br />(+22 for winning)\n|raw|Sig.ra Sciagura's rating: 1173 &rarr; <strong>1151</strong><br />(-22 for losing)\n","uploadtime":1788386559,"views":"0","formatid":"gen9championsvgc2026regmb","rating":1151,"private":0,"password":null}