{"id":"gen9championsvgc2026regmb-2674210083","format":"[Gen 9 Champions] VGC 2026 Reg M-B","players":["bigwux","btc37"],"log":"|j|☆bigwux\n|j|☆btc37\n|t:|1788315963\n|gametype|doubles\n|player|p1|bigwux|juggler|1236\n|player|p2|btc37|170|1249\n|gen|9\n|tier|[Gen 9 Champions] VGC 2026 Reg M-B\n|rated|\n|rule|Species Clause: Limit one of each Pokémon\n|rule|Item Clause: Limit 1 of each item\n|clearpoke\n|poke|p1|Tyranitar, L50, M, shiny|\n|poke|p1|Sinistcha, L50, shiny|\n|poke|p1|Steelix, L50, F, shiny|\n|poke|p1|Sneasler, L50, M, shiny|\n|poke|p1|Rotom-Wash, L50, shiny|\n|poke|p1|Houndstone, L50, M, shiny|\n|poke|p2|Gengar, L50, F|\n|poke|p2|Maushold-Four, L50|\n|poke|p2|Garchomp, L50, M|\n|poke|p2|Whimsicott, L50, M, shiny|\n|poke|p2|Incineroar, L50, F|\n|poke|p2|Rotom-Wash, L50|\n|teampreview|4\nbtc37 has agreed to open team sheets.\n|\n|t:|1788316024\n|teamsize|p1|4\n|teamsize|p2|4\n|start\n|switch|p1a: Sneasler|Sneasler, L50, M, shiny|100/100\n|switch|p1b: Rotom|Rotom-Wash, L50, shiny|100/100\n|switch|p2a: Gengar|Gengar, L50, F|100/100\n|switch|p2b: Whimsicott|Whimsicott, L50, M, shiny|100/100\n|turn|1\n|\n|t:|1788316057\n|detailschange|p2a: Gengar|Gengar-Mega, L50, F\n|-mega|p2a: Gengar|Gengar|Gengarite\n|move|p2b: Whimsicott|Protect|p2b: Whimsicott\n|-singleturn|p2b: Whimsicott|Protect\n|move|p2a: Gengar|Protect|p2a: Gengar\n|-singleturn|p2a: Gengar|Protect\n|move|p1a: Sneasler|Dire Claw|p2b: Whimsicott\n|-activate|p2b: Whimsicott|move: Protect\n|move|p1b: Rotom|Light Screen|p1b: Rotom\n|-sidestart|p1: bigwux|move: Light Screen\n|\n|upkeep\n|turn|2\n|\n|t:|1788316075\n|move|p1b: Rotom|Protect|p1b: Rotom\n|-singleturn|p1b: Rotom|Protect\n|move|p2b: Whimsicott|Encore|p1a: Sneasler\n|-start|p1a: Sneasler|Encore\n|move|p2a: Gengar|Disable|p1a: Sneasler\n|-start|p1a: Sneasler|Disable|Dire Claw\n|cant|p1a: Sneasler|Disable|Dire Claw\n|\n|upkeep\n|turn|3\n|\n|t:|1788316104\n|move|p2b: Whimsicott|Encore|p1b: Rotom\n|-start|p1b: Rotom|Encore\n|move|p1b: Rotom|Protect||[still]\n|-fail|p1b: Rotom\n|move|p2a: Gengar|Shadow Ball|p1a: Sneasler\n|-damage|p1a: Sneasler|58/100\n|-activate|p1a: Sneasler|move: Struggle\n|move|p1a: Sneasler|Struggle|p2a: Gengar\n|-damage|p2a: Gengar|75/100\n|-damage|p1a: Sneasler|33/100|[from] recoil\n|\n|upkeep\n|turn|4\n|\n|t:|1788316138\n|switch|p2b: Incineroar|Incineroar, L50, F|100/100\n|-ability|p2b: Incineroar|Intimidate|boost\n|-unboost|p1a: Sneasler|atk|1\n|-unboost|p1b: Rotom|atk|1\n|-enditem|p1a: Sneasler|White Herb\n|-clearnegativeboost|p1a: Sneasler|[silent]\n|move|p1b: Rotom|Protect|p1b: Rotom\n|-singleturn|p1b: Rotom|Protect\n|-activate|p1a: Sneasler|move: Struggle\n|move|p1a: Sneasler|Struggle|p2b: Incineroar\n|-damage|p2b: Incineroar|82/100\n|-damage|p1a: Sneasler|8/100|[from] recoil\n|move|p2a: Gengar|Shadow Ball|p1a: Sneasler\n|-damage|p1a: Sneasler|0 fnt\n|faint|p1a: Sneasler\n|\n|upkeep\n|\n|t:|1788316154\n|switch|p1a: Tyranitar|Tyranitar, L50, M, shiny|100/100\n|-weather|Sandstorm|[from] ability: Sand Stream|[of] p1a: Tyranitar\n|turn|5\n|\n|t:|1788316187\n|detailschange|p1a: Tyranitar|Tyranitar-Mega, L50, M, shiny\n|-mega|p1a: Tyranitar|Tyranitar|Tyranitarite\n|move|p1b: Rotom|Protect|p1b: Rotom\n|-singleturn|p1b: Rotom|Protect\n|move|p2b: Incineroar|Fake Out|p1a: Tyranitar\n|-resisted|p1a: Tyranitar|1\n|-damage|p1a: Tyranitar|96/100\n|move|p2a: Gengar|Shadow Ball|p1b: Rotom\n|-activate|p1b: Rotom|move: Protect\n|cant|p1a: Tyranitar|flinch\n|\n|-weather|Sandstorm|[upkeep]\n|-damage|p2a: Gengar|69/100|[from] Sandstorm\n|-damage|p1b: Rotom|94/100|[from] Sandstorm\n|-damage|p2b: Incineroar|76/100|[from] Sandstorm\n|-heal|p1b: Rotom|100/100|[from] item: Leftovers\n|-end|p1b: Rotom|Encore\n|-sideend|p1: bigwux|move: Light Screen\n|upkeep\n|turn|6\n|\n|t:|1788316213\n|move|p2a: Gengar|Protect|p2a: Gengar\n|-singleturn|p2a: Gengar|Protect\n|move|p1a: Tyranitar|Protect|p1a: Tyranitar\n|-singleturn|p1a: Tyranitar|Protect\n|move|p1b: Rotom|Hydro Pump|p2b: Incineroar\n|-supereffective|p2b: Incineroar|1\n|-damage|p2b: Incineroar|0 fnt\n|faint|p2b: Incineroar\n|\n|-weather|Sandstorm|[upkeep]\n|-damage|p2a: Gengar|63/100|[from] Sandstorm\n|-damage|p1b: Rotom|94/100|[from] Sandstorm\n|-heal|p1b: Rotom|100/100|[from] item: Leftovers\n|upkeep\n|\n|t:|1788316225\n|switch|p2b: Whimsicott|Whimsicott, L50, M, shiny|100/100\n|turn|7\n|\n|t:|1788316271\n|switch|p2a: Rotom|Rotom-Wash, L50|100/100\n|move|p2b: Whimsicott|Moonblast|p1a: Tyranitar\n|-supereffective|p1a: Tyranitar|1\n|-damage|p1a: Tyranitar|50/100g\n|move|p1a: Tyranitar|Knock Off|p2a: Rotom\n|-damage|p2a: Rotom|44/100\n|-enditem|p2a: Rotom|Leftovers|[from] move: Knock Off|[of] p1a: Tyranitar\n|move|p1b: Rotom|Light Screen|p1b: Rotom\n|-sidestart|p1: bigwux|move: Light Screen\n|\n|-weather|Sandstorm|[upkeep]\n|-damage|p2b: Whimsicott|94/100|[from] Sandstorm\n|-damage|p1b: Rotom|94/100|[from] Sandstorm\n|-damage|p2a: Rotom|38/100|[from] Sandstorm\n|-heal|p1b: Rotom|100/100|[from] item: Leftovers\n|upkeep\n|turn|8\n|\n|t:|1788316299\n|move|p1a: Tyranitar|Protect|p1a: Tyranitar\n|-singleturn|p1a: Tyranitar|Protect\n|move|p2b: Whimsicott|Encore|p1b: Rotom\n|-start|p1b: Rotom|Encore\n|move|p1b: Rotom|Light Screen||[still]\n|-fail|p1b: Rotom\n|move|p2a: Rotom|Will-O-Wisp|p1a: Tyranitar\n|-activate|p1a: Tyranitar|move: Protect\n|\n|-weather|Sandstorm|[upkeep]\n|-damage|p2b: Whimsicott|88/100|[from] Sandstorm\n|-damage|p1b: Rotom|94/100|[from] Sandstorm\n|-damage|p2a: Rotom|33/100|[from] Sandstorm\n|-heal|p1b: Rotom|100/100|[from] item: Leftovers\n|upkeep\n|turn|9\n|\n|t:|1788316317\n|switch|p1b: Houndstone|Houndstone, L50, M, shiny|100/100\n|move|p2b: Whimsicott|Moonblast|p1a: Tyranitar\n|-supereffective|p1a: Tyranitar|1\n|-damage|p1a: Tyranitar|21/100\n|move|p1a: Tyranitar|Rock Slide|p2a: Rotom|[spread] p2a,p2b\n|-damage|p2a: Rotom|0 fnt\n|-damage|p2b: Whimsicott|35/100\n|faint|p2a: Rotom\n|\n|-weather|none\n|upkeep\n|\n|t:|1788316327\n|switch|p2a: Gengar|Gengar-Mega, L50, F|63/100\n|turn|10\n|\n|t:|1788316347\n|move|p1b: Houndstone|Protect|p1b: Houndstone\n|-singleturn|p1b: Houndstone|Protect\n|move|p2a: Gengar|Shadow Ball|p1b: Houndstone\n|-activate|p1b: Houndstone|move: Protect\n|move|p2b: Whimsicott|Moonblast|p1a: Tyranitar\n|-supereffective|p1a: Tyranitar|1\n|-damage|p1a: Tyranitar|0 fnt\n|faint|p1a: Tyranitar\n|\n|upkeep\n|\n|t:|1788316355\n|switch|p1a: Rotom|Rotom-Wash, L50, shiny|100/100\n|turn|11\n|\n|t:|1788316377\n|move|p2a: Gengar|Shadow Ball|p1b: Houndstone\n|-supereffective|p1b: Houndstone|1\n|-damage|p1b: Houndstone|24/100\n|move|p2b: Whimsicott|Moonblast|p1b: Houndstone\n|-damage|p1b: Houndstone|0 fnt\n|faint|p1b: Houndstone\n|move|p1a: Rotom|Thunderbolt|p2b: Whimsicott\n|-resisted|p2b: Whimsicott|1\n|-damage|p2b: Whimsicott|0 fnt\n|faint|p2b: Whimsicott\n|\n|-sideend|p1: bigwux|move: Light Screen\n|upkeep\n|turn|12\n|\n|t:|1788316395\n|move|p2a: Gengar|Disable|p1a: Rotom\n|-start|p1a: Rotom|Disable|Thunderbolt\n|move|p1a: Rotom|Hydro Pump|p2a: Gengar\n|-damage|p2a: Gengar|2/100\n|\n|upkeep\n|turn|13\n|\n|t:|1788316405\n|move|p1a: Rotom|Protect|p1a: Rotom\n|-singleturn|p1a: Rotom|Protect\n|move|p2a: Gengar|Sludge Bomb|p1a: Rotom\n|-activate|p1a: Rotom|move: Protect\n|\n|upkeep\n|turn|14\n|\n|t:|1788316413\n|move|p2a: Gengar|Sludge Bomb|p1a: Rotom\n|-damage|p1a: Rotom|45/100\n|-status|p1a: Rotom|psn\n|move|p1a: Rotom|Hydro Pump|p2a: Gengar\n|-damage|p2a: Gengar|0 fnt\n|faint|p2a: Gengar\n|\n|win|bigwux\n|raw|bigwux's rating: 1236 &rarr; <strong>1262</strong><br />(+26 for winning)\n|raw|btc37's rating: 1249 &rarr; <strong>1223</strong><br />(-26 for losing)\n|l|☆bigwux\n|player|p1|\n","uploadtime":1788316417,"views":"0","formatid":"gen9championsvgc2026regmb","rating":1223,"private":0,"password":null}