{"id":"gen9championsvgc2026regmb-2674455468","format":"[Gen 9 Champions] VGC 2026 Reg M-B","players":["ThatSteelOwl","vanthoci"],"log":"|j|☆ThatSteelOwl\n|j|☆vanthoci\n|t:|1788361887\n|gametype|doubles\n|player|p1|ThatSteelOwl|depotagent|1641\n|player|p2|vanthoci|liko|1763\n|gen|9\n|tier|[Gen 9 Champions] VGC 2026 Reg M-B\n|rated|\n|rule|Species Clause: Limit one of each Pokémon\n|rule|Item Clause: Limit 1 of each item\n|clearpoke\n|poke|p1|Blaziken, L50, F|\n|poke|p1|Sneasler, L50, F|\n|poke|p1|Tsareena, L50, F|\n|poke|p1|Basculegion-F, L50, F|\n|poke|p1|Kingambit, L50, M|\n|poke|p1|Metagross, L50|\n|poke|p2|Raichu, L50, M|\n|poke|p2|Incineroar, L50, M|\n|poke|p2|Vanilluxe, L50, F|\n|poke|p2|Basculegion, L50, M|\n|poke|p2|Sneasler, L50, M|\n|poke|p2|Kingambit, L50, F|\n|teampreview|4\n|\n|t:|1788361930\n|teamsize|p1|4\n|teamsize|p2|4\n|start\n|switch|p1a: Sneasler|Sneasler, L50, F|100/100\n|switch|p1b: Kingambit|Kingambit, L50, M|100/100\n|switch|p2a: Incineroar|Incineroar, L50, M|100/100\n|switch|p2b: Sneasler|Sneasler, L50, M|100/100\n|-ability|p2a: Incineroar|Intimidate|boost\n|-unboost|p1a: Sneasler|atk|1\n|-unboost|p1b: Kingambit|atk|1\n|-ability|p1b: Kingambit|Defiant|boost\n|-boost|p1b: Kingambit|atk|2\n|-enditem|p1a: Sneasler|White Herb\n|-clearnegativeboost|p1a: Sneasler|[silent]\n|turn|1\n|\n|t:|1788361955\n|move|p1a: Sneasler|Fake Out|p2b: Sneasler\n|-damage|p2b: Sneasler|76/100\n|cant|p2b: Sneasler|flinch\n|move|p2a: Incineroar|Fake Out|p1b: Kingambit\n|-resisted|p1b: Kingambit|1\n|-damage|p1b: Kingambit|95/100\n|cant|p1b: Kingambit|flinch\n|\n|upkeep\n|turn|2\n|\n|t:|1788361972\n|switch|p2a: Basculegion|Basculegion, L50, M|100/100\n|move|p1b: Kingambit|Protect|p1b: Kingambit\n|-singleturn|p1b: Kingambit|Protect\n|move|p1a: Sneasler|Close Combat|p2a: Basculegion\n|-immune|p2a: Basculegion\n|move|p2b: Sneasler|Close Combat|p1b: Kingambit\n|-activate|p1b: Kingambit|move: Protect\n|\n|upkeep\n|turn|3\n|j| GoPlayCatch\n|\n|t:|1788362013\n|move|p2b: Sneasler|Protect|p2b: Sneasler\n|-singleturn|p2b: Sneasler|Protect\n|move|p1b: Kingambit|Sucker Punch||[still]\n|-fail|p1b: Kingambit\n|move|p1a: Sneasler|Close Combat|p2b: Sneasler\n|-activate|p2b: Sneasler|move: Protect\n|move|p2a: Basculegion|Wave Crash|p1a: Sneasler\n|-damage|p1a: Sneasler|0 fnt\n|faint|p1a: Sneasler\n|-damage|p2a: Basculegion|74/100|[from] Recoil\n|\n|upkeep\n|\n|t:|1788362023\n|switch|p1a: Blaziken|Blaziken, L50, F|100/100\n|turn|4\n|\n|t:|1788362059\n|detailschange|p1a: Blaziken|Blaziken-Mega, L50, F\n|-mega|p1a: Blaziken|Blaziken|Blazikenite\n|move|p1a: Blaziken|Detect|p1a: Blaziken\n|-singleturn|p1a: Blaziken|Protect\n|move|p1b: Kingambit|Protect|p1b: Kingambit\n|-singleturn|p1b: Kingambit|Protect\n|move|p2a: Basculegion|Aqua Jet|p1b: Kingambit\n|-activate|p1b: Kingambit|move: Protect\n|move|p2b: Sneasler|Close Combat|p1b: Kingambit\n|-activate|p1b: Kingambit|move: Protect\n|\n|-ability|p1a: Blaziken|Speed Boost|boost\n|-boost|p1a: Blaziken|spe|1\n|upkeep\n|turn|5\n|\n|t:|1788362092\n|move|p2b: Sneasler|Protect|p2b: Sneasler\n|-singleturn|p2b: Sneasler|Protect\n|move|p2a: Basculegion|Aqua Jet|p1a: Blaziken\n|-supereffective|p1a: Blaziken|1\n|-damage|p1a: Blaziken|23/100\n|move|p1b: Kingambit|Sucker Punch||[still]\n|-fail|p1b: Kingambit\n|move|p1a: Blaziken|Flare Blitz|p2b: Sneasler\n|-activate|p2b: Sneasler|move: Protect\n|\n|-ability|p1a: Blaziken|Speed Boost|boost\n|-boost|p1a: Blaziken|spe|1\n|upkeep\n|turn|6\n|j| fulimba\n|\n|t:|1788362126\n|switch|p1b: Tsareena|Tsareena, L50, F|100/100\n|move|p2a: Basculegion|Aqua Jet||[still]\n|cant|p1b: Tsareena|ability: Queenly Majesty|Aqua Jet|[of] p2a: Basculegion\n|move|p1a: Blaziken|Flare Blitz|p2b: Sneasler\n|-damage|p2b: Sneasler|0 fnt\n|faint|p2b: Sneasler\n|-damage|p1a: Blaziken|0 fnt|[from] Recoil\n|faint|p1a: Blaziken\n|\n|upkeep\n|\n|t:|1788362145\n|switch|p2b: Incineroar|Incineroar, L50, M|100/100\n|switch|p1a: Kingambit|Kingambit, L50, M|95/100\n|-ability|p2b: Incineroar|Intimidate|boost\n|-unboost|p1a: Kingambit|atk|1\n|-ability|p1a: Kingambit|Defiant|boost\n|-boost|p1a: Kingambit|atk|2\n|-unboost|p1b: Tsareena|atk|1\n|turn|7\n|\n|t:|1788362161\n|move|p1b: Tsareena|Protect|p1b: Tsareena\n|-singleturn|p1b: Tsareena|Protect\n|move|p2a: Basculegion|Last Respects|p1b: Tsareena\n|-activate|p1b: Tsareena|move: Protect\n|move|p2b: Incineroar|Flare Blitz|p1a: Kingambit\n|-supereffective|p1a: Kingambit|1\n|-damage|p1a: Kingambit|0 fnt\n|faint|p1a: Kingambit\n|-damage|p2b: Incineroar|67/100|[from] Recoil\n|\n|upkeep\n|turn|8\n|l| GoPlayCatch\n|-message|ThatSteelOwl forfeited.\n|\n|win|vanthoci\n|raw|ThatSteelOwl's rating: 1641 &rarr; <strong>1628</strong><br />(-13 for losing)\n|raw|vanthoci's rating: 1763 &rarr; <strong>1776</strong><br />(+13 for winning)\n|l|☆ThatSteelOwl\n|player|p1|\n","uploadtime":1788362175,"views":"1","formatid":"gen9championsvgc2026regmb","rating":1628,"private":0,"password":null}