{"id":"gen9championsvgc2026regmbbo3-2673711420","format":"[Gen 9 Champions] VGC 2026 Reg M-B (Bo3)","players":["Judzzfuuzifx","FulmineAmbrose"],"log":"|j|☆Judzzfuuzifx\n|j|☆FulmineAmbrose\n|html|<table width=\"100%\"><tr><td align=\"left\">Judzzfuuzifx</td><td align=\"right\">FulmineAmbrose</tr><tr><td align=\"left\"><i class=\"fa fa-circle-o\"></i> <i class=\"fa fa-circle-o\"></i> </td><td align=\"right\"><i class=\"fa fa-circle-o\"></i> <i class=\"fa fa-circle-o\"></i> </tr></table>\n|uhtml|bestof|<h2><strong>Game 1</strong> of <a href=\"/game-bestof3-gen9championsvgc2026regmbbo3-2673711417\">a best-of-3</a></h2>\n|t:|1788238190\n|gametype|doubles\n|player|p1|Judzzfuuzifx|170|1000\n|player|p2|FulmineAmbrose|volkner|1048\n|gen|9\n|tier|[Gen 9 Champions] VGC 2026 Reg M-B (Bo3)\n|rated|\n|rule|Species Clause: Limit one of each Pokémon\n|rule|Item Clause: Limit 1 of each item\n|clearpoke\n|poke|p1|Aerodactyl, L50, M|\n|poke|p1|Mawile, L50, M|\n|poke|p1|Sneasler, L50, M|\n|poke|p1|Garchomp, L50, F|\n|poke|p1|Hydreigon, L50, M|\n|poke|p1|Charizard, L50, M|\n|poke|p2|Gholdengo, L50|\n|poke|p2|Charizard, L50, F, shiny|\n|poke|p2|Sneasler, L50, M, shiny|\n|poke|p2|Whimsicott, L50, F, shiny|\n|poke|p2|Basculegion, L50, M|\n|poke|p2|Garchomp, L50, F|\n|teampreview|4\n|showteam|p1|Aerodactyl||FocusSash|Unnerve|RockSlide,WideGuard,Tailwind,Protect|Jolly||M|||50|]Mawile||Mawilite|Intimidate|IronHead,PlayRough,SuckerPunch,Protect|Adamant||M|||50|]Sneasler||LifeOrb|PoisonTouch|CloseCombat,PoisonJab,FakeOut,Protect|Jolly||M|||50|]Garchomp||SitrusBerry|RoughSkin|DragonClaw,Earthquake,RockSlide,Protect|Adamant||F|||50|]Hydreigon||HabanBerry|Levitate|DracoMeteor,DarkPulse,EarthPower,Protect|Modest||M|||50|]Charizard||CharizarditeY|Blaze|HeatWave,SolarBeam,WeatherBall,Protect|Modest||M|||50|\n|showteam|p2|Gholdengo||MetalCoat|GoodasGold|MakeItRain,ShadowBall,NastyPlot,Protect|Modest|||||50|]Charizard||CharizarditeY|Blaze|HeatWave,Protect,SolarBeam,WeatherBall|Modest||F|||50|]Sneasler||WhiteHerb|Unburden|FakeOut,CloseCombat,Protect,DireClaw|Adamant||M|||50|]Whimsicott||FocusSash|Prankster|Moonblast,Protect,Tailwind,Encore|Timid||F|||50|]Basculegion||MysticWater|Adaptability|WaveCrash,Protect,AquaJet,LastRespects|Adamant||M|||50|]Garchomp||LifeOrb|RoughSkin|DragonClaw,Earthquake,Protect,RockSlide|Jolly||F|||50|\n|\n|t:|1788238233\n|teamsize|p1|4\n|teamsize|p2|4\n|start\n|switch|p1a: Mawile|Mawile, L50, M|100/100\n|switch|p1b: Aerodactyl|Aerodactyl, L50, M|100/100\n|switch|p2a: Garchomp|Garchomp, L50, F|100/100\n|switch|p2b: Whimsicott|Whimsicott, L50, F, shiny|100/100\n|-ability|p1b: Aerodactyl|Unnerve\n|-ability|p1a: Mawile|Intimidate|boost\n|-unboost|p2a: Garchomp|atk|1\n|-unboost|p2b: Whimsicott|atk|1\n|turn|1\n|\n|t:|1788238264\n|detailschange|p1a: Mawile|Mawile-Mega, L50, M\n|-mega|p1a: Mawile|Mawile|Mawilite\n|move|p2b: Whimsicott|Tailwind|p2b: Whimsicott\n|-sidestart|p2: FulmineAmbrose|move: Tailwind\n|move|p2a: Garchomp|Rock Slide|p1a: Mawile|[spread] p1a,p1b\n|-resisted|p1a: Mawile|1\n|-supereffective|p1b: Aerodactyl|1\n|-damage|p1a: Mawile|91/100\n|-damage|p1b: Aerodactyl|47/100\n|-damage|p2a: Garchomp|90/100|[from] item: Life Orb\n|cant|p1b: Aerodactyl|flinch\n|move|p1a: Mawile|Iron Head|p2a: Garchomp\n|-damage|p2a: Garchomp|22/100\n|-damage|p1a: Mawile|78/100|[from] ability: Rough Skin|[of] p2a: Garchomp\n|\n|upkeep\n|turn|2\n|\n|t:|1788238289\n|switch|p1b: Sneasler|Sneasler, L50, M|100/100\n|move|p1a: Mawile|Sucker Punch|p2a: Garchomp\n|-damage|p2a: Garchomp|0 fnt\n|-damage|p1a: Mawile|66/100|[from] ability: Rough Skin|[of] p2a: Garchomp\n|faint|p2a: Garchomp\n|move|p2b: Whimsicott|Moonblast|p1b: Sneasler\n|-damage|p1b: Sneasler|63/100\n|\n|upkeep\n|\n|t:|1788238305\n|switch|p2a: Charizard|Charizard, L50, F, shiny|100/100\n|turn|3\n|\n|t:|1788238323\n|switch|p1a: Garchomp|Garchomp, L50, F|100/100\n|detailschange|p2a: Charizard|Charizard-Mega-Y, L50, F, shiny\n|-mega|p2a: Charizard|Charizard|Charizardite Y\n|-weather|SunnyDay|[from] ability: Drought|[of] p2a: Charizard\n|move|p1b: Sneasler|Fake Out|p2a: Charizard\n|-damage|p2a: Charizard|79/100\n|-status|p2a: Charizard|psn|[from] ability: Poison Touch|[of] p1b: Sneasler\n|-damage|p1b: Sneasler|53/100|[from] item: Life Orb\n|move|p2b: Whimsicott|Moonblast|p1b: Sneasler\n|-crit|p1b: Sneasler\n|-damage|p1b: Sneasler|0 fnt\n|faint|p1b: Sneasler\n|cant|p2a: Charizard|flinch\n|\n|-weather|SunnyDay|[upkeep]\n|-damage|p2a: Charizard|66/100 psn|[from] psn\n|upkeep\n|\n|t:|1788238343\n|switch|p1b: Aerodactyl|Aerodactyl, L50, M|47/100\n|-ability|p1b: Aerodactyl|Unnerve\n|turn|4\n|\n|t:|1788238355\n|move|p1b: Aerodactyl|Protect|p1b: Aerodactyl\n|-singleturn|p1b: Aerodactyl|Protect\n|move|p2b: Whimsicott|Moonblast|p1a: Garchomp\n|-supereffective|p1a: Garchomp|1\n|-damage|p1a: Garchomp|49/100\n|-enditem|p1a: Garchomp|Sitrus Berry|[eat]\n|-heal|p1a: Garchomp|74/100|[from] item: Sitrus Berry\n|move|p2a: Charizard|Weather Ball|p1b: Aerodactyl\n|-activate|p1b: Aerodactyl|move: Protect\n|move|p1a: Garchomp|Rock Slide|p2b: Whimsicott|[spread] p2a,p2b\n|-supereffective|p2a: Charizard|2\n|-damage|p2a: Charizard|0 fnt\n|-damage|p2b: Whimsicott|75/100\n|faint|p2a: Charizard\n|\n|-weather|SunnyDay|[upkeep]\n|-sideend|p2: FulmineAmbrose|move: Tailwind\n|upkeep\n|\n|t:|1788238367\n|switch|p2a: Gholdengo|Gholdengo, L50|100/100\n|turn|5\n|\n|t:|1788238381\n|move|p2b: Whimsicott|Tailwind|p2b: Whimsicott\n|-sidestart|p2: FulmineAmbrose|move: Tailwind\n|move|p2a: Gholdengo|Make It Rain|p1a: Garchomp|[spread] p1a,p1b\n|-supereffective|p1b: Aerodactyl|1\n|-damage|p1a: Garchomp|15/100\n|-damage|p1b: Aerodactyl|0 fnt\n|-unboost|p2a: Gholdengo|spa|2\n|faint|p1b: Aerodactyl\n|move|p1a: Garchomp|Earthquake|p2b: Whimsicott|[spread] p2a,p2b\n|-supereffective|p2a: Gholdengo|1\n|-resisted|p2b: Whimsicott|1\n|-damage|p2a: Gholdengo|18/100\n|-damage|p2b: Whimsicott|51/100\n|\n|-weather|SunnyDay|[upkeep]\n|upkeep\n|\n|t:|1788238392\n|switch|p1b: Mawile|Mawile-Mega, L50, M|66/100\n|turn|6\n|\n|t:|1788238404\n|move|p1a: Garchomp|Protect|p1a: Garchomp\n|-singleturn|p1a: Garchomp|Protect\n|move|p2b: Whimsicott|Moonblast|p1b: Mawile\n|-resisted|p1b: Mawile|1\n|-damage|p1b: Mawile|47/100\n|move|p2a: Gholdengo|Make It Rain|p1a: Garchomp|[spread] p1b\n|-activate|p1a: Garchomp|move: Protect\n|-damage|p1b: Mawile|5/100\n|-unboost|p2a: Gholdengo|spa|2\n|move|p1b: Mawile|Iron Head|p2b: Whimsicott\n|-supereffective|p2b: Whimsicott|1\n|-damage|p2b: Whimsicott|0 fnt\n|faint|p2b: Whimsicott\n|\n|-weather|SunnyDay|[upkeep]\n|upkeep\n|turn|7\n|\n|t:|1788238434\n|move|p2a: Gholdengo|Protect|p2a: Gholdengo\n|-singleturn|p2a: Gholdengo|Protect\n|move|p1b: Mawile|Sucker Punch||[still]\n|-fail|p1b: Mawile\n|move|p1a: Garchomp|Dragon Claw|p2a: Gholdengo\n|-activate|p2a: Gholdengo|move: Protect\n|\n|-weather|none\n|upkeep\n|turn|8\n|\n|t:|1788238449\n|move|p1b: Mawile|Sucker Punch|p2a: Gholdengo\n|-supereffective|p2a: Gholdengo|1\n|-damage|p2a: Gholdengo|0 fnt\n|faint|p2a: Gholdengo\n|\n|win|Judzzfuuzifx\n","uploadtime":1788238451,"views":"9","formatid":"gen9championsvgc2026regmbbo3","rating":null,"private":0,"password":null}