{"id":"gen9championsvgc2026regmb-2674571478","format":"[Gen 9 Champions] VGC 2026 Reg M-B","players":["Noobiedoobie537","s.ulisses"],"log":"|j|☆Noobiedoobie537\n|j|☆s.ulisses\n|t:|1788375292\n|gametype|doubles\n|player|p1|Noobiedoobie537|lucas-gen4pt|1287\n|player|p2|s.ulisses|266|1354\n|gen|9\n|tier|[Gen 9 Champions] VGC 2026 Reg M-B\n|rated|\n|rule|Species Clause: Limit one of each Pokémon\n|rule|Item Clause: Limit 1 of each item\n|clearpoke\n|poke|p1|Reuniclus, L50, F, shiny|\n|poke|p1|Farigiraf, L50, M|\n|poke|p1|Sneasler, L50, M|\n|poke|p1|Pelipper, L50, F|\n|poke|p1|Swampert, L50, M|\n|poke|p1|Mawile, L50, F|\n|poke|p2|Politoed, L50, M|\n|poke|p2|Charizard, L50, F|\n|poke|p2|Sneasler, L50, M|\n|poke|p2|Whimsicott, L50, M|\n|poke|p2|Archaludon, L50, M|\n|poke|p2|Sinistcha, L50|\n|teampreview|4\n|inactive|Battle timer is ON: inactive players will automatically lose when time's up. (requested by s.ulisses)\n|\n|t:|1788375315\n|teamsize|p1|4\n|teamsize|p2|4\n|start\n|switch|p1a: sukuna|Reuniclus, L50, F, shiny|100/100\n|switch|p1b: Harryhardtr|Farigiraf, L50, M|100/100\n|switch|p2a: Whimsicott|Whimsicott, L50, M|100/100\n|switch|p2b: Charizard|Charizard, L50, F|100/100\n|turn|1\n|\n|t:|1788375327\n|detailschange|p2b: Charizard|Charizard-Mega-Y, L50, F\n|-mega|p2b: Charizard|Charizard|Charizardite Y\n|-weather|SunnyDay|[from] ability: Drought|[of] p2b: Charizard\n|move|p2b: Charizard|Heat Wave|p1b: Harryhardtr|[spread] p1a,p1b\n|-damage|p1a: sukuna|28/100\n|-damage|p1b: Harryhardtr|29/100\n|-enditem|p1b: Harryhardtr|Sitrus Berry|[eat]\n|-heal|p1b: Harryhardtr|54/100|[from] item: Sitrus Berry\n|move|p1a: sukuna|Psychic|p2b: Charizard\n|-damage|p2b: Charizard|36/100\n|move|p2a: Whimsicott|Trick Room|p2a: Whimsicott\n|-fieldstart|move: Trick Room|[of] p2a: Whimsicott\n|move|p1b: Harryhardtr|Trick Room|p1b: Harryhardtr\n|-fieldend|move: Trick Room\n|\n|-weather|SunnyDay|[upkeep]\n|upkeep\n|turn|2\n|\n|t:|1788375344\n|switch|p1a: fraud|Pelipper, L50, F|100/100\n|-weather|RainDance|[from] ability: Drizzle|[of] p1a: fraud\n|move|p2a: Whimsicott|Dazzling Gleam|p1b: Harryhardtr|[spread] p1a,p1b\n|-damage|p1a: fraud|63/100\n|-damage|p1b: Harryhardtr|31/100\n|move|p2b: Charizard|Heat Wave|p1a: fraud|[spread] p1a,p1b\n|-resisted|p1a: fraud|1\n|-damage|p1a: fraud|47/100\n|-damage|p1b: Harryhardtr|9/100\n|move|p1b: Harryhardtr|Trick Room|p1b: Harryhardtr\n|-fieldstart|move: Trick Room|[of] p1b: Harryhardtr\n|\n|-weather|RainDance|[upkeep]\n|upkeep\n|turn|3\n|\n|t:|1788375371\n|move|p1b: Harryhardtr|Protect|p1b: Harryhardtr\n|-singleturn|p1b: Harryhardtr|Protect\n|move|p1a: fraud|Weather Ball|p2b: Charizard\n|-supereffective|p2b: Charizard|1\n|-damage|p2b: Charizard|0 fnt\n|faint|p2b: Charizard\n|move|p2a: Whimsicott|Trick Room|p2a: Whimsicott\n|-fieldend|move: Trick Room\n|\n|-weather|RainDance|[upkeep]\n|upkeep\n|\n|t:|1788375378\n|switch|p2b: Archaludon|Archaludon, L50, M|100/100\n|turn|4\n|\n|t:|1788375396\n|move|p2a: Whimsicott|Dazzling Gleam|p1b: Harryhardtr|[spread] p1a,p1b\n|-damage|p1a: fraud|11/100\n|-damage|p1b: Harryhardtr|0 fnt\n|faint|p1b: Harryhardtr\n|move|p2b: Archaludon|Electro Shot||[still]\n|-prepare|p2b: Archaludon|Electro Shot\n|-boost|p2b: Archaludon|spa|1\n|-anim|p2b: Archaludon|Electro Shot|p1a: fraud\n|-supereffective|p1a: fraud|2\n|-damage|p1a: fraud|0 fnt\n|faint|p1a: fraud\n|\n|-weather|RainDance|[upkeep]\n|upkeep\n|\n|t:|1788375400\n|switch|p1a: sukuna|Reuniclus, L50, F, shiny|28/100\n|switch|p1b: mawilemax|Mawile, L50, F|100/100\n|-ability|p1b: mawilemax|Intimidate|boost\n|-unboost|p2a: Whimsicott|atk|1\n|-unboost|p2b: Archaludon|atk|1\n|turn|5\n|inactive|Noobiedoobie537 has 30 seconds left.\n|\n|t:|1788375426\n|detailschange|p1b: mawilemax|Mawile-Mega, L50, F\n|-mega|p1b: mawilemax|Mawile|Mawilite\n|move|p2a: Whimsicott|Dazzling Gleam|p1b: mawilemax|[spread] p1a,p1b\n|-resisted|p1b: mawilemax|1\n|-damage|p1a: sukuna|5/100\n|-damage|p1b: mawilemax|84/100\n|move|p2b: Archaludon|Electro Shot||[still]\n|-prepare|p2b: Archaludon|Electro Shot\n|-boost|p2b: Archaludon|spa|1\n|-anim|p2b: Archaludon|Electro Shot|p1b: mawilemax\n|-damage|p1b: mawilemax|0 fnt\n|faint|p1b: mawilemax\n|move|p1a: sukuna|Focus Blast|p2b: Archaludon|[miss]\n|-miss|p1a: sukuna|p2b: Archaludon\n|\n|-weather|RainDance|[upkeep]\n|upkeep\n|turn|6\n|-message|Noobiedoobie537 forfeited.\n|\n|win|s.ulisses\n|raw|Noobiedoobie537's rating: 1287 &rarr; <strong>1267</strong><br />(-20 for losing)\n|raw|s.ulisses's rating: 1354 &rarr; <strong>1370</strong><br />(+16 for winning)\n","uploadtime":1788375445,"views":"1","formatid":"gen9championsvgc2026regmb","rating":1267,"private":0,"password":null}