{"id":"gen9championsvgc2026regmb-2674288335","format":"[Gen 9 Champions] VGC 2026 Reg M-B","players":["Kwiper","TheQuQuagsire"],"log":"|j|☆Kwiper\n|j|☆TheQuQuagsire\n|t:|1788332492\n|gametype|doubles\n|player|p1|Kwiper|sycamore|1610\n|player|p2|TheQuQuagsire|skierf|1515\n|gen|9\n|tier|[Gen 9 Champions] VGC 2026 Reg M-B\n|rated|\n|rule|Species Clause: Limit one of each Pokémon\n|rule|Item Clause: Limit 1 of each item\n|clearpoke\n|poke|p1|Tyranitar, L50, F|\n|poke|p1|Excadrill, L50, M|\n|poke|p1|Milotic, L50, M|\n|poke|p1|Gholdengo, L50|\n|poke|p1|Sinistcha, L50|\n|poke|p1|Staraptor, L50, F|\n|poke|p2|Skarmory, L50, M|\n|poke|p2|Raichu, L50, F|\n|poke|p2|Sinistcha-Masterpiece, L50|\n|poke|p2|Tyranitar, L50, F|\n|poke|p2|Excadrill, L50, M|\n|poke|p2|Milotic, L50, F|\n|teampreview|4\n|inactive|Battle timer is ON: inactive players will automatically lose when time's up. (requested by Kwiper)\n|inactive|TheQuQuagsire also wants the timer to be on.\n|\n|t:|1788332519\n|teamsize|p1|4\n|teamsize|p2|4\n|start\n|switch|p1a: Gholdengo|Gholdengo, L50|100/100\n|switch|p1b: Sinistcha|Sinistcha, L50|100/100\n|switch|p2a: Skarmory|Skarmory, L50, M|100/100\n|switch|p2b: Milotic|Milotic, L50, F|100/100\n|turn|1\n|\n|t:|1788332528\n|move|p2a: Skarmory|Swords Dance|p2a: Skarmory\n|-boost|p2a: Skarmory|atk|2\n|move|p1a: Gholdengo|Nasty Plot|p1a: Gholdengo\n|-boost|p1a: Gholdengo|spa|2\n|move|p2b: Milotic|Hypnosis|p1b: Sinistcha|[miss]\n|-miss|p2b: Milotic|p1b: Sinistcha\n|move|p1b: Sinistcha|Matcha Gotcha|p2b: Milotic|[spread] p2a,p2b\n|-resisted|p2a: Skarmory|2\n|-supereffective|p2b: Milotic|1\n|-damage|p2a: Skarmory|91/100\n|-damage|p2b: Milotic|64/100\n|\n|-heal|p2b: Milotic|70/100|[from] item: Leftovers\n|upkeep\n|turn|2\n|\n|t:|1788332544\n|switch|p2b: Sinistcha|Sinistcha-Masterpiece, L50|100/100\n|-heal|p2a: Skarmory|100/100|[from] ability: Hospitality|[of] p2b: Sinistcha\n|detailschange|p2a: Skarmory|Skarmory-Mega, L50, M\n|-mega|p2a: Skarmory|Skarmory|Skarmorite\n|move|p1b: Sinistcha|Rage Powder|p1b: Sinistcha\n|-singleturn|p1b: Sinistcha|move: Rage Powder\n|move|p2a: Skarmory|Drill Run|p1a: Gholdengo\n|-supereffective|p1a: Gholdengo|1\n|-damage|p1a: Gholdengo|2/100\n|move|p1a: Gholdengo|Shadow Ball|p2a: Skarmory\n|-damage|p2a: Skarmory|0 fnt\n|faint|p2a: Skarmory\n|-damage|p1a: Gholdengo|0 fnt|[from] item: Life Orb\n|faint|p1a: Gholdengo\n|\n|upkeep\n|\n|t:|1788332555\n|switch|p2a: Excadrill|Excadrill, L50, M|100/100\n|switch|p1a: Tyranitar|Tyranitar, L50, F|100/100\n|-weather|Sandstorm|[from] ability: Sand Stream|[of] p1a: Tyranitar\n|turn|3\n|inactive|Kwiper has 30 seconds left.\n|\n|t:|1788332580\n|detailschange|p1a: Tyranitar|Tyranitar-Mega, L50, F\n|-mega|p1a: Tyranitar|Tyranitar|Tyranitarite\n|move|p1b: Sinistcha|Rage Powder|p1b: Sinistcha\n|-singleturn|p1b: Sinistcha|move: Rage Powder\n|move|p2a: Excadrill|High Horsepower|p1b: Sinistcha\n|-resisted|p1b: Sinistcha|1\n|-damage|p1b: Sinistcha|78/100\n|move|p1a: Tyranitar|Rock Slide|p2a: Excadrill|[spread] p2a,p2b\n|-resisted|p2a: Excadrill|2\n|-damage|p2a: Excadrill|89/100\n|-damage|p2b: Sinistcha|74/100\n|move|p2b: Sinistcha|Matcha Gotcha|p1b: Sinistcha|[spread] p1a,p1b\n|-supereffective|p1a: Tyranitar|1\n|-resisted|p1b: Sinistcha|1\n|-damage|p1a: Tyranitar|71/100\n|-heal|p2b: Sinistcha|89/100|[from] drain|[of] p1a: Tyranitar\n|-damage|p1b: Sinistcha|66/100\n|-heal|p2b: Sinistcha|95/100|[from] drain|[of] p1b: Sinistcha\n|\n|-weather|Sandstorm|[upkeep]\n|-damage|p1b: Sinistcha|60/100|[from] Sandstorm\n|-damage|p2b: Sinistcha|89/100|[from] Sandstorm\n|upkeep\n|turn|4\n|\n|t:|1788332597\n|move|p1b: Sinistcha|Rage Powder|p1b: Sinistcha\n|-singleturn|p1b: Sinistcha|move: Rage Powder\n|move|p2a: Excadrill|Swords Dance|p2a: Excadrill\n|-boost|p2a: Excadrill|atk|2\n|move|p1a: Tyranitar|Knock Off|p2b: Sinistcha\n|-supereffective|p2b: Sinistcha|1\n|-damage|p2b: Sinistcha|5/100\n|-enditem|p2b: Sinistcha|Kasib Berry|[from] move: Knock Off|[of] p1a: Tyranitar\n|move|p2b: Sinistcha|Matcha Gotcha|p1a: Tyranitar|[spread] p1a,p1b\n|-supereffective|p1a: Tyranitar|1\n|-resisted|p1b: Sinistcha|1\n|-damage|p1a: Tyranitar|43/100\n|-heal|p2b: Sinistcha|20/100y|[from] drain|[of] p1a: Tyranitar\n|-damage|p1b: Sinistcha|49/100\n|-heal|p2b: Sinistcha|25/100|[from] drain|[of] p1b: Sinistcha\n|-status|p1a: Tyranitar|brn\n|\n|-weather|Sandstorm|[upkeep]\n|-damage|p2b: Sinistcha|19/100|[from] Sandstorm\n|-damage|p1b: Sinistcha|43/100|[from] Sandstorm\n|-damage|p1a: Tyranitar|37/100 brn|[from] brn\n|upkeep\n|turn|5\n|\n|t:|1788332607\n|move|p2a: Excadrill|Rock Slide|p1b: Sinistcha|[spread] p1a,p1b\n|-damage|p1a: Tyranitar|7/100 brn\n|-damage|p1b: Sinistcha|7/100\n|cant|p1a: Tyranitar|flinch\n|move|p1b: Sinistcha|Matcha Gotcha|p2b: Sinistcha|[spread] p2a,p2b\n|-resisted|p2b: Sinistcha|1\n|-damage|p2a: Excadrill|58/100\n|-heal|p1b: Sinistcha|24/100|[from] drain|[of] p2a: Excadrill\n|-damage|p2b: Sinistcha|7/100\n|-heal|p1b: Sinistcha|30/100|[from] drain|[of] p2b: Sinistcha\n|move|p2b: Sinistcha|Matcha Gotcha|p1a: Tyranitar|[spread] p1a,p1b\n|-supereffective|p1a: Tyranitar|1\n|-resisted|p1b: Sinistcha|1\n|-damage|p1a: Tyranitar|0 fnt\n|-heal|p2b: Sinistcha|11/100|[from] drain|[of] p1a: Tyranitar\n|-damage|p1b: Sinistcha|19/100\n|-heal|p2b: Sinistcha|17/100|[from] drain|[of] p1b: Sinistcha\n|faint|p1a: Tyranitar\n|\n|-weather|Sandstorm|[upkeep]\n|-damage|p2b: Sinistcha|11/100|[from] Sandstorm\n|-damage|p1b: Sinistcha|13/100|[from] Sandstorm\n|upkeep\n|\n|t:|1788332625\n|switch|p1a: Excadrill|Excadrill, L50, M|100/100\n|turn|6\n|\n|t:|1788332629\n|switch|p2b: Milotic|Milotic, L50, F|70/100\n|move|p2a: Excadrill|Protect|p2a: Excadrill\n|-singleturn|p2a: Excadrill|Protect\n|move|p1a: Excadrill|Rock Slide|p2a: Excadrill|[spread] p2b\n|-activate|p2a: Excadrill|move: Protect\n|-damage|p2b: Milotic|52/100\n|move|p1b: Sinistcha|Matcha Gotcha|p2a: Excadrill|[spread] \n|-activate|p2a: Excadrill|move: Protect\n|-miss|p1b: Sinistcha|p2b: Milotic\n|\n|-weather|Sandstorm|[upkeep]\n|-damage|p2b: Milotic|47/100|[from] Sandstorm\n|-damage|p1b: Sinistcha|8/100|[from] Sandstorm\n|-heal|p2b: Milotic|52/100|[from] item: Leftovers\n|upkeep\n|turn|7\n|\n|t:|1788332640\n|switch|p2b: Sinistcha|Sinistcha-Masterpiece, L50|11/100\n|-heal|p2a: Excadrill|83/100|[from] ability: Hospitality|[of] p2b: Sinistcha\n|move|p1a: Excadrill|Rock Slide|p2b: Sinistcha|[spread] p2a,p2b\n|-resisted|p2a: Excadrill|2\n|-damage|p2a: Excadrill|75/100\n|-damage|p2b: Sinistcha|0 fnt\n|faint|p2b: Sinistcha\n|move|p2a: Excadrill|Rock Slide|p1a: Excadrill|[spread] p1b\n|-miss|p2a: Excadrill|p1a: Excadrill\n|-damage|p1b: Sinistcha|0 fnt\n|faint|p1b: Sinistcha\n|\n|-weather|none\n|upkeep\n|\n|t:|1788332645\n|switch|p2b: Milotic|Milotic, L50, F|52/100\n|turn|8\n|-message|Kwiper forfeited.\n|\n|win|TheQuQuagsire\n|raw|Kwiper's rating: 1610 &rarr; <strong>1585</strong><br />(-25 for losing)\n|raw|TheQuQuagsire's rating: 1515 &rarr; <strong>1540</strong><br />(+25 for winning)\n","uploadtime":1788332647,"views":"4","formatid":"gen9championsvgc2026regmb","rating":1540,"private":0,"password":null}