{"id":"gen9championsvgc2026regmb-2674628751","format":"[Gen 9 Champions] VGC 2026 Reg M-B","players":["BlobFisherMan","disciple of blahaj"],"log":"|j|☆BlobFisherMan\n|j|☆disciple of blahaj\n|t:|1788382248\n|gametype|doubles\n|player|p1|BlobFisherMan|2|1224\n|player|p2|disciple of blahaj|jacinthe|1274\n|gen|9\n|tier|[Gen 9 Champions] VGC 2026 Reg M-B\n|rated|\n|rule|Species Clause: Limit one of each Pokémon\n|rule|Item Clause: Limit 1 of each item\n|clearpoke\n|poke|p1|Toucannon, L50, F|\n|poke|p1|Talonflame, L50, F|\n|poke|p1|Toxapex, L50, M|\n|poke|p1|Chesnaught, L50, M|\n|poke|p1|Gyarados, L50, F|\n|poke|p1|Metagross, L50|\n|poke|p2|Gengar, L50, F, shiny|\n|poke|p2|Grimmsnarl, L50, M|\n|poke|p2|Incineroar, L50, F|\n|poke|p2|Charizard, L50, F|\n|poke|p2|Pelipper, L50, M|\n|poke|p2|Primarina, L50, M|\n|teampreview|4\n|inactive|Battle timer is ON: inactive players will automatically lose when time's up. (requested by BlobFisherMan)\n|inactive|BlobFisherMan has 60 seconds left.\n|inactive|disciple of blahaj has 60 seconds left.\n|\n|t:|1788382298\n|teamsize|p1|4\n|teamsize|p2|4\n|start\n|switch|p1a: Metagross|Metagross, L50|100/100\n|switch|p1b: Talonflame|Talonflame, L50, F|100/100\n|switch|p2a: Incineroar|Incineroar, L50, F|100/100\n|switch|p2b: Primarina|Primarina, L50, M|100/100\n|-ability|p2a: Incineroar|Intimidate|boost\n|-fail|p1a: Metagross|unboost|[from] ability: Clear Body|[of] p1a: Metagross\n|-unboost|p1b: Talonflame|atk|1\n|turn|1\n|\n|t:|1788382318\n|detailschange|p1a: Metagross|Metagross-Mega, L50\n|-mega|p1a: Metagross|Metagross|Metagrossite\n|move|p2a: Incineroar|Fake Out|p1a: Metagross\n|-resisted|p1a: Metagross|1\n|-damage|p1a: Metagross|95/100\n|move|p1b: Talonflame|Brave Bird|p2b: Primarina\n|-damage|p2b: Primarina|64/100\n|-damage|p1b: Talonflame|85/100|[from] Recoil\n|cant|p1a: Metagross|flinch\n|move|p2b: Primarina|Perish Song|p2b: Primarina\n|-start|p1a: Metagross|perish3|[silent]\n|-start|p1b: Talonflame|perish3|[silent]\n|-start|p2a: Incineroar|perish3|[silent]\n|-start|p2b: Primarina|perish3|[silent]\n|-fieldactivate|move: Perish Song\n|\n|-heal|p2b: Primarina|70/100|[from] item: Leftovers\n|-start|p1b: Talonflame|perish3\n|-start|p1a: Metagross|perish3\n|-start|p2b: Primarina|perish3\n|-start|p2a: Incineroar|perish3\n|upkeep\n|turn|2\n|\n|t:|1788382341\n|switch|p1b: Toxapex|Toxapex, L50, M|100/100\n|move|p1a: Metagross|Thunder Punch|p2b: Primarina\n|-supereffective|p2b: Primarina|1\n|-damage|p2b: Primarina|0 fnt\n|faint|p2b: Primarina\n|move|p2a: Incineroar|Parting Shot|p1a: Metagross\n|-unboost|p1a: Metagross|atk|1\n|-unboost|p1a: Metagross|spa|1\n|c|☆disciple of blahaj|Woah\n|\n|t:|1788382354\n|switch|p2a: Gengar|Gengar, L50, F, shiny|100/100|[from] Parting Shot\n|\n|-start|p1a: Metagross|perish2\n|upkeep\n|\n|t:|1788382361\n|switch|p2b: Incineroar|Incineroar, L50, F|100/100\n|-ability|p2b: Incineroar|Intimidate|boost\n|-unboost|p1a: Metagross|atk|1\n|-unboost|p1b: Toxapex|atk|1\n|turn|3\n|inactive|BlobFisherMan has 30 seconds left.\n|\n|t:|1788382389\n|switch|p1a: Talonflame|Talonflame, L50, F|85/100\n|detailschange|p2a: Gengar|Gengar-Mega, L50, F, shiny\n|-mega|p2a: Gengar|Gengar|Gengarite\n|move|p2a: Gengar|Perish Song|p2a: Gengar\n|-start|p1a: Talonflame|perish3|[silent]\n|-start|p1b: Toxapex|perish3|[silent]\n|-start|p2a: Gengar|perish3|[silent]\n|-start|p2b: Incineroar|perish3|[silent]\n|-fieldactivate|move: Perish Song\n|move|p2b: Incineroar|Parting Shot|p1a: Talonflame\n|-unboost|p1a: Talonflame|atk|1\n|-unboost|p1a: Talonflame|spa|1\n|\n|t:|1788382401\n|switch|p2b: Pelipper|Pelipper, L50, M|100/100|[from] Parting Shot\n|-weather|RainDance|[from] ability: Drizzle|[of] p2b: Pelipper\n|move|p1b: Toxapex|Toxic|p2b: Pelipper\n|-status|p2b: Pelipper|tox\n|\n|-weather|RainDance|[upkeep]\n|-damage|p2b: Pelipper|94/100 tox|[from] psn\n|-start|p1a: Talonflame|perish3\n|-start|p2a: Gengar|perish3\n|-start|p1b: Toxapex|perish3\n|upkeep\n|turn|4\n|\n|t:|1788382412\n|move|p2a: Gengar|Protect|p2a: Gengar\n|-singleturn|p2a: Gengar|Protect\n|move|p2b: Pelipper|Protect|p2b: Pelipper\n|-singleturn|p2b: Pelipper|Protect\n|move|p1a: Talonflame|Brave Bird|p2a: Gengar\n|-activate|p2a: Gengar|move: Protect\n|move|p1b: Toxapex|Liquidation|p2a: Gengar\n|-activate|p2a: Gengar|move: Protect\n|\n|-weather|RainDance|[upkeep]\n|-damage|p2b: Pelipper|82/100 tox|[from] psn\n|-start|p1a: Talonflame|perish2\n|-start|p2a: Gengar|perish2\n|-start|p1b: Toxapex|perish2\n|upkeep\n|turn|5\n|\n|t:|1788382427\n|switch|p2b: Incineroar|Incineroar, L50, F|100/100\n|-ability|p2b: Incineroar|Intimidate|boost\n|-unboost|p1a: Talonflame|atk|1\n|-unboost|p1b: Toxapex|atk|1\n|move|p1a: Talonflame|Brave Bird|p2a: Gengar\n|-damage|p2a: Gengar|71/100\n|-damage|p1a: Talonflame|75/100|[from] Recoil\n|move|p2a: Gengar|Shadow Ball|p1b: Toxapex\n|-damage|p1b: Toxapex|70/100\n|move|p1b: Toxapex|Liquidation|p2a: Gengar\n|-damage|p2a: Gengar|54/100\n|\n|-weather|RainDance|[upkeep]\n|-start|p1a: Talonflame|perish1\n|-start|p2a: Gengar|perish1\n|-start|p1b: Toxapex|perish1\n|upkeep\n|turn|6\n|\n|t:|1788382452\n|switch|p2a: Pelipper|Pelipper, L50, M|82/100 tox\n|move|p1a: Talonflame|Tailwind|p1a: Talonflame\n|-sidestart|p1: BlobFisherMan|move: Tailwind\n|move|p2b: Incineroar|Parting Shot|p1b: Toxapex\n|-unboost|p1b: Toxapex|atk|1\n|-unboost|p1b: Toxapex|spa|1\n|\n|t:|1788382459\n|switch|p2b: Gengar|Gengar-Mega, L50, F, shiny|54/100|[from] Parting Shot\n|move|p1b: Toxapex|Toxic|p2b: Gengar\n|-immune|p2b: Gengar\n|\n|-weather|RainDance|[upkeep]\n|-damage|p2a: Pelipper|76/100 tox|[from] psn\n|-start|p1a: Talonflame|perish0\n|-start|p1b: Toxapex|perish0\n|faint|p1a: Talonflame\n|faint|p1b: Toxapex\n|upkeep\n|\n|t:|1788382462\n|switch|p1a: Metagross|Metagross-Mega, L50|95/100\n|switch|p1b: Toucannon|Toucannon, L50, F|100/100\n|turn|7\n|\n|t:|1788382482\n|move|p2b: Gengar|Protect|p2b: Gengar\n|-singleturn|p2b: Gengar|Protect\n|move|p1a: Metagross|Psychic Fangs|p2b: Gengar\n|-activate|p2b: Gengar|move: Protect\n|move|p1b: Toucannon|Rock Blast|p2a: Pelipper\n|-supereffective|p2a: Pelipper|1\n|-damage|p2a: Pelipper|51/100 tox\n|-supereffective|p2a: Pelipper|1\n|-damage|p2a: Pelipper|25/100 tox\n|-supereffective|p2a: Pelipper|1\n|-damage|p2a: Pelipper|1/100 tox\n|-supereffective|p2a: Pelipper|1\n|-damage|p2a: Pelipper|0 fnt\n|faint|p2a: Pelipper\n|-hitcount|p2: Pelipper|4\n|\n|-weather|none\n|upkeep\n|\n|t:|1788382498\n|switch|p2a: Incineroar|Incineroar, L50, F|100/100\n|-ability|p2a: Incineroar|Intimidate|boost\n|-unboost|p1a: Metagross|atk|1\n|-unboost|p1b: Toucannon|atk|1\n|turn|8\n|\n|t:|1788382504\n|move|p2a: Incineroar|Fake Out|p1a: Metagross\n|-resisted|p1a: Metagross|1\n|-damage|p1a: Metagross|91/100\n|cant|p1a: Metagross|flinch\n|move|p1b: Toucannon|Rock Blast|p2b: Gengar\n|-damage|p2b: Gengar|47/100\n|-damage|p2b: Gengar|41/100\n|-damage|p2b: Gengar|35/100\n|-damage|p2b: Gengar|29/100\n|-damage|p2b: Gengar|23/100\n|-hitcount|p2b: Gengar|5\n|move|p2b: Gengar|Perish Song|p2b: Gengar\n|-start|p1a: Metagross|perish3|[silent]\n|-start|p1b: Toucannon|perish3|[silent]\n|-start|p2a: Incineroar|perish3|[silent]\n|-start|p2b: Gengar|perish3|[silent]\n|-fieldactivate|move: Perish Song\n|\n|-start|p1a: Metagross|perish3\n|-start|p1b: Toucannon|perish3\n|-start|p2b: Gengar|perish3\n|-start|p2a: Incineroar|perish3\n|upkeep\n|turn|9\n|\n|t:|1788382524\n|move|p2b: Gengar|Protect|p2b: Gengar\n|-singleturn|p2b: Gengar|Protect\n|move|p2a: Incineroar|Protect|p2a: Incineroar\n|-singleturn|p2a: Incineroar|Protect\n|move|p1a: Metagross|Hard Press|p2a: Incineroar\n|-activate|p2a: Incineroar|move: Protect\n|move|p1b: Toucannon|Rock Blast|p2a: Incineroar\n|-activate|p2a: Incineroar|move: Protect\n|\n|-start|p1a: Metagross|perish2\n|-start|p1b: Toucannon|perish2\n|-start|p2b: Gengar|perish2\n|-start|p2a: Incineroar|perish2\n|-sideend|p1: BlobFisherMan|move: Tailwind\n|upkeep\n|turn|10\n|\n|t:|1788382545\n|move|p1a: Metagross|Hard Press|p2a: Incineroar\n|-resisted|p2a: Incineroar|1\n|-damage|p2a: Incineroar|81/100\n|move|p1b: Toucannon|Rock Blast|p2a: Incineroar\n|-supereffective|p2a: Incineroar|1\n|-damage|p2a: Incineroar|71/100\n|-supereffective|p2a: Incineroar|1\n|-damage|p2a: Incineroar|61/100\n|-supereffective|p2a: Incineroar|1\n|-damage|p2a: Incineroar|51/100\n|-supereffective|p2a: Incineroar|1\n|-damage|p2a: Incineroar|39/100\n|-enditem|p2a: Incineroar|Sitrus Berry|[eat]\n|-heal|p2a: Incineroar|64/100|[from] item: Sitrus Berry\n|-supereffective|p2a: Incineroar|1\n|-damage|p2a: Incineroar|53/100\n|-hitcount|p2a: Incineroar|5\n|move|p2b: Gengar|Sludge Bomb|p1b: Toucannon\n|-damage|p1b: Toucannon|32/100\n|move|p2a: Incineroar|Darkest Lariat|p1b: Toucannon\n|-damage|p1b: Toucannon|0 fnt\n|faint|p1b: Toucannon\n|\n|-start|p1a: Metagross|perish1\n|-start|p2b: Gengar|perish1\n|-start|p2a: Incineroar|perish1\n|upkeep\n|turn|11\n|inactive|disciple of blahaj has 30 seconds left.\n|\n|t:|1788382576\n|move|p2a: Incineroar|Protect|p2a: Incineroar\n|-singleturn|p2a: Incineroar|Protect\n|move|p1a: Metagross|Thunder Punch|p2a: Incineroar\n|-activate|p2a: Incineroar|move: Protect\n|move|p2b: Gengar|Shadow Ball|p1a: Metagross\n|-supereffective|p1a: Metagross|1\n|-damage|p1a: Metagross|0 fnt\n|faint|p1a: Metagross\n|\n|win|disciple of blahaj\n|raw|BlobFisherMan's rating: 1224 &rarr; <strong>1203</strong><br />(-21 for losing)\n|raw|disciple of blahaj's rating: 1274 &rarr; <strong>1295</strong><br />(+21 for winning)\n|l|☆BlobFisherMan\n|player|p1|\n","uploadtime":1788382590,"views":"0","formatid":"gen9championsvgc2026regmb","rating":1203,"private":0,"password":null}