{"id":"gen9championsvgc2026regmbbo3-2673784585","format":"[Gen 9 Champions] VGC 2026 Reg M-B (Bo3)","players":["Maatja","CaratroncoSun"],"log":"|j|☆Maatja\n|j|☆CaratroncoSun\n|html|<table width=\"100%\"><tr><td align=\"left\">Maatja</td><td align=\"right\">CaratroncoSun</tr><tr><td align=\"left\"><i class=\"fa fa-circle-o\"></i> <i class=\"fa fa-circle-o\"></i> </td><td align=\"right\"><i class=\"fa fa-circle-o\"></i> <i class=\"fa fa-circle-o\"></i> </tr></table>\n|uhtml|bestof|<h2><strong>Game 1</strong> of <a href=\"/game-bestof3-gen9championsvgc2026regmbbo3-2673784584\">a best-of-3</a></h2>\n|t:|1788255935\n|gametype|doubles\n|player|p1|Maatja|265|1118\n|player|p2|CaratroncoSun|170|1341\n|gen|9\n|tier|[Gen 9 Champions] VGC 2026 Reg M-B (Bo3)\n|rated|\n|rule|Species Clause: Limit one of each Pokémon\n|rule|Item Clause: Limit 1 of each item\n|clearpoke\n|poke|p1|Scovillain, L50, F|\n|poke|p1|Gholdengo, L50|\n|poke|p1|Dragapult, L50, F|\n|poke|p1|Aerodactyl, L50, F|\n|poke|p1|Primarina, L50, F|\n|poke|p1|Sneasler, L50, M|\n|poke|p2|Charizard, L50, M, shiny|\n|poke|p2|Venusaur, L50, M, shiny|\n|poke|p2|Whimsicott, L50, M, shiny|\n|poke|p2|Basculegion, L50, M|\n|poke|p2|Tyranitar, L50, F|\n|poke|p2|Mamoswine, L50, M|\n|teampreview|4\n|showteam|p1|Scovillain||Scovillainite|Moody|Protect,RagePowder,Flamethrower,LeechSeed|Calm||F|||50|]Gholdengo||MetalCoat|GoodasGold|MakeItRain,NastyPlot,Protect,LightScreen|Modest|||||50|]Dragapult||FocusSash|ClearBody|DragonDance,DragonDarts,LightScreen,Protect|Serious||F|||50|]Aerodactyl||Aerodactylite|RockHead|WideGuard,DragonDance,RockSlide,Protect|Jolly||F|||50|]Primarina||Leftovers|LiquidVoice|CalmMind,HyperVoice,Protect,PerishSong|Modest||F|||50|]Sneasler||WhiteHerb|Unburden|Acrobatics,BulkUp,FakeOut,CloseCombat|Adamant||M|||50|\n|showteam|p2|Charizard||CharizarditeY|Blaze|Protect,SolarBeam,HeatWave,AirSlash|Modest||M|||50|]Venusaur||WideLens|Chlorophyll|Protect,GigaDrain,EarthPower,SleepPowder|Modest||M|||50|]Whimsicott||FocusSash|Prankster|Protect,Moonblast,Tailwind,Encore|Timid||M|||50|]Basculegion||MysticWater|Adaptability|Protect,AquaJet,WaveCrash,LastRespects|Adamant||M|||50|]Tyranitar||Tyranitarite|SandStream|Protect,RockSlide,KnockOff,LowKick|Adamant||F|||50|]Mamoswine||LifeOrb|Oblivious|Protect,HighHorsepower,RockSlide,IceShard|Adamant||M|||50|\n|inactive|Battle timer is ON: inactive players will automatically lose when time's up. (requested by Maatja)\n|inactive|CaratroncoSun has 60 seconds left.\n|\n|t:|1788256004\n|teamsize|p1|4\n|teamsize|p2|4\n|start\n|switch|p1a: Scovillain|Scovillain, L50, F|100/100\n|switch|p1b: Sneasler|Sneasler, L50, M|100/100\n|switch|p2a: Whimsicott|Whimsicott, L50, M, shiny|100/100\n|switch|p2b: Tyranitar|Tyranitar, L50, F|100/100\n|-weather|Sandstorm|[from] ability: Sand Stream|[of] p2b: Tyranitar\n|turn|1\n|inactive|Maatja has 30 seconds left.\n|\n|t:|1788256031\n|detailschange|p1a: Scovillain|Scovillain-Mega, L50, F\n|-mega|p1a: Scovillain|Scovillain|Scovillainite\n|move|p2a: Whimsicott|Protect|p2a: Whimsicott\n|-singleturn|p2a: Whimsicott|Protect\n|move|p2b: Tyranitar|Protect|p2b: Tyranitar\n|-singleturn|p2b: Tyranitar|Protect\n|move|p1b: Sneasler|Fake Out|p2a: Whimsicott\n|-activate|p2a: Whimsicott|move: Protect\n|move|p1a: Scovillain|Flamethrower|p2a: Whimsicott\n|-activate|p2a: Whimsicott|move: Protect\n|\n|-weather|Sandstorm|[upkeep]\n|-damage|p2a: Whimsicott|94/100|[from] Sandstorm\n|-damage|p1b: Sneasler|94/100|[from] Sandstorm\n|-damage|p1a: Scovillain|93/100|[from] Sandstorm\n|upkeep\n|turn|2\n|\n|t:|1788256050\n|switch|p1b: Dragapult|Dragapult, L50, F|100/100\n|detailschange|p2b: Tyranitar|Tyranitar-Mega, L50, F\n|-mega|p2b: Tyranitar|Tyranitar|Tyranitarite\n|move|p1a: Scovillain|Rage Powder|p1a: Scovillain\n|-singleturn|p1a: Scovillain|move: Rage Powder\n|move|p2a: Whimsicott|Encore||[still]\n|-fail|p2a: Whimsicott\n|move|p2b: Tyranitar|Rock Slide|p1b: Dragapult|[spread] p1a,p1b\n|-supereffective|p1a: Scovillain|1\n|-damage|p1a: Scovillain|0 fnt\n|-damage|p1b: Dragapult|46/100\n|-status|p2b: Tyranitar|brn|[from] ability: Spicy Spray|[of] p1a: Scovillain\n|faint|p1a: Scovillain\n|\n|-weather|Sandstorm|[upkeep]\n|-damage|p1b: Dragapult|40/100|[from] Sandstorm\n|-damage|p2a: Whimsicott|88/100|[from] Sandstorm\n|-damage|p2b: Tyranitar|94/100 brn|[from] brn\n|upkeep\n|\n|t:|1788256067\n|switch|p1a: Sneasler|Sneasler, L50, M|94/100\n|turn|3\n|\n|t:|1788256077\n|move|p2a: Whimsicott|Protect|p2a: Whimsicott\n|-singleturn|p2a: Whimsicott|Protect\n|move|p2b: Tyranitar|Protect|p2b: Tyranitar\n|-singleturn|p2b: Tyranitar|Protect\n|move|p1b: Dragapult|Light Screen|p1b: Dragapult\n|-sidestart|p1: Maatja|move: Light Screen\n|move|p1a: Sneasler|Close Combat|p2b: Tyranitar\n|-activate|p2b: Tyranitar|move: Protect\n|\n|-weather|Sandstorm|[upkeep]\n|-damage|p1b: Dragapult|34/100|[from] Sandstorm\n|-damage|p2a: Whimsicott|82/100|[from] Sandstorm\n|-damage|p1a: Sneasler|88/100|[from] Sandstorm\n|-damage|p2b: Tyranitar|88/100 brn|[from] brn\n|upkeep\n|turn|4\n|\n|t:|1788256094\n|switch|p1b: Primarina|Primarina, L50, F|100/100\n|move|p2a: Whimsicott|Tailwind|p2a: Whimsicott\n|-sidestart|p2: CaratroncoSun|move: Tailwind\n|move|p2b: Tyranitar|Rock Slide|p1a: Sneasler|[spread] p1a\n|-miss|p2b: Tyranitar|p1b: Primarina\n|-resisted|p1a: Sneasler|1\n|-damage|p1a: Sneasler|71/100\n|move|p1a: Sneasler|Close Combat|p2b: Tyranitar\n|-supereffective|p2b: Tyranitar|2\n|-damage|p2b: Tyranitar|0 fnt\n|-unboost|p1a: Sneasler|def|1\n|-unboost|p1a: Sneasler|spd|1\n|faint|p2b: Tyranitar\n|-enditem|p1a: Sneasler|White Herb\n|-clearnegativeboost|p1a: Sneasler|[silent]\n|\n|-weather|Sandstorm|[upkeep]\n|-damage|p2a: Whimsicott|76/100|[from] Sandstorm\n|-damage|p1a: Sneasler|65/100|[from] Sandstorm\n|-damage|p1b: Primarina|94/100|[from] Sandstorm\n|-heal|p1b: Primarina|100/100|[from] item: Leftovers\n|upkeep\n|\n|t:|1788256113\n|switch|p2b: Basculegion|Basculegion, L50, M|100/100\n|turn|5\n|\n|t:|1788256128\n|move|p2a: Whimsicott|Protect|p2a: Whimsicott\n|-singleturn|p2a: Whimsicott|Protect\n|move|p1a: Sneasler|Acrobatics|p2a: Whimsicott\n|-activate|p2a: Whimsicott|move: Protect\n|move|p2b: Basculegion|Last Respects|p1a: Sneasler\n|-crit|p1a: Sneasler\n|-damage|p1a: Sneasler|0 fnt\n|faint|p1a: Sneasler\n|move|p1b: Primarina|Calm Mind|p1b: Primarina\n|-boost|p1b: Primarina|spa|1\n|-boost|p1b: Primarina|spd|1\n|\n|-weather|none\n|upkeep\n|\n|t:|1788256140\n|switch|p1a: Dragapult|Dragapult, L50, F|34/100\n|turn|6\n|\n|t:|1788256147\n|move|p2a: Whimsicott|Encore|p1b: Primarina\n|-start|p1b: Primarina|Encore\n|move|p2b: Basculegion|Last Respects|p1a: Dragapult\n|-supereffective|p1a: Dragapult|1\n|-damage|p1a: Dragapult|0 fnt\n|faint|p1a: Dragapult\n|move|p1b: Primarina|Calm Mind|p1b: Primarina\n|-boost|p1b: Primarina|spa|1\n|-boost|p1b: Primarina|spd|1\n|\n|upkeep\n|turn|7\n|-message|Maatja forfeited.\n|\n|win|CaratroncoSun\n","uploadtime":1788256152,"views":"1","formatid":"gen9championsvgc2026regmbbo3","rating":null,"private":0,"password":null}