{"id":"gen9championsvgc2026regmb-2674457894","format":"[Gen 9 Champions] VGC 2026 Reg M-B","players":["Manbuze4","Imbad67676767"],"log":"|j|☆Manbuze4\n|j|☆Imbad67676767\n|t:|1788362167\n|gametype|doubles\n|player|p1|Manbuze4|266|1351\n|player|p2|Imbad67676767|265|1254\n|gen|9\n|tier|[Gen 9 Champions] VGC 2026 Reg M-B\n|rated|\n|rule|Species Clause: Limit one of each Pokémon\n|rule|Item Clause: Limit 1 of each item\n|clearpoke\n|poke|p1|Charizard, L50, F|\n|poke|p1|Audino, L50, M|\n|poke|p1|Annihilape, L50, F|\n|poke|p1|Incineroar, L50, F|\n|poke|p1|Sylveon, L50, F|\n|poke|p1|Garchomp, L50, F|\n|poke|p2|Floette-Eternal, L50, F|\n|poke|p2|Charizard, L50, M|\n|poke|p2|Whimsicott, L50, F|\n|poke|p2|Garchomp, L50, M|\n|poke|p2|Basculegion, L50, M|\n|poke|p2|Kingambit, L50, M|\n|teampreview|4\n|inactive|Battle timer is ON: inactive players will automatically lose when time's up. (requested by Imbad67676767)\n|\n|t:|1788362213\n|teamsize|p1|4\n|teamsize|p2|4\n|start\n|switch|p1a: Audino|Audino, L50, M|100/100\n|switch|p1b: Incineroar|Incineroar, L50, F|100/100\n|switch|p2a: Charizard|Charizard, L50, M|100/100\n|switch|p2b: Garchomp|Garchomp, L50, M|100/100\n|-ability|p1b: Incineroar|Intimidate|boost\n|-unboost|p2a: Charizard|atk|1\n|-unboost|p2b: Garchomp|atk|1\n|turn|1\n|inactive|Imbad67676767 has 30 seconds left.\n|inactive|Imbad67676767 has 20 seconds left.\n|inactive|Manbuze4 has 30 seconds left.\n|\n|t:|1788362254\n|detailschange|p2a: Charizard|Charizard-Mega-Y, L50, M\n|-mega|p2a: Charizard|Charizard|Charizardite Y\n|-weather|SunnyDay|[from] ability: Drought|[of] p2a: Charizard\n|move|p1b: Incineroar|Fake Out|p2a: Charizard\n|-damage|p2a: Charizard|81/100\n|move|p2b: Garchomp|Earthquake|p1b: Incineroar|[spread] p1a,p1b\n|-immune|p2a: Charizard\n|-supereffective|p1b: Incineroar|1\n|-damage|p1a: Audino|73/100\n|-damage|p1b: Incineroar|36/100\n|-damage|p2b: Garchomp|90/100|[from] item: Life Orb\n|cant|p2a: Charizard|flinch\n|move|p1a: Audino|Trick Room|p1a: Audino\n|-fieldstart|move: Trick Room|[of] p1a: Audino\n|\n|-weather|SunnyDay|[upkeep]\n|upkeep\n|turn|2\n|inactive|Imbad67676767 has 30 seconds left.\n|\n|t:|1788362280\n|move|p1a: Audino|Light Screen|p1a: Audino\n|-sidestart|p1: Manbuze4|move: Light Screen\n|move|p1b: Incineroar|Parting Shot|p2b: Garchomp\n|-unboost|p2b: Garchomp|atk|1\n|-unboost|p2b: Garchomp|spa|1\n|\n|t:|1788362290\n|switch|p1b: Charizard|Charizard, L50, F|100/100|[from] Parting Shot\n|move|p2a: Charizard|Heat Wave|p1b: Charizard|[spread] p1a\n|-miss|p2a: Charizard|p1b: Charizard\n|-damage|p1a: Audino|37/100\n|move|p2b: Garchomp|Dragon Claw|p1b: Charizard\n|-damage|p1b: Charizard|69/100\n|-damage|p2b: Garchomp|80/100|[from] item: Life Orb\n|\n|-weather|SunnyDay|[upkeep]\n|upkeep\n|turn|3\n|inactive|Manbuze4 has 30 seconds left.\n|\n|t:|1788362319\n|switch|p2b: Kingambit|Kingambit, L50, M|100/100\n|detailschange|p1b: Charizard|Charizard-Mega-Y, L50, F\n|-mega|p1b: Charizard|Charizard|Charizardite Y\n|move|p2a: Charizard|Protect|p2a: Charizard\n|-singleturn|p2a: Charizard|Protect\n|move|p1a: Audino|Encore||[still]\n|-fail|p1a: Audino\n|move|p1b: Charizard|Heat Wave|p2a: Charizard|[spread] p2b\n|-activate|p2a: Charizard|move: Protect\n|-supereffective|p2b: Kingambit|1\n|-damage|p2b: Kingambit|0 fnt\n|faint|p2b: Kingambit\n|\n|-weather|SunnyDay|[upkeep]\n|upkeep\n|\n|t:|1788362335\n|switch|p2b: Garchomp|Garchomp, L50, M|80/100\n|turn|4\n|\n|t:|1788362344\n|switch|p1b: Incineroar|Incineroar, L50, F|36/100\n|-ability|p1b: Incineroar|Intimidate|boost\n|-unboost|p2a: Charizard|atk|1\n|-unboost|p2b: Garchomp|atk|1\n|switch|p2a: Basculegion|Basculegion, L50, M|100/100\n|move|p1a: Audino|Encore||[still]\n|-fail|p1a: Audino\n|move|p2b: Garchomp|Dragon Claw|p1a: Audino\n|-damage|p1a: Audino|10/100\n|-damage|p2b: Garchomp|70/100|[from] item: Life Orb\n|\n|-weather|SunnyDay|[upkeep]\n|upkeep\n|turn|5\n|inactive|Manbuze4 has 30 seconds left.\n|inactive|Imbad67676767 has 30 seconds left.\n|inactive|Imbad67676767 has 20 seconds left.\n|\n|t:|1788362380\n|switch|p2b: Charizard|Charizard-Mega-Y, L50, M|81/100\n|move|p1a: Audino|Heal Pulse|p1b: Incineroar\n|-heal|p1b: Incineroar|87/100\n|move|p1b: Incineroar|Parting Shot|p2b: Charizard\n|-unboost|p2b: Charizard|atk|1\n|-unboost|p2b: Charizard|spa|1\n|\n|t:|1788362391\n|switch|p1b: Sylveon|Sylveon, L50, F|100/100|[from] Parting Shot\n|move|p2a: Basculegion|Flip Turn|p1a: Audino\n|-damage|p1a: Audino|0 fnt\n|faint|p1a: Audino\n|\n|t:|1788362398\n|switch|p2a: Garchomp|Garchomp, L50, M|70/100|[from] Flip Turn\n|\n|-weather|none\n|-fieldend|move: Trick Room\n|upkeep\n|\n|t:|1788362404\n|switch|p1a: Incineroar|Incineroar, L50, F|87/100\n|-ability|p1a: Incineroar|Intimidate|boost\n|-unboost|p2a: Garchomp|atk|1\n|-unboost|p2b: Charizard|atk|1\n|turn|6\n|\n|t:|1788362413\n|switch|p2a: Basculegion|Basculegion, L50, M|100/100\n|move|p1a: Incineroar|Fake Out|p2b: Charizard\n|-damage|p2b: Charizard|64/100\n|cant|p2b: Charizard|flinch\n|move|p1b: Sylveon|Hyper Voice|p2a: Basculegion|[spread] p2a,p2b\n|-resisted|p2b: Charizard|1\n|-damage|p2a: Basculegion|38/100\n|-damage|p2b: Charizard|38/100\n|-damage|p1b: Sylveon|90/100|[from] item: Life Orb\n|\n|-sideend|p1: Manbuze4|move: Light Screen\n|upkeep\n|turn|7\n|\n|t:|1788362429\n|move|p1b: Sylveon|Detect|p1b: Sylveon\n|-singleturn|p1b: Sylveon|Protect\n|move|p2a: Basculegion|Wave Crash|p1b: Sylveon\n|-activate|p1b: Sylveon|move: Protect\n|move|p2b: Charizard|Ancient Power|p1a: Incineroar\n|-supereffective|p1a: Incineroar|1\n|-damage|p1a: Incineroar|56/100\n|move|p1a: Incineroar|Parting Shot|p2a: Basculegion\n|-unboost|p2a: Basculegion|atk|1\n|-unboost|p2a: Basculegion|spa|1\n|\n|t:|1788362440\n|switch|p1a: Charizard|Charizard-Mega-Y, L50, F|69/100|[from] Parting Shot\n|-weather|SunnyDay|[from] ability: Drought|[of] p1a: Charizard\n|\n|-weather|SunnyDay|[upkeep]\n|upkeep\n|turn|8\n|\n|t:|1788362450\n|switch|p1a: Incineroar|Incineroar, L50, F|56/100\n|-ability|p1a: Incineroar|Intimidate|boost\n|-unboost|p2a: Basculegion|atk|1\n|-unboost|p2b: Charizard|atk|1\n|move|p2a: Basculegion|Wave Crash|p1b: Sylveon\n|-damage|p1b: Sylveon|67/100\n|-damage|p2a: Basculegion|30/100|[from] Recoil\n|move|p2b: Charizard|Weather Ball|p1b: Sylveon\n|-damage|p1b: Sylveon|22/100\n|move|p1b: Sylveon|Hyper Voice|p2b: Charizard|[spread] p2a,p2b\n|-resisted|p2b: Charizard|1\n|-damage|p2a: Basculegion|0 fnt\n|-damage|p2b: Charizard|9/100\n|faint|p2a: Basculegion\n|-damage|p1b: Sylveon|12/100|[from] item: Life Orb\n|\n|-weather|SunnyDay|[upkeep]\n|upkeep\n|\n|t:|1788362464\n|switch|p2a: Garchomp|Garchomp, L50, M|70/100\n|turn|9\n|inactive|Manbuze4 has 30 seconds left.\n|\n|t:|1788362492\n|move|p1b: Sylveon|Detect|p1b: Sylveon\n|-singleturn|p1b: Sylveon|Protect\n|move|p1a: Incineroar|Fake Out|p2b: Charizard\n|-damage|p2b: Charizard|0 fnt\n|faint|p2b: Charizard\n|move|p2a: Garchomp|Earthquake|p1a: Incineroar|[spread] p1a\n|-activate|p1b: Sylveon|move: Protect\n|-supereffective|p1a: Incineroar|1\n|-damage|p1a: Incineroar|0 fnt\n|faint|p1a: Incineroar\n|-damage|p2a: Garchomp|61/100|[from] item: Life Orb\n|\n|-weather|SunnyDay|[upkeep]\n|upkeep\n|\n|t:|1788362506\n|switch|p1a: Charizard|Charizard-Mega-Y, L50, F|69/100\n|turn|10\n|\n|t:|1788362515\n|move|p2a: Garchomp|Earthquake|p1a: Charizard|[spread] p1b\n|-immune|p1a: Charizard\n|-damage|p1b: Sylveon|0 fnt\n|faint|p1b: Sylveon\n|-damage|p2a: Garchomp|51/100|[from] item: Life Orb\n|move|p1a: Charizard|Solar Beam||[still]\n|-prepare|p1a: Charizard|Solar Beam\n|-anim|p1a: Charizard|Solar Beam|p2a: Garchomp\n|-damage|p2a: Garchomp|0 fnt\n|faint|p2a: Garchomp\n|\n|win|Manbuze4\n|raw|Manbuze4's rating: 1351 &rarr; <strong>1366</strong><br />(+15 for winning)\n|raw|Imbad67676767's rating: 1254 &rarr; <strong>1236</strong><br />(-18 for losing)\n","uploadtime":1788362531,"views":"0","formatid":"gen9championsvgc2026regmb","rating":1236,"private":0,"password":null}