{"id":"gen9championsvgc2026regmb-2674679101","format":"[Gen 9 Champions] VGC 2026 Reg M-B","players":["Gatrsmol","Jay_th3_one"],"log":"|j|☆Gatrsmol\n|j|☆Jay_th3_one\n|t:|1788389338\n|gametype|doubles\n|player|p1|Gatrsmol|169|1157\n|player|p2|Jay_th3_one|boarder|1171\n|gen|9\n|tier|[Gen 9 Champions] VGC 2026 Reg M-B\n|rated|\n|rule|Species Clause: Limit one of each Pokémon\n|rule|Item Clause: Limit 1 of each item\n|clearpoke\n|poke|p1|Charizard, L50, M, shiny|\n|poke|p1|Floette-Eternal, L50, F|\n|poke|p1|Whimsicott, L50, M|\n|poke|p1|Basculegion, L50, M|\n|poke|p1|Garchomp, L50, M|\n|poke|p1|Kingambit, L50, F|\n|poke|p2|Dragonite, L50, F|\n|poke|p2|Mamoswine, L50, F|\n|poke|p2|Pelipper, L50, F|\n|poke|p2|Sneasler, L50, M|\n|poke|p2|Kingambit, L50, F|\n|poke|p2|Aerodactyl, L50, F|\n|teampreview|4\nGatrsmol has agreed to open team sheets.\n|\n|t:|1788389364\n|teamsize|p1|4\n|teamsize|p2|4\n|start\n|switch|p1a: Basculegion|Basculegion, L50, M|100/100\n|switch|p1b: Kingambit|Kingambit, L50, F|100/100\n|switch|p2a: Aerodactyl|Aerodactyl, L50, F|100/100\n|switch|p2b: Pelipper|Pelipper, L50, F|100/100\n|-weather|RainDance|[from] ability: Drizzle|[of] p2b: Pelipper\n|turn|1\n|\n|t:|1788389389\n|move|p2a: Aerodactyl|Protect|p2a: Aerodactyl\n|-singleturn|p2a: Aerodactyl|Protect\n|move|p1a: Basculegion|Flip Turn|p2a: Aerodactyl\n|-activate|p2a: Aerodactyl|move: Protect\n|move|p2b: Pelipper|Tailwind|p2b: Pelipper\n|-sidestart|p2: Jay_th3_one|move: Tailwind\n|move|p1b: Kingambit|Swords Dance|p1b: Kingambit\n|-boost|p1b: Kingambit|atk|2\n|\n|-weather|RainDance|[upkeep]\n|upkeep\n|turn|2\n|\n|t:|1788389409\n|switch|p2a: Sneasler|Sneasler, L50, M|100/100\n|move|p2b: Pelipper|Muddy Water|p1a: Basculegion|[spread] p1a,p1b\n|-resisted|p1a: Basculegion|1\n|-damage|p1a: Basculegion|74/100\n|-damage|p1b: Kingambit|59/100\n|-unboost|p1b: Kingambit|accuracy|1\n|-ability|p1b: Kingambit|Defiant|boost\n|-boost|p1b: Kingambit|atk|2\n|move|p1a: Basculegion|Flip Turn|p2a: Sneasler\n|-enditem|p2a: Sneasler|Focus Sash\n|-damage|p2a: Sneasler|1/100\n|\n|t:|1788389424\n|switch|p1a: Charizard|Charizard, L50, M, shiny|100/100|[from] Flip Turn\n|move|p1b: Kingambit|Kowtow Cleave|p2b: Pelipper\n|-damage|p2b: Pelipper|0 fnt\n|faint|p2b: Pelipper\n|\n|-weather|RainDance|[upkeep]\n|upkeep\n|\n|t:|1788389430\n|switch|p2b: Aerodactyl|Aerodactyl, L50, F|100/100\n|turn|3\n|inactive|Battle timer is ON: inactive players will automatically lose when time's up. (requested by Jay_th3_one)\n|\n|t:|1788389455\n|detailschange|p2b: Aerodactyl|Aerodactyl-Mega, L50, F\n|-mega|p2b: Aerodactyl|Aerodactyl|Aerodactylite\n|detailschange|p1a: Charizard|Charizard-Mega-Y, L50, M, shiny\n|-mega|p1a: Charizard|Charizard|Charizardite Y\n|-weather|SunnyDay|[from] ability: Drought|[of] p1a: Charizard\n|move|p1a: Charizard|Protect|p1a: Charizard\n|-singleturn|p1a: Charizard|Protect\n|move|p2a: Sneasler|Feint|p1a: Charizard\n|-activate|p1a: Charizard|move: Feint\n|-damage|p1a: Charizard|83/100\n|move|p1b: Kingambit|Sucker Punch|p2b: Aerodactyl\n|-damage|p2b: Aerodactyl|0 fnt\n|faint|p2b: Aerodactyl\n|\n|-weather|SunnyDay|[upkeep]\n|upkeep\n|\n|t:|1788389467\n|switch|p2b: Mamoswine|Mamoswine, L50, F|100/100\n|turn|4\n|\n|t:|1788389481\n|move|p1b: Kingambit|Sucker Punch|p2a: Sneasler\n|-resisted|p2a: Sneasler|1\n|-damage|p2a: Sneasler|0 fnt\n|faint|p2a: Sneasler\n|move|p2b: Mamoswine|Rock Slide|p1b: Kingambit|[spread] p1a,p1b\n|-supereffective|p1a: Charizard|2\n|-resisted|p1b: Kingambit|1\n|-damage|p1a: Charizard|0 fnt\n|-damage|p1b: Kingambit|51/100\n|faint|p1a: Charizard\n|\n|-weather|SunnyDay|[upkeep]\n|-sideend|p2: Jay_th3_one|move: Tailwind\n|upkeep\n|\n|t:|1788389496\n|switch|p1a: Whimsicott|Whimsicott, L50, M|100/100\n|turn|5\n|\n|t:|1788389518\n|move|p1a: Whimsicott|Tailwind|p1a: Whimsicott\n|-sidestart|p1: Gatrsmol|move: Tailwind\n|move|p2b: Mamoswine|Earthquake|p1a: Whimsicott|[spread] p1a,p1b\n|-resisted|p1a: Whimsicott|1\n|-supereffective|p1b: Kingambit|1\n|-damage|p1a: Whimsicott|73/100\n|-damage|p1b: Kingambit|0 fnt\n|faint|p1b: Kingambit\n|\n|-weather|SunnyDay|[upkeep]\n|upkeep\n|\n|t:|1788389528\n|switch|p1b: Basculegion|Basculegion, L50, M|74/100\n|turn|6\n|\n|t:|1788389539\n|move|p2b: Mamoswine|Ice Shard|p1a: Whimsicott\n|-supereffective|p1a: Whimsicott|1\n|-damage|p1a: Whimsicott|6/100\n|move|p1a: Whimsicott|Moonblast|p2b: Mamoswine\n|-damage|p2b: Mamoswine|47/100\n|move|p1b: Basculegion|Last Respects|p2b: Mamoswine\n|-damage|p2b: Mamoswine|0 fnt\n|faint|p2b: Mamoswine\n|\n|win|Gatrsmol\n|raw|Gatrsmol's rating: 1157 &rarr; <strong>1183</strong><br />(+26 for winning)\n|raw|Jay_th3_one's rating: 1171 &rarr; <strong>1145</strong><br />(-26 for losing)\n|l|☆Jay_th3_one\n|player|p2|\n","uploadtime":1788389550,"views":"2","formatid":"gen9championsvgc2026regmb","rating":1145,"private":0,"password":null}