{"id":"gen9championsvgc2026regmbbo3-2673670152","format":"[Gen 9 Champions] VGC 2026 Reg M-B (Bo3)","players":["yourztar","Vikin"],"log":"|j|☆yourztar\n|j|☆Vikin\n|html|<table width=\"100%\"><tr><td align=\"left\">yourztar</td><td align=\"right\">Vikin</tr><tr><td align=\"left\"><i class=\"fa fa-circle\"></i> <i class=\"fa fa-circle-o\"></i> </td><td align=\"right\"><i class=\"fa fa-circle-o\"></i> <i class=\"fa fa-circle-o\"></i> </tr></table>\n|uhtml|bestof|<h2><strong>Game 2</strong> of <a href=\"/game-bestof3-gen9championsvgc2026regmbbo3-2673668104\">a best-of-3</a></h2>\n|t:|1788230325\n|gametype|doubles\n|player|p1|yourztar|mina|\n|player|p2|Vikin|taunie|\n|gen|9\n|tier|[Gen 9 Champions] VGC 2026 Reg M-B (Bo3)\n|rule|Species Clause: Limit one of each Pokémon\n|rule|Item Clause: Limit 1 of each item\n|clearpoke\n|poke|p1|Floette-Eternal, L50, F|\n|poke|p1|Archaludon, L50, F|\n|poke|p1|Tyranitar, L50, M|\n|poke|p1|Sableye, L50, F, shiny|\n|poke|p1|Excadrill, L50, M|\n|poke|p1|Hydreigon, L50, F|\n|poke|p2|Hatterene, L50, F|\n|poke|p2|Farigiraf, L50, F|\n|poke|p2|Slowking-Galar, L50, M|\n|poke|p2|Gholdengo, L50|\n|poke|p2|Charizard, L50, F|\n|poke|p2|Venusaur, L50, M|\n|teampreview|4\n|showteam|p1|Floette-Eternal||Floettite|FlowerVeil|LightofRuin,HelpingHand,DazzlingGleam,Protect|Modest||F|||50|]Archaludon||Leftovers|Stamina|DragonPulse,ElectroShot,FlashCannon,Protect|Modest||F|||50|]Tyranitar||ChoiceScarf|SandStream|Superpower,KnockOff,RockSlide,HeavySlam|Jolly||M|||50|]Sableye||LightClay|Prankster|FakeOut,LightScreen,Reflect,RainDance|Careful||F|||50|]Excadrill||FocusSash|SandRush|SwordsDance,IronHead,HighHorsepower,RockSlide|Adamant||M|||50|]Hydreigon||LifeOrb|Levitate|DracoMeteor,DarkPulse,EarthPower,Tailwind|Timid||F|||50|\n|showteam|p2|Hatterene||FairyFeather|MagicBounce|DazzlingGleam,DrainingKiss,TrickRoom,Protect|Modest||F|||50|]Farigiraf||MentalHerb|ArmorTail|TrickRoom,Psychic,Thunderbolt,Protect|Bold||F|||50|]Slowking-Galar||SitrusBerry|Regenerator|ChillyReception,GrassKnot,Taunt,Protect|Calm||M|||50|]Gholdengo||LifeOrb|GoodasGold|NastyPlot,MakeItRain,DazzlingGleam,Protect|Modest|||||50|]Charizard||CharizarditeY|Blaze|WeatherBall,HeatWave,SolarBeam,Protect|Modest||F|||50|]Venusaur||FocusSash|Overgrow|EarthPower,EnergyBall,SludgeBomb,Protect|Timid||M|||50|\n|j| NewBurru\n|j| elroclee\n|\n|t:|1788230373\n|teamsize|p1|4\n|teamsize|p2|4\n|start\n|switch|p1a: Tyranitar|Tyranitar, L50, M|100/100\n|switch|p1b: Hydreigon|Hydreigon, L50, F|100/100\n|switch|p2a: Rintarou|Farigiraf, L50, F|100/100\n|switch|p2b: Geese|Slowking-Galar, L50, M|100/100\n|-weather|Sandstorm|[from] ability: Sand Stream|[of] p1a: Tyranitar\n|turn|1\n|\n|t:|1788230395\n|move|p1a: Tyranitar|Knock Off|p2a: Rintarou\n|-supereffective|p2a: Rintarou|1\n|-damage|p2a: Rintarou|28/100\n|-enditem|p2a: Rintarou|Mental Herb|[from] move: Knock Off|[of] p1a: Tyranitar\n|move|p1b: Hydreigon|Dark Pulse|p2a: Rintarou\n|-supereffective|p2a: Rintarou|1\n|-damage|p2a: Rintarou|0 fnt\n|faint|p2a: Rintarou\n|-damage|p1b: Hydreigon|90/100|[from] item: Life Orb\n|-prepare|p2b: Geese|Chilly Reception|[premajor]\n|move|p2b: Geese|Chilly Reception|p2b: Geese\n|-weather|Snowscape\n|\n|t:|1788230409\n|switch|p2b: Lucy|Hatterene, L50, F|100/100|[from] Chilly Reception\n|\n|-weather|Snowscape|[upkeep]\n|upkeep\n|\n|t:|1788230411\n|switch|p2a: Rudeus|Charizard, L50, F|100/100\n|turn|2\n|\n|t:|1788230437\n|switch|p1a: Floette|Floette-Eternal, L50, F|100/100\n|detailschange|p2a: Rudeus|Charizard-Mega-Y, L50, F\n|-mega|p2a: Rudeus|Charizard|Charizardite Y\n|-weather|SunnyDay|[from] ability: Drought|[of] p2a: Rudeus\n|move|p1b: Hydreigon|Tailwind|p1b: Hydreigon\n|-sidestart|p1: yourztar|move: Tailwind\n|move|p2a: Rudeus|Heat Wave|p1b: Hydreigon|[spread] p1a,p1b\n|-resisted|p1b: Hydreigon|1\n|-crit|p1b: Hydreigon\n|-damage|p1a: Floette|35/100\n|-damage|p1b: Hydreigon|28/100\n|-status|p1b: Hydreigon|brn\n|move|p2b: Lucy|Trick Room|p2b: Lucy\n|-fieldstart|move: Trick Room|[of] p2b: Lucy\n|\n|-weather|SunnyDay|[upkeep]\n|-damage|p1b: Hydreigon|22/100 brn|[from] brn\n|upkeep\n|turn|3\n|\n|t:|1788230459\n|switch|p1a: Tyranitar|Tyranitar, L50, M|100/100\n|-weather|Sandstorm|[from] ability: Sand Stream|[of] p1a: Tyranitar\n|move|p2b: Lucy|Dazzling Gleam|p1b: Hydreigon|[spread] p1a,p1b\n|-supereffective|p1a: Tyranitar|1\n|-supereffective|p1b: Hydreigon|2\n|-damage|p1a: Tyranitar|48/100\n|-damage|p1b: Hydreigon|0 fnt\n|faint|p1b: Hydreigon\n|move|p2a: Rudeus|Heat Wave|p1a: Tyranitar\n|-resisted|p1a: Tyranitar|1\n|-damage|p1a: Tyranitar|25/100\n|\n|-weather|Sandstorm|[upkeep]\n|-damage|p2b: Lucy|93/100|[from] Sandstorm\n|-damage|p2a: Rudeus|94/100|[from] Sandstorm\n|upkeep\n|\n|t:|1788230463\n|switch|p1b: Excadrill|Excadrill, L50, M|100/100\n|turn|4\n|\n|t:|1788230482\n|switch|p1a: Floette|Floette-Eternal, L50, F|35/100\n|move|p2b: Lucy|Dazzling Gleam|p1b: Excadrill|[spread] p1a,p1b\n|-resisted|p1b: Excadrill|1\n|-damage|p1a: Floette|0 fnt\n|-damage|p1b: Excadrill|73/100\n|faint|p1a: Floette\n|move|p2a: Rudeus|Heat Wave|p1b: Excadrill\n|-supereffective|p1b: Excadrill|1\n|-damage|p1b: Excadrill|0 fnt\n|faint|p1b: Excadrill\n|\n|-weather|Sandstorm|[upkeep]\n|-damage|p2b: Lucy|87/100|[from] Sandstorm\n|-damage|p2a: Rudeus|88/100|[from] Sandstorm\n|upkeep\n|\n|t:|1788230488\n|switch|p1b: Tyranitar|Tyranitar, L50, M|25/100\n|turn|5\n|\n|t:|1788230498\n|move|p2b: Lucy|Dazzling Gleam|p1b: Tyranitar\n|-supereffective|p1b: Tyranitar|1\n|-damage|p1b: Tyranitar|0 fnt\n|faint|p1b: Tyranitar\n|\n|win|Vikin\n|c|☆Vikin|gg\n||yourztar is ready for game 3.\n|inactive|Vikin has 30 seconds to confirm battle start!\n","uploadtime":1788230509,"views":"2","formatid":"gen9championsvgc2026regmbbo3","rating":null,"private":0,"password":null}