{"id":"gen9championsvgc2026regmbbo3-2674006187","format":"[Gen 9 Champions] VGC 2026 Reg M-B (Bo3)","players":["Pawah","SwervePR"],"log":"|j|☆Pawah\n|j|☆SwervePR\n|html|<table width=\"100%\"><tr><td align=\"left\">Pawah</td><td align=\"right\">SwervePR</tr><tr><td align=\"left\"><i class=\"fa fa-circle-o\"></i> <i class=\"fa fa-circle-o\"></i> </td><td align=\"right\"><i class=\"fa fa-circle-o\"></i> <i class=\"fa fa-circle-o\"></i> </tr></table>\n|uhtml|bestof|<h2><strong>Game 1</strong> of <a href=\"/game-bestof3-gen9championsvgc2026regmbbo3-2674006186\">a best-of-3</a></h2>\n|t:|1788287370\n|gametype|doubles\n|player|p1|Pawah|ethan|1165\n|player|p2|SwervePR|bellelba|1178\n|gen|9\n|tier|[Gen 9 Champions] VGC 2026 Reg M-B (Bo3)\n|rated|\n|rule|Species Clause: Limit one of each Pokémon\n|rule|Item Clause: Limit 1 of each item\n|clearpoke\n|poke|p1|Froslass, L50, F|\n|poke|p1|Scovillain, L50, F, shiny|\n|poke|p1|Basculegion, L50, M|\n|poke|p1|Kingambit, L50, M|\n|poke|p1|Sneasler, L50, F|\n|poke|p1|Lycanroc-Dusk, L50, M|\n|poke|p2|Froslass, L50, F|\n|poke|p2|Scovillain, L50, F|\n|poke|p2|Lycanroc-Dusk, L50, F|\n|poke|p2|Sneasler, L50, F|\n|poke|p2|Kingambit, L50, F|\n|poke|p2|Basculegion, L50, M|\n|teampreview|4\n|showteam|p1|Froslass||Froslassite|CursedBody|Blizzard,ShadowBall,AuroraVeil,Protect|Modest||F|||50|]Scovillain||Scovillainite|Moody|GigaDrain,Overheat,RagePowder,Protect|Bold||F|||50|]Basculegion||SitrusBerry|Adaptability|WaveCrash,LastRespects,AquaJet,Protect|Adamant||M|||50|]Kingambit||BlackGlasses|Defiant|KowtowCleave,SuckerPunch,SwordsDance,Protect|Adamant||M|||50|]Sneasler||WhiteHerb|Unburden|CloseCombat,GunkShot,Protect,FakeOut|Adamant||F|||50|]Lycanroc-Dusk||FocusSash|ToughClaws|CloseCombat,Accelerock,RockSlide,Protect|Adamant||M|||50|\n|showteam|p2|Froslass||Froslassite|SnowCloak|Blizzard,ShadowBall,AuroraVeil,Protect|Modest||F|||50|]Scovillain||Scovillainite|Chlorophyll|GigaDrain,Overheat,Protect,RagePowder|Bold||F|||50|]Lycanroc-Dusk||FocusSash|ToughClaws|Accelerock,CloseCombat,Protect,RockSlide|Adamant||F|||50|]Sneasler||WhiteHerb|Unburden|DireClaw,CloseCombat,Protect,FakeOut|Jolly||F|||50|]Kingambit||BlackGlasses|Defiant|KowtowCleave,SuckerPunch,SwordsDance,Protect|Adamant||F|||50|]Basculegion||LifeOrb|Adaptability|AquaJet,WaveCrash,LastRespects,Protect|Adamant||M|||50|\n|inactive|Battle timer is ON: inactive players will automatically lose when time's up. (requested by Pawah)\n|c|☆SwervePR|Nice Team;\n|c|☆SwervePR|GLHF\n|c|☆Pawah|glhf!\n|inactive|SwervePR has 60 seconds left.\n|inactive|Pawah has 60 seconds left.\n|\n|t:|1788287421\n|teamsize|p1|4\n|teamsize|p2|4\n|start\n|switch|p1a: Scovillain|Scovillain, L50, F, shiny|100/100\n|switch|p1b: Sneasler|Sneasler, L50, F|100/100\n|switch|p2a: Alysa Kujuo|Froslass, L50, F|100/100\n|switch|p2b: Clifford|Lycanroc-Dusk, L50, F|100/100\n|turn|1\n|\n|t:|1788287435\n|detailschange|p2a: Alysa Kujuo|Froslass-Mega, L50, F\n|-mega|p2a: Alysa Kujuo|Froslass|Froslassite\n|-weather|Snowscape|[from] ability: Snow Warning|[of] p2a: Alysa Kujuo\n|detailschange|p1a: Scovillain|Scovillain-Mega, L50, F, shiny\n|-mega|p1a: Scovillain|Scovillain|Scovillainite\n|move|p2b: Clifford|Protect|p2b: Clifford\n|-singleturn|p2b: Clifford|Protect\n|move|p1b: Sneasler|Fake Out|p2b: Clifford\n|-activate|p2b: Clifford|move: Protect\n|move|p2a: Alysa Kujuo|Blizzard|p1b: Sneasler|[spread] p1a,p1b\n|-crit|p1a: Scovillain\n|-damage|p1a: Scovillain|30/100\n|-damage|p1b: Sneasler|40/100\n|-status|p2a: Alysa Kujuo|brn|[from] ability: Spicy Spray|[of] p1a: Scovillain\n|move|p1a: Scovillain|Overheat|p2a: Alysa Kujuo|[miss]\n|-miss|p1a: Scovillain|p2a: Alysa Kujuo\n|\n|-weather|Snowscape|[upkeep]\n|-damage|p2a: Alysa Kujuo|94/100 brn|[from] brn\n|upkeep\n|turn|2\n|\n|t:|1788287453\n|switch|p1b: Basculegion|Basculegion, L50, M|100/100\n|move|p2b: Clifford|Accelerock|p1a: Scovillain\n|-supereffective|p1a: Scovillain|1\n|-crit|p1a: Scovillain\n|-damage|p1a: Scovillain|0 fnt\n|-status|p2b: Clifford|brn|[from] ability: Spicy Spray|[of] p1a: Scovillain\n|faint|p1a: Scovillain\n|move|p2a: Alysa Kujuo|Blizzard|p1b: Basculegion\n|-resisted|p1b: Basculegion|1\n|-damage|p1b: Basculegion|69/100\n|\n|-weather|Snowscape|[upkeep]\n|-damage|p2a: Alysa Kujuo|88/100 brn|[from] brn\n|-damage|p2b: Clifford|94/100 brn|[from] brn\n|upkeep\n|\n|t:|1788287460\n|switch|p1a: Lycanroc|Lycanroc-Dusk, L50, M|100/100\n|turn|3\n|inactive|SwervePR has 30 seconds left.\n|inactive|SwervePR has 20 seconds left.\n|\n|t:|1788287495\n|switch|p2b: Prophylaxis|Kingambit, L50, F|100/100\n|move|p1b: Basculegion|Protect|p1b: Basculegion\n|-singleturn|p1b: Basculegion|Protect\n|move|p2a: Alysa Kujuo|Shadow Ball|p1b: Basculegion\n|-activate|p1b: Basculegion|move: Protect\n|move|p1a: Lycanroc|Rock Slide|p2a: Alysa Kujuo|[spread] p2a,p2b\n|-supereffective|p2a: Alysa Kujuo|1\n|-resisted|p2b: Prophylaxis|1\n|-damage|p2a: Alysa Kujuo|33/100 brn\n|-damage|p2b: Prophylaxis|88/100\n|\n|-weather|Snowscape|[upkeep]\n|-damage|p2a: Alysa Kujuo|28/100 brn|[from] brn\n|upkeep\n|turn|4\n|\n|t:|1788287518\n|switch|p1b: Sneasler|Sneasler, L50, F|40/100\n|move|p1a: Lycanroc|Accelerock|p2a: Alysa Kujuo\n|-supereffective|p2a: Alysa Kujuo|1\n|-damage|p2a: Alysa Kujuo|0 fnt\n|faint|p2a: Alysa Kujuo\n|move|p2b: Prophylaxis|Sucker Punch||[still]\n|-fail|p2b: Prophylaxis\n|\n|-weather|Snowscape|[upkeep]\n|upkeep\n|\n|t:|1788287532\n|switch|p2a: R.I.P. Tide|Basculegion, L50, M|100/100\n|turn|5\n|\n|t:|1788287548\n|move|p1a: Lycanroc|Protect|p1a: Lycanroc\n|-singleturn|p1a: Lycanroc|Protect\n|move|p2b: Prophylaxis|Protect|p2b: Prophylaxis\n|-singleturn|p2b: Prophylaxis|Protect\n|move|p2a: R.I.P. Tide|Aqua Jet|p1b: Sneasler\n|-crit|p1b: Sneasler\n|-damage|p1b: Sneasler|0 fnt\n|faint|p1b: Sneasler\n|-damage|p2a: R.I.P. Tide|90/100|[from] item: Life Orb\n|\n|-weather|none\n|upkeep\n|\n|t:|1788287552\n|switch|p1b: Basculegion|Basculegion, L50, M|69/100\n|turn|6\n|inactive|SwervePR has 30 seconds left.\n|\n|t:|1788287580\n|switch|p2b: Clifford|Lycanroc-Dusk, L50, F|94/100 brn\n|move|p2a: R.I.P. Tide|Aqua Jet|p1a: Lycanroc\n|-supereffective|p1a: Lycanroc|1\n|-enditem|p1a: Lycanroc|Focus Sash\n|-damage|p1a: Lycanroc|1/100\n|-damage|p2a: R.I.P. Tide|80/100|[from] item: Life Orb\n|move|p1a: Lycanroc|Close Combat|p2b: Clifford\n|-supereffective|p2b: Clifford|1\n|-damage|p2b: Clifford|0 fnt\n|-unboost|p1a: Lycanroc|def|1\n|-unboost|p1a: Lycanroc|spd|1\n|faint|p2b: Clifford\n|move|p1b: Basculegion|Last Respects|p2a: R.I.P. Tide\n|-supereffective|p2a: R.I.P. Tide|1\n|-damage|p2a: R.I.P. Tide|0 fnt\n|faint|p2a: R.I.P. Tide\n|\n|upkeep\n|\n|t:|1788287594\n|switch|p2b: Prophylaxis|Kingambit, L50, F|88/100\n|turn|7\n|\n|t:|1788287616\n|move|p1a: Lycanroc|Protect|p1a: Lycanroc\n|-singleturn|p1a: Lycanroc|Protect\n|move|p1b: Basculegion|Protect|p1b: Basculegion\n|-singleturn|p1b: Basculegion|Protect\n|move|p2b: Prophylaxis|Sucker Punch||[still]\n|-fail|p2b: Prophylaxis\n|\n|upkeep\n|turn|8\n|\n|t:|1788287625\n|move|p1a: Lycanroc|Accelerock|p2b: Prophylaxis\n|-resisted|p2b: Prophylaxis|1\n|-damage|p2b: Prophylaxis|77/100\n|move|p2b: Prophylaxis|Sucker Punch||[still]\n|-fail|p2b: Prophylaxis\n|move|p1b: Basculegion|Wave Crash|p2b: Prophylaxis\n|-damage|p2b: Prophylaxis|23/100\n|-damage|p1b: Basculegion|52/100|[from] Recoil\n|\n|upkeep\n|turn|9\n|\n|t:|1788287637\n|move|p1a: Lycanroc|Accelerock|p2b: Prophylaxis\n|-resisted|p2b: Prophylaxis|1\n|-damage|p2b: Prophylaxis|14/100\n|move|p1b: Basculegion|Aqua Jet|p2b: Prophylaxis\n|-damage|p2b: Prophylaxis|0 fnt\n|faint|p2b: Prophylaxis\n|\n|win|Pawah\n","uploadtime":1788287638,"views":"0","formatid":"gen9championsvgc2026regmbbo3","rating":null,"private":0,"password":null}