{"id":"gen9championsvgc2026regmbbo3-2673324389","format":"[Gen 9 Champions] VGC 2026 Reg M-B (Bo3)","players":["humania1","glofer"],"log":"|j|☆humania1\n|j|☆glofer\n|html|<table width=\"100%\"><tr><td align=\"left\">humania1</td><td align=\"right\">glofer</tr><tr><td align=\"left\"><i class=\"fa fa-circle\"></i> <i class=\"fa fa-circle-o\"></i> </td><td align=\"right\"><i class=\"fa fa-circle-o\"></i> <i class=\"fa fa-circle\"></i> </tr></table>\n|uhtml|bestof|<h2><strong>Game 3</strong> of <a href=\"/game-bestof3-gen9championsvgc2026regmbbo3-2673321921\">a best-of-3</a></h2>\n|t:|1788183439\n|gametype|doubles\n|player|p1|humania1|170|1000\n|player|p2|glofer|blackbelt|1082\n|gen|9\n|tier|[Gen 9 Champions] VGC 2026 Reg M-B (Bo3)\n|rated|\n|rule|Species Clause: Limit one of each Pokémon\n|rule|Item Clause: Limit 1 of each item\n|clearpoke\n|poke|p1|Blastoise, L50, M|\n|poke|p1|Delphox, L50, F, shiny|\n|poke|p1|Incineroar, L50, M|\n|poke|p1|Sinistcha, L50|\n|poke|p1|Sneasler, L50, F|\n|poke|p1|Vivillon, L50, F|\n|poke|p2|Oranguru, L50, M|\n|poke|p2|Alakazam, L50, F|\n|poke|p2|Meowstic-F, L50, F|\n|poke|p2|Gallade, L50, M|\n|poke|p2|Gardevoir, L50, F|\n|poke|p2|Metagross, L50|\n|teampreview|4\n|showteam|p1|Blastoise||Blastoisinite|Torrent|Protect,ShellSmash,WaterSpout,DarkPulse|Modest||M|||50|]Delphox||Delphoxite|Blaze|Protect,HeatWave,Psyshock,NastyPlot|Timid||F|||50|]Incineroar||PasshoBerry|Intimidate|FakeOut,PartingShot,FlareBlitz,ThroatChop|Impish||M|||50|]Sinistcha||SitrusBerry|Hospitality|Protect,MatchaGotcha,TrickRoom,RagePowder|Bold|||||50|]Sneasler||FocusSash|PoisonTouch|QuickGuard,FakeOut,CloseCombat,DireClaw|Jolly||F|||50|]Vivillon||ChoiceScarf|CompoundEyes|Hurricane,SleepPowder,RagePowder,Uturn|Timid||F|||50|\n|showteam|p2|Oranguru||SitrusBerry|InnerFocus|HyperVoice,Instruct,PsychicTerrain,TrickRoom|Sassy||M|||50|]Alakazam||Alakazite|Synchronize|Psychic,SkillSwap,SpeedSwap,Protect|Timid||F|||50|]Meowstic-F||Meowsticite|Competitive|ExpandingForce,DarkPulse,Thunderbolt,FakeOut|Modest||F|||50|]Gallade||FocusSash|Sharpness|PsychoCut,SacredSword,SwordsDance,Protect|Adamant||M|||50|]Gardevoir||LifeOrb|Telepathy|Psyshock,DazzlingGleam,MysticalFire,Protect|Modest||F|||50|]Metagross||WideLens|ClearBody|ZenHeadbutt,MeteorMash,Earthquake,Protect|Adamant|||||50|\n|inactive|Battle timer is ON: inactive players will automatically lose when time's up. (requested by humania1)\n|\n|t:|1788183462\n|teamsize|p1|4\n|teamsize|p2|4\n|start\n|switch|p1a: Blastoise|Blastoise, L50, M|100/100\n|switch|p1b: Delphox|Delphox, L50, F, shiny|100/100\n|switch|p2a: Meowstic|Meowstic-F, L50, F|100/100\n|switch|p2b: Gallade|Gallade, L50, M|100/100\n|turn|1\n|j| nosehabladebruno\n|\n|t:|1788183473\n|detailschange|p2a: Meowstic|Meowstic-F-Mega, L50, F\n|-mega|p2a: Meowstic|Meowstic|Meowsticite\n|-ability|p2a: Meowstic|Torrent|Trace|[from] ability: Trace|[of] p1a: Blastoise\n|move|p2a: Meowstic|Dark Pulse|p1b: Delphox\n|-supereffective|p1b: Delphox|1\n|-damage|p1b: Delphox|32/100\n|cant|p1b: Delphox|flinch\n|move|p2b: Gallade|Sacred Sword|p1a: Blastoise\n|-damage|p1a: Blastoise|13/100\n|move|p1a: Blastoise|Dark Pulse|p2a: Meowstic\n|-supereffective|p2a: Meowstic|1\n|-damage|p2a: Meowstic|43/100\n|\n|upkeep\n|turn|2\n|\n|t:|1788183494\n|move|p2a: Meowstic|Dark Pulse|p1b: Delphox\n|-supereffective|p1b: Delphox|1\n|-damage|p1b: Delphox|0 fnt\n|faint|p1b: Delphox\n|move|p2b: Gallade|Sacred Sword|p1a: Blastoise\n|-damage|p1a: Blastoise|0 fnt\n|faint|p1a: Blastoise\n|\n|upkeep\n|\n|t:|1788183494\n|switch|p1b: Sinistcha|Sinistcha, L50|100/100\n|switch|p1a: Incineroar|Incineroar, L50, M|100/100\n|-ability|p1a: Incineroar|Intimidate|boost\n|-unboost|p2a: Meowstic|atk|1\n|-unboost|p2b: Gallade|atk|1\n|turn|3\n|\n|t:|1788183514\n|switch|p2a: Oranguru|Oranguru, L50, M|100/100\n|move|p2b: Gallade|Protect|p2b: Gallade\n|-singleturn|p2b: Gallade|Protect\n|move|p1a: Incineroar|Throat Chop|p2a: Oranguru\n|-supereffective|p2a: Oranguru|1\n|-damage|p2a: Oranguru|50/100g\n|-start|p2a: Oranguru|Throat Chop|[silent]\n|move|p1b: Sinistcha|Trick Room|p1b: Sinistcha\n|-fieldstart|move: Trick Room|[of] p1b: Sinistcha\n|\n|upkeep\n|turn|4\n|\n|t:|1788183528\n|switch|p2b: Meowstic|Meowstic-F-Mega, L50, F|43/100\n|-ability|p2b: Meowstic|Hospitality|Trace|[from] ability: Trace|[of] p1b: Sinistcha\n|-heal|p2a: Oranguru|75/100|[from] ability: Hospitality|[of] p2b: Meowstic\n|move|p2a: Oranguru|Psychic Terrain|p2a: Oranguru\n|-fieldstart|move: Psychic Terrain\n|move|p1b: Sinistcha|Matcha Gotcha|p2a: Oranguru|[spread] p2a,p2b\n|-damage|p2a: Oranguru|57/100\n|-damage|p2b: Meowstic|13/100\n|move|p1a: Incineroar|Throat Chop|p2a: Oranguru\n|-supereffective|p2a: Oranguru|1\n|-damage|p2a: Oranguru|6/100\n|-enditem|p2a: Oranguru|Sitrus Berry|[eat]\n|-heal|p2a: Oranguru|30/100|[from] item: Sitrus Berry\n|\n|-end|p2a: Oranguru|Throat Chop|[silent]\n|upkeep\n|turn|5\n|\n|t:|1788183547\n|move|p1b: Sinistcha|Protect|p1b: Sinistcha\n|-singleturn|p1b: Sinistcha|Protect\n|move|p2b: Meowstic|Fake Out|p1a: Incineroar\n|-activate|p1a: Incineroar|move: Psychic Terrain\n|move|p2a: Oranguru|Hyper Voice|p1a: Incineroar|[spread] p1a\n|-activate|p1b: Sinistcha|move: Protect\n|-damage|p1a: Incineroar|80/100\n|move|p1a: Incineroar|Flare Blitz|p2b: Meowstic\n|-damage|p2b: Meowstic|0 fnt\n|faint|p2b: Meowstic\n|-damage|p1a: Incineroar|77/100|[from] Recoil\n|\n|upkeep\n|\n|t:|1788183552\n|switch|p2b: Gardevoir|Gardevoir, L50, F|100/100\n|turn|6\n|inactive|glofer has 30 seconds left.\n|\n|t:|1788183578\n|move|p2a: Oranguru|Hyper Voice|p1b: Sinistcha|[spread] p1a\n|-immune|p1b: Sinistcha\n|-crit|p1a: Incineroar\n|-damage|p1a: Incineroar|46/100\n|move|p1b: Sinistcha|Matcha Gotcha|p2a: Oranguru|[spread] p2a,p2b\n|-damage|p2a: Oranguru|12/100\n|-damage|p2b: Gardevoir|77/100\n|-status|p2a: Oranguru|brn\n|-status|p2b: Gardevoir|brn\n|move|p2b: Gardevoir|Mystical Fire|p1b: Sinistcha\n|-supereffective|p1b: Sinistcha|1\n|-damage|p1b: Sinistcha|27/100\n|-unboost|p1b: Sinistcha|spa|1\n|-enditem|p1b: Sinistcha|Sitrus Berry|[eat]\n|-heal|p1b: Sinistcha|52/100|[from] item: Sitrus Berry\n|-damage|p2b: Gardevoir|68/100 brn|[from] item: Life Orb\n|move|p1a: Incineroar|Throat Chop|p2a: Oranguru\n|-supereffective|p2a: Oranguru|1\n|-damage|p2a: Oranguru|0 fnt\n|faint|p2a: Oranguru\n|\n|-damage|p2b: Gardevoir|62/100 brn|[from] brn\n|upkeep\n|\n|t:|1788183599\n|switch|p2a: Gallade|Gallade, L50, M|100/100\n|turn|7\n|\n|t:|1788183603\n|move|p1b: Sinistcha|Protect|p1b: Sinistcha\n|-singleturn|p1b: Sinistcha|Protect\n|move|p2b: Gardevoir|Protect|p2b: Gardevoir\n|-singleturn|p2b: Gardevoir|Protect\n|move|p2a: Gallade|Protect|p2a: Gallade\n|-singleturn|p2a: Gallade|Protect\n|move|p1a: Incineroar|Flare Blitz|p2b: Gardevoir\n|-activate|p2b: Gardevoir|move: Protect\n|\n|-damage|p2b: Gardevoir|56/100 brn|[from] brn\n|-fieldend|move: Trick Room\n|upkeep\n|turn|8\n|\n|t:|1788183616\n|move|p1b: Sinistcha|Rage Powder|p1b: Sinistcha\n|-singleturn|p1b: Sinistcha|move: Rage Powder\n|move|p2a: Gallade|Swords Dance|p2a: Gallade\n|-boost|p2a: Gallade|atk|2\n|move|p1a: Incineroar|Flare Blitz|p2b: Gardevoir\n|-damage|p2b: Gardevoir|0 fnt\n|faint|p2b: Gardevoir\n|-damage|p1a: Incineroar|29/100|[from] Recoil\n|\n|-fieldend|move: Psychic Terrain\n|upkeep\n|turn|9\n|\n|t:|1788183627\n|move|p2a: Gallade|Psycho Cut|p1b: Sinistcha\n|-damage|p1b: Sinistcha|0 fnt\n|faint|p1b: Sinistcha\n|move|p1a: Incineroar|Flare Blitz|p2a: Gallade\n|-damage|p2a: Gallade|16/100\n|-status|p2a: Gallade|brn\n|-damage|p1a: Incineroar|9/100|[from] Recoil\n|\n|-damage|p2a: Gallade|10/100 brn|[from] brn\n|upkeep\n|turn|10\n|\n|t:|1788183637\n|move|p2a: Gallade|Sacred Sword|p1a: Incineroar\n|-supereffective|p1a: Incineroar|1\n|-damage|p1a: Incineroar|0 fnt\n|faint|p1a: Incineroar\n|\n|win|glofer\n|raw|humania1's rating: 1000 &rarr; <strong>1000</strong><br />(+0 for losing)\n|raw|glofer's rating: 1082 &rarr; <strong>1103</strong><br />(+21 for winning)\n","uploadtime":1788183637,"views":"1","formatid":"gen9championsvgc2026regmbbo3","rating":1000,"private":0,"password":null}