{"id":"gen9championsvgc2026regmb-2674994415","format":"[Gen 9 Champions] VGC 2026 Reg M-B","players":["pedroplay033","ziggamane98"],"log":"|j|☆pedroplay033\n|j|‽ziggamane98\n|t:|1788446482\n|gametype|doubles\n|player|p1|pedroplay033|n|1089\n|player|p2|ziggamane98|102|1028\n|gen|9\n|tier|[Gen 9 Champions] VGC 2026 Reg M-B\n|rated|\n|rule|Species Clause: Limit one of each Pokémon\n|rule|Item Clause: Limit 1 of each item\n|clearpoke\n|poke|p1|Rotom-Mow, L50|\n|poke|p1|Clefable, L50, F, shiny|\n|poke|p1|Krookodile, L50, F|\n|poke|p1|Gyarados, L50, F|\n|poke|p1|Volcarona, L50, M|\n|poke|p1|Corviknight, L50, F|\n|poke|p2|Medicham, L50, M|\n|poke|p2|Skarmory, L50, M|\n|poke|p2|Heliolisk, L50, M|\n|poke|p2|Krookodile, L50, F|\n|poke|p2|Metagross, L50|\n|poke|p2|Milotic, L50, M|\n|teampreview|4\n|inactive|Battle timer is ON: inactive players will automatically lose when time's up. (requested by pedroplay033)\n|inactive|ziggamane98 has 60 seconds left.\n|\n|t:|1788446620\n|teamsize|p1|4\n|teamsize|p2|4\n|start\n|switch|p1a: Krookodile|Krookodile, L50, F|100/100\n|switch|p1b: Clefable|Clefable, L50, F, shiny|100/100\n|switch|p2a: Skarmory|Skarmory, L50, M|100/100\n|switch|p2b: Milotic|Milotic, L50, M|100/100\n|-ability|p1a: Krookodile|Intimidate|boost\n|-unboost|p2a: Skarmory|atk|1\n|-unboost|p2b: Milotic|atk|1\n|-ability|p2b: Milotic|Competitive|boost\n|-boost|p2b: Milotic|spa|2\n|turn|1\n|inactive|pedroplay033 has 30 seconds left.\n|\n|t:|1788446646\n|detailschange|p1b: Clefable|Clefable-Mega, L50, F, shiny\n|-mega|p1b: Clefable|Clefable|Clefablite\n|move|p1b: Clefable|Follow Me|p1b: Clefable\n|-singleturn|p1b: Clefable|move: Follow Me\n|move|p1a: Krookodile|Rock Slide|p2a: Skarmory|[spread] p2a,p2b\n|-damage|p2a: Skarmory|87/100\n|-damage|p2b: Milotic|84/100\n|cant|p2b: Milotic|flinch\n|cant|p2a: Skarmory|flinch\n|\n|-heal|p2a: Skarmory|93/100|[from] item: Leftovers\n|upkeep\n|turn|2\n|inactive|ziggamane98 has 30 seconds left.\n|inactive|ziggamane98 has 20 seconds left.\n|inactive|pedroplay033 has 30 seconds left.\n|\n|t:|1788446688\n|switch|p1a: Rotom|Rotom-Mow, L50|100/100\n|move|p2b: Milotic|Life Dew|p2b: Milotic|[spread] p2a,p2b\n|-heal|p2a: Skarmory|100/100\n|-heal|p2b: Milotic|100/100\n|move|p1b: Clefable|Moonblast|p2b: Milotic\n|-damage|p2b: Milotic|65/100\n|move|p2a: Skarmory|Tailwind|p2a: Skarmory\n|-sidestart|p2: ziggamane98|move: Tailwind\n|\n|upkeep\n|turn|3\n|inactive|pedroplay033 has 30 seconds left.\n|inactive|ziggamane98 has 30 seconds left.\n|\n|t:|1788446722\n|switch|p2b: Heliolisk|Heliolisk, L50, M|100/100\n|switch|p2a: Metagross|Metagross, L50|100/100\n|move|p1a: Rotom|Volt Switch|p2a: Metagross\n|-damage|p2a: Metagross|64/100\n|\n|t:|1788446731\n|switch|p1a: Krookodile|Krookodile, L50, F|100/100|[from] Volt Switch\n|-ability|p1a: Krookodile|Intimidate|boost\n|-fail|p2a: Metagross|unboost|[from] ability: Clear Body|[of] p2a: Metagross\n|-unboost|p2b: Heliolisk|atk|1\n|move|p1b: Clefable|Moonblast|p2b: Heliolisk\n|-damage|p2b: Heliolisk|45/100\n|\n|upkeep\n|turn|4\n|inactive|ziggamane98 has 30 seconds left.\n|\n|t:|1788446757\n|detailschange|p2a: Metagross|Metagross-Mega, L50\n|-mega|p2a: Metagross|Metagross|Metagrossite\n|move|p1b: Clefable|Helping Hand|p1a: Krookodile\n|-singleturn|p1a: Krookodile|Helping Hand|[of] p1b: Clefable\n|move|p2b: Heliolisk|Thunderbolt|p1b: Clefable\n|-supereffective|p1b: Clefable|1\n|-damage|p1b: Clefable|49/100\n|move|p2a: Metagross|Hammer Arm|p1a: Krookodile\n|-supereffective|p1a: Krookodile|1\n|-damage|p1a: Krookodile|0 fnt\n|-unboost|p2a: Metagross|spe|1\n|faint|p1a: Krookodile\n|\n|upkeep\n|\n|t:|1788446770\n|switch|p1a: Volcarona|Volcarona, L50, M|100/100\n|turn|5\n|\n|t:|1788446780\n|move|p1b: Clefable|Protect|p1b: Clefable\n|-singleturn|p1b: Clefable|Protect\n|move|p2b: Heliolisk|Thunderbolt|p1b: Clefable\n|-activate|p1b: Clefable|move: Protect\n|move|p2a: Metagross|Rock Slide|p1a: Volcarona|[spread] \n|-activate|p1b: Clefable|move: Protect\n|-miss|p2a: Metagross|p1a: Volcarona\n|move|p1a: Volcarona|Heat Wave|p2b: Heliolisk|[spread] p2a\n|-miss|p1a: Volcarona|p2b: Heliolisk\n|-supereffective|p2a: Metagross|1\n|-damage|p2a: Metagross|3/100\n|\n|-sideend|p2: ziggamane98|move: Tailwind\n|upkeep\n|turn|6\n|inactive|pedroplay033 has 30 seconds left.\n|inactive|ziggamane98 has 30 seconds left.\n|\n|t:|1788446807\n|switch|p2a: Milotic|Milotic, L50, M|65/100\n|move|p2b: Heliolisk|Dragon Pulse|p1a: Volcarona\n|-damage|p1a: Volcarona|77/100\n|move|p1a: Volcarona|Heat Wave|p2b: Heliolisk|[spread] p2a,p2b\n|-resisted|p2a: Milotic|1\n|-damage|p2a: Milotic|53/100\n|-damage|p2b: Heliolisk|0 fnt\n|faint|p2b: Heliolisk\n|move|p1b: Clefable|Moonblast|p2a: Milotic\n|-damage|p2a: Milotic|21/100\n|-enditem|p2a: Milotic|Sitrus Berry|[eat]\n|-heal|p2a: Milotic|46/100|[from] item: Sitrus Berry\n|\n|-heal|p1a: Volcarona|83/100|[from] item: Leftovers\n|upkeep\n|\n|t:|1788446826\n|switch|p2b: Skarmory|Skarmory, L50, M|100/100\n|turn|7\n|\n|t:|1788446837\n|move|p1b: Clefable|Helping Hand|p1a: Volcarona\n|-singleturn|p1a: Volcarona|Helping Hand|[of] p1b: Clefable\n|move|p1a: Volcarona|Giga Drain|p2a: Milotic\n|-supereffective|p2a: Milotic|1\n|-damage|p2a: Milotic|0 fnt\n|-heal|p1a: Volcarona|100/100|[from] drain|[of] p2a: Milotic\n|faint|p2a: Milotic\n|move|p2b: Skarmory|Tailwind|p2b: Skarmory\n|-sidestart|p2: ziggamane98|move: Tailwind\n|\n|upkeep\n|\n|t:|1788446847\n|switch|p2a: Metagross|Metagross-Mega, L50|3/100\n|turn|8\n|\n|t:|1788446856\n|move|p2a: Metagross|Rock Slide|p1b: Clefable|[spread] p1a,p1b\n|-supereffective|p1a: Volcarona|2\n|-supereffective|p1b: Clefable|1\n|-damage|p1a: Volcarona|16/100\n|-damage|p1b: Clefable|2/100\n|move|p2b: Skarmory|Iron Head|p1b: Clefable\n|-supereffective|p1b: Clefable|1\n|-damage|p1b: Clefable|0 fnt\n|faint|p1b: Clefable\n|move|p1a: Volcarona|Heat Wave|p2a: Metagross|[spread] p2b\n|-miss|p1a: Volcarona|p2a: Metagross\n|-supereffective|p2b: Skarmory|1\n|-damage|p2b: Skarmory|9/100\n|\n|-heal|p2b: Skarmory|15/100|[from] item: Leftovers\n|-heal|p1a: Volcarona|22/100|[from] item: Leftovers\n|upkeep\n|\n|t:|1788446868\n|switch|p1b: Rotom|Rotom-Mow, L50|100/100\n|turn|9\n|\n|t:|1788446882\n|move|p1a: Volcarona|Protect|p1a: Volcarona\n|-singleturn|p1a: Volcarona|Protect\n|move|p2a: Metagross|Rock Slide|p1a: Volcarona|[spread] p1b\n|-activate|p1a: Volcarona|move: Protect\n|-damage|p1b: Rotom|70/100\n|move|p2b: Skarmory|Roost|p2b: Skarmory\n|-heal|p2b: Skarmory|65/100\n|-singleturn|p2b: Skarmory|move: Roost\n|move|p1b: Rotom|Volt Switch|p2b: Skarmory\n|-damage|p2b: Skarmory|19/100\n|\n|-heal|p2b: Skarmory|25/100|[from] item: Leftovers\n|-heal|p1a: Volcarona|29/100|[from] item: Leftovers\n|upkeep\n|turn|10\n|\n|t:|1788446901\n|move|p1b: Rotom|Protect|p1b: Rotom\n|-singleturn|p1b: Rotom|Protect\n|move|p1a: Volcarona|Protect|p1a: Volcarona\n|-singleturn|p1a: Volcarona|Protect\n|move|p2a: Metagross|Rock Slide|p1b: Rotom|[spread] \n|-activate|p1a: Volcarona|move: Protect\n|-activate|p1b: Rotom|move: Protect\n|move|p2b: Skarmory|Brave Bird|p1b: Rotom\n|-activate|p1b: Rotom|move: Protect\n|\n|-heal|p2b: Skarmory|30/100|[from] item: Leftovers\n|-heal|p1a: Volcarona|35/100|[from] item: Leftovers\n|-sideend|p2: ziggamane98|move: Tailwind\n|upkeep\n|turn|11\n|inactive|ziggamane98 has 30 seconds left.\n|c|☆pedroplay033|I Lost\n|c|☆pedroplay033|GG\n|inactive|ziggamane98 has 20 seconds left.\n|inactive|ziggamane98 has 15 seconds left.\n|-message|ziggamane98 forfeited.\n|\n|win|pedroplay033\n|raw|pedroplay033's rating: 1089 &rarr; <strong>1111</strong><br />(+22 for winning)\n|raw|ziggamane98's rating: 1028 &rarr; <strong>1016</strong><br />(-12 for losing)\n|l|‽ziggamane98\n|player|p2|\n|c|☆pedroplay033|1 rock slide and id be dead\n|c|☆pedroplay033|But ok\n","uploadtime":1788446969,"views":"0","formatid":"gen9championsvgc2026regmb","rating":1016,"private":0,"password":null}