{"id":"gen9championsvgc2026regmbbo3-2673544776","format":"[Gen 9 Champions] VGC 2026 Reg M-B (Bo3)","players":["Mashuno","markknight05"],"log":"|j|☆Mashuno\n|j|☆markknight05\n|html|<table width=\"100%\"><tr><td align=\"left\">Mashuno</td><td align=\"right\">markknight05</tr><tr><td align=\"left\"><i class=\"fa fa-circle\"></i> <i class=\"fa fa-circle-o\"></i> </td><td align=\"right\"><i class=\"fa fa-circle-o\"></i> <i class=\"fa fa-circle\"></i> </tr></table>\n|uhtml|bestof|<h2><strong>Game 3</strong> of <a href=\"/game-bestof3-gen9championsvgc2026regmbbo3-2673538667\">a best-of-3</a></h2>\n|t:|1788211097\n|gametype|doubles\n|player|p1|Mashuno|harlequin|1159\n|player|p2|markknight05|265|1223\n|gen|9\n|tier|[Gen 9 Champions] VGC 2026 Reg M-B (Bo3)\n|rated|\n|rule|Species Clause: Limit one of each Pokémon\n|rule|Item Clause: Limit 1 of each item\n|clearpoke\n|poke|p1|Pelipper, L50, M|\n|poke|p1|Archaludon, L50, M|\n|poke|p1|Blastoise, L50, M|\n|poke|p1|Sinistcha, L50|\n|poke|p1|Sableye, L50, M|\n|poke|p1|Sneasler, L50, M|\n|poke|p2|Tyrantrum, L50, F|\n|poke|p2|Glimmora, L50, F|\n|poke|p2|Mimikyu, L50, F|\n|poke|p2|Hippowdon, L50, F|\n|poke|p2|Meganium, L50, F|\n|poke|p2|Staraptor, L50, F|\n|teampreview|4\n|showteam|p1|Pelipper||FocusSash|Drizzle|WeatherBall,Hurricane,Tailwind,RainDance|Timid||M|||50|]Archaludon||Leftovers|Stamina|Protect,DracoMeteor,FlashCannon,ElectroShot|Modest||M|||50|]Blastoise||Blastoisinite|RainDish|Protect,WaterSpout,DarkPulse,AuraSphere|Modest||M|||50|]Sinistcha||SitrusBerry|Hospitality|MatchaGotcha,RagePowder,LifeDew,TrickRoom|Bold|||||50|]Sableye||LightClay|Prankster|FoulPlay,LightScreen,Reflect,RainDance|Impish||M|||50|]Sneasler||WhiteHerb|Unburden|FakeOut,DireClaw,CloseCombat,RockSlide|Jolly||M|||50|\n|showteam|p2|Tyrantrum||ChoiceScarf|StrongJaw|RockSlide,IceFang,PsychicFangs,HighHorsepower|Jolly||F|||50|]Glimmora||FocusSash|ToxicDebris|MortalSpin,PowerGem,EarthPower,SpikyShield|Modest||F|||50|]Mimikyu||LifeOrb|Disguise|PlayRough,PhantomForce,ShadowSneak,Protect|Adamant||F|||50|]Hippowdon||SitrusBerry|SandStream|HighHorsepower,RockTomb,SlackOff,Protect|Relaxed||F|||50|]Meganium||Meganiumite|LeafGuard|WeatherBall,SolarBeam,LeechSeed,Protect|Calm||F|||50|]Staraptor||Staraptite|Intimidate|DualWingbeat,CloseCombat,Roost,Protect|Careful||F|||50|\n|inactive|Battle timer is ON: inactive players will automatically lose when time's up. (requested by markknight05)\n|inactive|Mashuno has 60 seconds left.\n|\n|t:|1788211162\n|teamsize|p1|4\n|teamsize|p2|4\n|start\n|switch|p1a: Blastoise|Blastoise, L50, M|100/100\n|switch|p1b: Iroh|Sinistcha, L50|100/100\n|switch|p2a: Glimmora|Glimmora, L50, F|100/100\n|switch|p2b: Mimikyu|Mimikyu, L50, F|100/100\n|turn|1\n|\n|t:|1788211184\n|move|p1a: Blastoise|Protect|p1a: Blastoise\n|-singleturn|p1a: Blastoise|Protect\n|move|p2b: Mimikyu|Shadow Sneak|p1a: Blastoise\n|-activate|p1a: Blastoise|move: Protect\n|move|p2a: Glimmora|Mortal Spin|p1b: Iroh|[spread] p1b\n|-activate|p1a: Blastoise|move: Protect\n|-damage|p1b: Iroh|96/100\n|-status|p1b: Iroh|psn\n|move|p1b: Iroh|Trick Room|p1b: Iroh\n|-fieldstart|move: Trick Room|[of] p1b: Iroh\n|\n|-damage|p1b: Iroh|84/100 psn|[from] psn\n|upkeep\n|turn|2\n|inactive|markknight05 has 30 seconds left.\n|\n|t:|1788211218\n|detailschange|p1a: Blastoise|Blastoise-Mega, L50, M\n|-mega|p1a: Blastoise|Blastoise|Blastoisinite\n|move|p2b: Mimikyu|Shadow Sneak|p1a: Blastoise\n|-damage|p1a: Blastoise|79/100\n|-damage|p2b: Mimikyu|90/100|[from] item: Life Orb\n|move|p1b: Iroh|Matcha Gotcha|p2a: Glimmora|[spread] p2a,p2b\n|-damage|p2a: Glimmora|68/100\n|-heal|p1b: Iroh|98/100 psn|[from] drain|[of] p2a: Glimmora\n|-activate|p2b: Mimikyu|ability: Disguise\n|-damage|p2b: Mimikyu|90/100\n|-status|p2b: Mimikyu|brn\n|detailschange|p2b: Mimikyu|Mimikyu-Busted, L50, F\n|-damage|p2b: Mimikyu|77/100 brn|[from] pokemon: Mimikyu-Busted\n|move|p1a: Blastoise|Water Spout|p2b: Mimikyu|[spread] p2a,p2b\n|-supereffective|p2a: Glimmora|1\n|-damage|p2a: Glimmora|0 fnt\n|-damage|p2b: Mimikyu|12/100 brn\n|faint|p2a: Glimmora\n|\n|-damage|p1b: Iroh|86/100 psn|[from] psn\n|-damage|p2b: Mimikyu|6/100 brn|[from] brn\n|upkeep\n|\n|t:|1788211238\n|switch|p2a: Meganium|Meganium, L50, F|100/100\n|turn|3\n|\n|t:|1788211261\n|switch|p1b: Dai News|Pelipper, L50, M|100/100\n|-weather|RainDance|[from] ability: Drizzle|[of] p1b: Dai News\n|switch|p1a: Junketsu|Archaludon, L50, M|100/100\n|detailschange|p2a: Meganium|Meganium-Mega, L50, F\n|-mega|p2a: Meganium|Meganium|Meganiumite\n|move|p2b: Mimikyu|Shadow Sneak|p1b: Dai News\n|-damage|p1b: Dai News|83/100\n|-damage|p2b: Mimikyu|0 fnt|[from] item: Life Orb\n|faint|p2b: Mimikyu\n|move|p2a: Meganium|Weather Ball|p1b: Dai News\n|-resisted|p1b: Dai News|1\n|-damage|p1b: Dai News|44/100\n|\n|-weather|RainDance|[upkeep]\n|upkeep\n|\n|t:|1788211275\n|switch|p2b: Hippowdon|Hippowdon, L50, F|100/100\n|-weather|Sandstorm|[from] ability: Sand Stream|[of] p2b: Hippowdon\n|turn|4\n|inactive|Mashuno has 30 seconds left.\n|inactive|Mashuno has 20 seconds left.\n|\n|t:|1788211312\n|switch|p1a: Iroh|Sinistcha, L50|86/100 psn\n|-heal|p1b: Dai News|69/100|[from] ability: Hospitality|[of] p1a: Iroh\n|move|p2b: Hippowdon|High Horsepower|p1a: Iroh\n|-resisted|p1a: Iroh|1\n|-crit|p1a: Iroh\n|-damage|p1a: Iroh|65/100 psn\n|move|p2a: Meganium|Solar Beam||[still]\n|-prepare|p2a: Meganium|Solar Beam\n|-activate|p2a: Meganium|ability: Mega Sol\n|-anim|p2a: Meganium|Solar Beam|p1b: Dai News\n|-damage|p1b: Dai News|0 fnt\n|faint|p1b: Dai News\n|\n|-weather|Sandstorm|[upkeep]\n|-damage|p1a: Iroh|58/100 psn|[from] Sandstorm\n|-damage|p2a: Meganium|94/100|[from] Sandstorm\n|-damage|p1a: Iroh|46/100 psn|[from] psn\n|upkeep\n|-enditem|p1a: Iroh|Sitrus Berry|[eat]\n|-heal|p1a: Iroh|71/100 psn|[from] item: Sitrus Berry\n|\n|t:|1788211321\n|switch|p1b: Blastoise|Blastoise-Mega, L50, M|79/100\n|turn|5\n|inactive|markknight05 has 30 seconds left.\n|inactive|Mashuno has 30 seconds left.\n|inactive|Mashuno has 20 seconds left.\n|\n|t:|1788211369\n|move|p2b: Hippowdon|Protect|p2b: Hippowdon\n|-singleturn|p2b: Hippowdon|Protect\n|move|p1a: Iroh|Life Dew|p1a: Iroh|[spread] p1a,p1b\n|-heal|p1a: Iroh|96/100 psn\n|-heal|p1b: Blastoise|100/100\n|move|p2a: Meganium|Solar Beam||[still]\n|-prepare|p2a: Meganium|Solar Beam\n|-activate|p2a: Meganium|ability: Mega Sol\n|-anim|p2a: Meganium|Solar Beam|p1b: Blastoise\n|-supereffective|p1b: Blastoise|1\n|-damage|p1b: Blastoise|0 fnt\n|faint|p1b: Blastoise\n|\n|-weather|Sandstorm|[upkeep]\n|-damage|p1a: Iroh|90/100 psn|[from] Sandstorm\n|-damage|p2a: Meganium|88/100|[from] Sandstorm\n|-damage|p1a: Iroh|78/100 psn|[from] psn\n|-fieldend|move: Trick Room\n|upkeep\n|\n|t:|1788211374\n|switch|p1b: Junketsu|Archaludon, L50, M|100/100\n|turn|6\n|\n|t:|1788211392\n|move|p1a: Iroh|Rage Powder|p1a: Iroh\n|-singleturn|p1a: Iroh|move: Rage Powder\n|move|p1b: Junketsu|Flash Cannon|p2a: Meganium\n|-supereffective|p2a: Meganium|1\n|-damage|p2a: Meganium|29/100\n|move|p2a: Meganium|Weather Ball|p1b: Junketsu\n|-damage|p1b: Junketsu|41/100\n|-ability|p1b: Junketsu|Stamina|boost\n|-boost|p1b: Junketsu|def|1\n|move|p2b: Hippowdon|High Horsepower|p1a: Iroh\n|-resisted|p1a: Iroh|1\n|-damage|p1a: Iroh|65/100 psn\n|\n|-weather|Sandstorm|[upkeep]\n|-damage|p2a: Meganium|23/100|[from] Sandstorm\n|-damage|p1a: Iroh|58/100 psn|[from] Sandstorm\n|-heal|p1b: Junketsu|47/100|[from] item: Leftovers\n|-damage|p1a: Iroh|46/100 psn|[from] psn\n|upkeep\n|turn|7\n|\n|t:|1788211414\n|move|p2a: Meganium|Protect|p2a: Meganium\n|-singleturn|p2a: Meganium|Protect\n|move|p1a: Iroh|Rage Powder|p1a: Iroh\n|-singleturn|p1a: Iroh|move: Rage Powder\n|move|p1b: Junketsu|Flash Cannon|p2a: Meganium\n|-activate|p2a: Meganium|move: Protect\n|move|p2b: Hippowdon|Rock Tomb|p1a: Iroh\n|-damage|p1a: Iroh|33/100 psn\n|-unboost|p1a: Iroh|spe|1\n|\n|-weather|Sandstorm|[upkeep]\n|-damage|p2a: Meganium|17/100|[from] Sandstorm\n|-damage|p1a: Iroh|27/100 psn|[from] Sandstorm\n|-heal|p1b: Junketsu|53/100|[from] item: Leftovers\n|-damage|p1a: Iroh|15/100 psn|[from] psn\n|upkeep\n|turn|8\n|inactive|Mashuno has 30 seconds left.\n|inactive|markknight05 has 30 seconds left.\n|\n|t:|1788211441\n|move|p1b: Junketsu|Protect|p1b: Junketsu\n|-singleturn|p1b: Junketsu|Protect\n|move|p2a: Meganium|Weather Ball|p1b: Junketsu\n|-activate|p1b: Junketsu|move: Protect\n|move|p1a: Iroh|Matcha Gotcha|p2b: Hippowdon|[spread] p2a,p2b\n|-resisted|p2a: Meganium|1\n|-supereffective|p2b: Hippowdon|1\n|-damage|p2a: Meganium|9/100\n|-heal|p1a: Iroh|19/100 psn|[from] drain|[of] p2a: Meganium\n|-damage|p2b: Hippowdon|57/100\n|-heal|p1a: Iroh|45/100 psn|[from] drain|[of] p2b: Hippowdon\n|move|p2b: Hippowdon|High Horsepower|p1b: Junketsu\n|-activate|p1b: Junketsu|move: Protect\n|\n|-weather|none\n|-heal|p1b: Junketsu|59/100|[from] item: Leftovers\n|-damage|p1a: Iroh|33/100 psn|[from] psn\n|upkeep\n|turn|9\n|\n|t:|1788211464\n|move|p2a: Meganium|Protect|p2a: Meganium\n|-singleturn|p2a: Meganium|Protect\n|move|p1b: Junketsu|Flash Cannon|p2a: Meganium\n|-activate|p2a: Meganium|move: Protect\n|move|p2b: Hippowdon|Rock Tomb|p1b: Junketsu\n|-resisted|p1b: Junketsu|1\n|-damage|p1b: Junketsu|56/100\n|-unboost|p1b: Junketsu|spe|1\n|-ability|p1b: Junketsu|Stamina|boost\n|-boost|p1b: Junketsu|def|1\n|move|p1a: Iroh|Matcha Gotcha|p2b: Hippowdon|[spread] \n|-activate|p2a: Meganium|move: Protect\n|-miss|p1a: Iroh|p2b: Hippowdon\n|\n|-heal|p1b: Junketsu|62/100|[from] item: Leftovers\n|-damage|p1a: Iroh|20/100y psn|[from] psn\n|upkeep\n|turn|10\n|\n|t:|1788211487\n|move|p1b: Junketsu|Protect|p1b: Junketsu\n|-singleturn|p1b: Junketsu|Protect\n|move|p2a: Meganium|Weather Ball|p1b: Junketsu\n|-activate|p1b: Junketsu|move: Protect\n|move|p1a: Iroh|Matcha Gotcha|p2a: Meganium|[spread] p2a,p2b\n|-resisted|p2a: Meganium|1\n|-supereffective|p2b: Hippowdon|1\n|-damage|p2a: Meganium|1/100\n|-heal|p1a: Iroh|25/100 psn|[from] drain|[of] p2a: Meganium\n|-damage|p2b: Hippowdon|15/100\n|-heal|p1a: Iroh|50/100g psn|[from] drain|[of] p2b: Hippowdon\n|-status|p2b: Hippowdon|brn\n|-enditem|p2b: Hippowdon|Sitrus Berry|[eat]\n|-heal|p2b: Hippowdon|40/100 brn|[from] item: Sitrus Berry\n|move|p2b: Hippowdon|Slack Off|p2b: Hippowdon\n|-heal|p2b: Hippowdon|90/100 brn\n|\n|-heal|p1b: Junketsu|68/100|[from] item: Leftovers\n|-damage|p1a: Iroh|38/100 psn|[from] psn\n|-damage|p2b: Hippowdon|84/100 brn|[from] brn\n|upkeep\n|turn|11\n|\n|t:|1788211511\n|move|p1b: Junketsu|Protect||[still]\n|-fail|p1b: Junketsu\n|move|p2a: Meganium|Weather Ball|p1b: Junketsu\n|-damage|p1b: Junketsu|9/100\n|-ability|p1b: Junketsu|Stamina|boost\n|-boost|p1b: Junketsu|def|1\n|move|p2b: Hippowdon|High Horsepower|p1b: Junketsu\n|-supereffective|p1b: Junketsu|1\n|-damage|p1b: Junketsu|0 fnt\n|faint|p1b: Junketsu\n|move|p1a: Iroh|Matcha Gotcha|p2a: Meganium|[spread] p2a\n|-miss|p1a: Iroh|p2b: Hippowdon\n|-resisted|p2a: Meganium|1\n|-damage|p2a: Meganium|0 fnt\n|-heal|p1a: Iroh|39/100 psn|[from] drain|[of] p2a: Meganium\n|faint|p2a: Meganium\n|\n|-damage|p1a: Iroh|26/100 psn|[from] psn\n|-damage|p2b: Hippowdon|78/100 brn|[from] brn\n|upkeep\n|turn|12\n|inactive|markknight05 has 30 seconds left.\n|inactive|markknight05 has 20 seconds left.\n|inactive|markknight05 has 15 seconds left.\n|\n|t:|1788211551\n|move|p1a: Iroh|Matcha Gotcha|p2b: Hippowdon\n|-supereffective|p2b: Hippowdon|1\n|-damage|p2b: Hippowdon|26/100 brn\n|-heal|p1a: Iroh|57/100 psn|[from] drain|[of] p2b: Hippowdon\n|move|p2b: Hippowdon|Rock Tomb|p1a: Iroh\n|-damage|p1a: Iroh|51/100 psn\n|-unboost|p1a: Iroh|spe|1\n|\n|-damage|p1a: Iroh|39/100 psn|[from] psn\n|-damage|p2b: Hippowdon|20/100y brn|[from] brn\n|upkeep\n|turn|13\n|\n|t:|1788211566\n|move|p2b: Hippowdon|Slack Off|p2b: Hippowdon\n|-heal|p2b: Hippowdon|71/100 brn\n|move|p1a: Iroh|Matcha Gotcha|p2b: Hippowdon|[miss]\n|-miss|p1a: Iroh|p2b: Hippowdon\n|\n|-damage|p1a: Iroh|26/100 psn|[from] psn\n|-damage|p2b: Hippowdon|65/100 brn|[from] brn\n|upkeep\n|turn|14\n|\n|t:|1788211577\n|move|p2b: Hippowdon|Protect|p2b: Hippowdon\n|-singleturn|p2b: Hippowdon|Protect\n|move|p1a: Iroh|Matcha Gotcha|p2b: Hippowdon\n|-activate|p2b: Hippowdon|move: Protect\n|\n|-damage|p1a: Iroh|14/100 psn|[from] psn\n|-damage|p2b: Hippowdon|59/100 brn|[from] brn\n|upkeep\n|turn|15\n|\n|t:|1788211595\n|move|p2b: Hippowdon|Slack Off|p2b: Hippowdon\n|-heal|p2b: Hippowdon|100/100 brn\n|move|p1a: Iroh|Matcha Gotcha|p2b: Hippowdon\n|-supereffective|p2b: Hippowdon|1\n|-damage|p2b: Hippowdon|44/100 brn\n|-heal|p1a: Iroh|48/100 psn|[from] drain|[of] p2b: Hippowdon\n|\n|-damage|p1a: Iroh|35/100 psn|[from] psn\n|-damage|p2b: Hippowdon|38/100 brn|[from] brn\n|upkeep\n|turn|16\n|\n|t:|1788211612\n|move|p2b: Hippowdon|Slack Off|p2b: Hippowdon\n|-heal|p2b: Hippowdon|88/100 brn\n|move|p1a: Iroh|Life Dew|p1a: Iroh\n|-heal|p1a: Iroh|61/100 psn\n|\n|-damage|p1a: Iroh|48/100 psn|[from] psn\n|-damage|p2b: Hippowdon|82/100 brn|[from] brn\n|upkeep\n|turn|17\n|\n|t:|1788211625\n|move|p2b: Hippowdon|Rock Tomb|p1a: Iroh\n|-damage|p1a: Iroh|43/100 psn\n|-unboost|p1a: Iroh|spe|1\n|move|p1a: Iroh|Life Dew|p1a: Iroh\n|-heal|p1a: Iroh|68/100 psn\n|\n|-damage|p1a: Iroh|56/100 psn|[from] psn\n|-damage|p2b: Hippowdon|76/100 brn|[from] brn\n|upkeep\n|turn|18\n|\n|t:|1788211637\n|move|p2b: Hippowdon|High Horsepower|p1a: Iroh\n|-resisted|p1a: Iroh|1\n|-damage|p1a: Iroh|49/100 psn\n|move|p1a: Iroh|Matcha Gotcha|p2b: Hippowdon\n|-supereffective|p2b: Hippowdon|1\n|-damage|p2b: Hippowdon|17/100 brn\n|-heal|p1a: Iroh|84/100 psn|[from] drain|[of] p2b: Hippowdon\n|\n|-damage|p1a: Iroh|72/100 psn|[from] psn\n|-damage|p2b: Hippowdon|11/100 brn|[from] brn\n|upkeep\n|turn|19\n|\n|t:|1788211660\n|move|p2b: Hippowdon|Slack Off|p2b: Hippowdon\n|-heal|p2b: Hippowdon|61/100 brn\n|move|p1a: Iroh|Trick Room|p1a: Iroh\n|-fieldstart|move: Trick Room|[of] p1a: Iroh\n|\n|-damage|p1a: Iroh|60/100 psn|[from] psn\n|-damage|p2b: Hippowdon|55/100 brn|[from] brn\n|upkeep\n|turn|20\n|inactive|markknight05 has 30 seconds left.\n|inactive|markknight05 has 20 seconds left.\n|inactive|markknight05 has 15 seconds left.\n|inactive|markknight05 has 10 seconds left.\n|\n|t:|1788211689\n|move|p2b: Hippowdon|Protect|p2b: Hippowdon\n|-singleturn|p2b: Hippowdon|Protect\n|move|p1a: Iroh|Matcha Gotcha|p2b: Hippowdon\n|-activate|p2b: Hippowdon|move: Protect\n|\n|-damage|p1a: Iroh|47/100 psn|[from] psn\n|-damage|p2b: Hippowdon|49/100 brn|[from] brn\n|upkeep\n|turn|21\n|inactive|markknight05 has 10 seconds left this turn.\n|inactive|markknight05 has 5 seconds left.\n|-message|markknight05 forfeited.\n|\n|win|Mashuno\n|raw|Mashuno's rating: 1159 &rarr; <strong>1189</strong><br />(+30 for winning)\n|raw|markknight05's rating: 1223 &rarr; <strong>1193</strong><br />(-30 for losing)\n|l|☆markknight05\n|player|p2|\n|c|☆Mashuno|ggs\n","uploadtime":1788211705,"views":"1","formatid":"gen9championsvgc2026regmbbo3","rating":1189,"private":0,"password":null}