{"id":"gen9championsvgc2026regmb-2674086183","format":"[Gen 9 Champions] VGC 2026 Reg M-B","players":["Nerd.HK","Cejota VGC"],"log":"|j|☆Nerd.HK\n|j|☆Cejota VGC\n|t:|1788297219\n|gametype|doubles\n|player|p1|Nerd.HK|supernerd|1226\n|player|p2|Cejota VGC|nate|1182\n|gen|9\n|tier|[Gen 9 Champions] VGC 2026 Reg M-B\n|rated|\n|rule|Species Clause: Limit one of each Pokémon\n|rule|Item Clause: Limit 1 of each item\n|clearpoke\n|poke|p1|Charizard, L50, M|\n|poke|p1|Pelipper, L50, F, shiny|\n|poke|p1|Aerodactyl, L50, M|\n|poke|p1|Archaludon, L50, M, shiny|\n|poke|p1|Basculegion, L50, M, shiny|\n|poke|p1|Sinistcha-Masterpiece, L50, shiny|\n|poke|p2|Lucario, L50, M|\n|poke|p2|Sinistcha, L50|\n|poke|p2|Incineroar, L50, M|\n|poke|p2|Milotic, L50, M|\n|poke|p2|Pelipper, L50, F|\n|poke|p2|Swampert, L50, M|\n|teampreview|4\n|inactive|Battle timer is ON: inactive players will automatically lose when time's up. (requested by Cejota VGC)\n|inactive|Nerd.HK also wants the timer to be on.\nNerd.HK has agreed to open team sheets.\n|inactive|Cejota VGC has 60 seconds left.\n|c|☆Nerd.HK|Have fun\n|\n|t:|1788297274\n|teamsize|p1|4\n|teamsize|p2|4\n|start\n|switch|p1a: Flameon the Great|Charizard, L50, M|100/100\n|switch|p1b: SilverGateBridge|Archaludon, L50, M, shiny|100/100\n|switch|p2a: Milotic|Milotic, L50, M|100/100\n|switch|p2b: Incineroar|Incineroar, L50, M|100/100\n|-ability|p2b: Incineroar|Intimidate|boost\n|-unboost|p1a: Flameon the Great|atk|1\n|-unboost|p1b: SilverGateBridge|atk|1\n|turn|1\n|c|☆Cejota VGC|Thanks\n|\n|t:|1788297294\n|detailschange|p1a: Flameon the Great|Charizard-Mega-Y, L50, M\n|-mega|p1a: Flameon the Great|Charizard|Charizardite Y\n|-weather|SunnyDay|[from] ability: Drought|[of] p1a: Flameon the Great\n|move|p1a: Flameon the Great|Ancient Power|p2b: Incineroar\n|-supereffective|p2b: Incineroar|1\n|-damage|p2b: Incineroar|52/100\n|move|p1b: SilverGateBridge|Earthquake|p2a: Milotic|[spread] p2a,p2b\n|-immune|p1a: Flameon the Great\n|-supereffective|p2b: Incineroar|1\n|-damage|p2a: Milotic|90/100\n|-damage|p2b: Incineroar|30/100\n|-enditem|p2b: Incineroar|Sitrus Berry|[eat]\n|-heal|p2b: Incineroar|55/100|[from] item: Sitrus Berry\n|move|p2a: Milotic|Life Dew|p2a: Milotic|[spread] p2a,p2b\n|-heal|p2a: Milotic|100/100\n|-heal|p2b: Incineroar|80/100\n|move|p2b: Incineroar|Parting Shot|p1b: SilverGateBridge\n|-unboost|p1b: SilverGateBridge|atk|1\n|-unboost|p1b: SilverGateBridge|spa|1\n|c|☆Cejota VGC|physical arch is wild\n|\n|t:|1788297316\n|switch|p2b: Lucario|Lucario, L50, M|100/100|[from] Parting Shot\n|\n|-weather|SunnyDay|[upkeep]\n|upkeep\n|turn|2\n|c|☆Cejota VGC|!data mega charizard Y\n|c|☆Cejota VGC|/raw <div class=\"message\"><ul class=\"utilichart\"><li class=\"result\"><span class=\"col numcol\">UUBL</span> <span class=\"col iconcol\"><psicon pokemon=\"charizardmegay\"/></span> <span class=\"col pokemonnamecol\" style=\"white-space:nowrap\"><a href=\"https://dex.pokemonshowdown.com/pokemon/charizardmegay\" target=\"_blank\">Charizard-Mega-Y</a></span> <span class=\"col typecol\"><img src=\"https://play.pokemonshowdown.com/sprites/types/Fire.png\" alt=\"Fire\" height=\"14\" width=\"32\"><img src=\"https://play.pokemonshowdown.com/sprites/types/Flying.png\" alt=\"Flying\" height=\"14\" width=\"32\"></span> <span style=\"float:left;min-height:26px\"><span class=\"col abilitycol\">Drought</span><span class=\"col abilitycol\"></span></span><span style=\"float:left;min-height:26px\"><span class=\"col statcol\"><em>HP</em><br />78</span> <span class=\"col statcol\"><em>Atk</em><br />104</span> <span class=\"col statcol\"><em>Def</em><br />78</span> <span class=\"col statcol\"><em>SpA</em><br />159</span> <span class=\"col statcol\"><em>SpD</em><br />115</span> <span class=\"col statcol\"><em>Spe</em><br />100</span> <span class=\"col bstcol\"><em>BST<br />634</em></span> </span></li><li style=\"clear:both\"></li></ul></div>\n\n|inactive|Nerd.HK has 30 seconds left.\n|c|☆Cejota VGC|!data mega lucario\n|c|☆Cejota VGC|/raw <div class=\"message\"><ul class=\"utilichart\"><li class=\"result\"><span class=\"col numcol\">Uber</span> <span class=\"col iconcol\"><psicon pokemon=\"lucariomega\"/></span> <span class=\"col pokemonnamecol\" style=\"white-space:nowrap\"><a href=\"https://dex.pokemonshowdown.com/pokemon/lucariomega\" target=\"_blank\">Lucario-Mega</a></span> <span class=\"col typecol\"><img src=\"https://play.pokemonshowdown.com/sprites/types/Fighting.png\" alt=\"Fighting\" height=\"14\" width=\"32\"><img src=\"https://play.pokemonshowdown.com/sprites/types/Steel.png\" alt=\"Steel\" height=\"14\" width=\"32\"></span> <span style=\"float:left;min-height:26px\"><span class=\"col abilitycol\">Adaptability</span><span class=\"col abilitycol\"></span></span><span style=\"float:left;min-height:26px\"><span class=\"col statcol\"><em>HP</em><br />70</span> <span class=\"col statcol\"><em>Atk</em><br />145</span> <span class=\"col statcol\"><em>Def</em><br />88</span> <span class=\"col statcol\"><em>SpA</em><br />140</span> <span class=\"col statcol\"><em>SpD</em><br />70</span> <span class=\"col statcol\"><em>Spe</em><br />112</span> <span class=\"col bstcol\"><em>BST<br />625</em></span> </span></li><li style=\"clear:both\"></li></ul></div>\n\n|c|☆Nerd.HK|Nah, it’s a mixed arch\n|inactive|Nerd.HK has 20 seconds left.\n|inactive|Nerd.HK has 15 seconds left.\n|c|☆Cejota VGC|Oh no wait im dumb im not max speed\n|inactive|Nerd.HK has 10 seconds left.\n|c|☆Nerd.HK|this is a rain zard y team\n|inactive|Nerd.HK has 5 seconds left.\n|\n|t:|1788297367\n|move|p2b: Lucario|Protect|p2b: Lucario\n|-singleturn|p2b: Lucario|Protect\n|move|p1a: Flameon the Great|Weather Ball|p2b: Lucario\n|-activate|p2b: Lucario|move: Protect\n|move|p1b: SilverGateBridge|Earthquake|p2b: Lucario|[spread] p2a\n|-activate|p2b: Lucario|move: Protect\n|-immune|p1a: Flameon the Great\n|-damage|p2a: Milotic|92/100\n|move|p2a: Milotic|Aqua Ring|p2a: Milotic\n|-start|p2a: Milotic|Aqua Ring\n|\n|-weather|SunnyDay|[upkeep]\n|-heal|p2a: Milotic|98/100|[from] item: Leftovers\n|-heal|p2a: Milotic|100/100|[from] Aqua Ring\n|upkeep\n|turn|3\n|c|☆Cejota VGC|Rainzard is wild\n|\n|t:|1788297389\n|switch|p2b: Incineroar|Incineroar, L50, M|80/100\n|-ability|p2b: Incineroar|Intimidate|boost\n|-unboost|p1a: Flameon the Great|atk|1\n|-unboost|p1b: SilverGateBridge|atk|1\n|move|p1a: Flameon the Great|Weather Ball|p2b: Incineroar\n|-resisted|p2b: Incineroar|1\n|-damage|p2b: Incineroar|39/100\n|move|p1b: SilverGateBridge|Electro Shot||[still]\n|-prepare|p1b: SilverGateBridge|Electro Shot\n|-boost|p1b: SilverGateBridge|spa|1\n|move|p2a: Milotic|Scald|p1a: Flameon the Great\n|-supereffective|p1a: Flameon the Great|1\n|-damage|p1a: Flameon the Great|72/100\n|\n|-weather|SunnyDay|[upkeep]\n|upkeep\n|turn|4\n|\n|t:|1788297408\n|move|p2a: Milotic|Protect|p2a: Milotic\n|-singleturn|p2a: Milotic|Protect\n|move|p2b: Incineroar|Fake Out|p1a: Flameon the Great\n|-damage|p1a: Flameon the Great|50/100g\n|cant|p1a: Flameon the Great|flinch\n|move|p1b: SilverGateBridge|Electro Shot|p2a: Milotic|[from] lockedmove\n|-activate|p2a: Milotic|move: Protect\n|\n|-weather|SunnyDay|[upkeep]\n|upkeep\n|turn|5\n|c|☆Nerd.HK|Well played\n|c|☆Cejota VGC|thx\n|inactive|Nerd.HK has 30 seconds left.\n|\n|t:|1788297436\n|switch|p2b: Sinistcha|Sinistcha, L50|100/100\n|move|p1a: Flameon the Great|Ancient Power|p2b: Sinistcha\n|-damage|p2b: Sinistcha|75/100\n|move|p1b: SilverGateBridge|Dragon Pulse|p2a: Milotic\n|-damage|p2a: Milotic|67/100\n|move|p2a: Milotic|Scald|p1a: Flameon the Great\n|-supereffective|p1a: Flameon the Great|1\n|-damage|p1a: Flameon the Great|22/100\n|\n|-weather|none\n|-heal|p2a: Milotic|73/100|[from] item: Leftovers\n|-heal|p2a: Milotic|79/100|[from] Aqua Ring\n|upkeep\n|turn|6\n|c|☆Nerd.HK|Milotic so hard to remove\n|inactive|Cejota VGC has 30 seconds left.\n|c|☆Nerd.HK|Lol\n|c|☆Cejota VGC|and its max bulk\n|c|☆Cejota VGC|good luck\n|inactive|Cejota VGC has 20 seconds left.\n|inactive|Cejota VGC has 15 seconds left.\n|\n|t:|1788297480\n|move|p2b: Sinistcha|Rage Powder|p2b: Sinistcha\n|-singleturn|p2b: Sinistcha|move: Rage Powder\n|move|p1a: Flameon the Great|Ancient Power|p2b: Sinistcha\n|-damage|p2b: Sinistcha|53/100\n|move|p1b: SilverGateBridge|Dragon Pulse|p2b: Sinistcha\n|-damage|p2b: Sinistcha|10/100\n|move|p2a: Milotic|Scald|p1a: Flameon the Great\n|-supereffective|p1a: Flameon the Great|1\n|-damage|p1a: Flameon the Great|0 fnt\n|faint|p1a: Flameon the Great\n|\n|-heal|p2a: Milotic|85/100|[from] item: Leftovers\n|-heal|p2a: Milotic|91/100|[from] Aqua Ring\n|upkeep\n|\n|t:|1788297492\n|switch|p1a: WantSomeTea?|Sinistcha-Masterpiece, L50, shiny|100/100\n|turn|7\n|\n|t:|1788297509\n|switch|p2b: Incineroar|Incineroar, L50, M|39/100\n|-ability|p2b: Incineroar|Intimidate|boost\n|-unboost|p1a: WantSomeTea?|atk|1\n|-unboost|p1b: SilverGateBridge|atk|1\n|move|p1b: SilverGateBridge|Dragon Pulse|p2a: Milotic\n|-damage|p2a: Milotic|58/100\n|move|p2a: Milotic|Life Dew|p2a: Milotic|[spread] p2a,p2b\n|-heal|p2a: Milotic|83/100\n|-heal|p2b: Incineroar|64/100\n|move|p1a: WantSomeTea?|Matcha Gotcha|p2a: Milotic|[spread] p2b\n|-miss|p1a: WantSomeTea?|p2a: Milotic\n|-resisted|p2b: Incineroar|1\n|-damage|p2b: Incineroar|52/100\n|\n|-heal|p2a: Milotic|89/100|[from] item: Leftovers\n|-heal|p2a: Milotic|95/100|[from] Aqua Ring\n|upkeep\n|turn|8\n|c|☆Nerd.HK|Arrgh\n|c|☆Nerd.HK|Why miss now\n|inactive|Nerd.HK has 30 seconds left.\n|inactive|Cejota VGC has 30 seconds left.\n|c|☆Cejota VGC|bc yes\n|c|☆Nerd.HK|Flinch\n|inactive|Cejota VGC has 20 seconds left.\n|\n|t:|1788297546\n|move|p2a: Milotic|Protect|p2a: Milotic\n|-singleturn|p2a: Milotic|Protect\n|move|p1b: SilverGateBridge|Iron Head|p2a: Milotic\n|-activate|p2a: Milotic|move: Protect\n|move|p1a: WantSomeTea?|Matcha Gotcha|p2b: Incineroar|[spread] p2b\n|-activate|p2a: Milotic|move: Protect\n|-resisted|p2b: Incineroar|1\n|-damage|p2b: Incineroar|42/100\n|move|p2b: Incineroar|Throat Chop|p1a: WantSomeTea?\n|-supereffective|p1a: WantSomeTea?|1\n|-damage|p1a: WantSomeTea?|41/100\n|-start|p1a: WantSomeTea?|Throat Chop|[silent]\n|-enditem|p1a: WantSomeTea?|Sitrus Berry|[eat]\n|-heal|p1a: WantSomeTea?|66/100|[from] item: Sitrus Berry\n|\n|-heal|p2a: Milotic|100/100|[from] item: Leftovers\n|upkeep\n|turn|9\n|c|☆Cejota VGC|Iron head after all those intimidates is straight up bravery\n|c|☆Cejota VGC|I cant even flame you\n|inactive|Nerd.HK has 30 seconds left.\n|inactive|Cejota VGC has 30 seconds left.\n|inactive|Nerd.HK has 20 seconds left.\n|inactive|Nerd.HK has 15 seconds left.\n|c|☆Nerd.HK|Basculegion will be smoked if I bring it now\n|inactive|Nerd.HK has 10 seconds left.\n|\n|t:|1788297594\n|move|p1b: SilverGateBridge|Electro Shot||[still]\n|-prepare|p1b: SilverGateBridge|Electro Shot\n|-boost|p1b: SilverGateBridge|spa|1\n|move|p2a: Milotic|Aqua Ring||[still]\n|-fail|p2a: Milotic\n|move|p1a: WantSomeTea?|Matcha Gotcha|p2b: Incineroar|[spread] p2a,p2b\n|-supereffective|p2a: Milotic|1\n|-resisted|p2b: Incineroar|1\n|-crit|p2b: Incineroar\n|-damage|p2a: Milotic|63/100\n|-heal|p1a: WantSomeTea?|87/100|[from] drain|[of] p2a: Milotic\n|-damage|p2b: Incineroar|24/100\n|-heal|p1a: WantSomeTea?|97/100|[from] drain|[of] p2b: Incineroar\n|move|p2b: Incineroar|Flare Blitz|p1a: WantSomeTea?\n|-supereffective|p1a: WantSomeTea?|1\n|-damage|p1a: WantSomeTea?|11/100\n|-status|p1a: WantSomeTea?|brn\n|-damage|p2b: Incineroar|0 fnt|[from] Recoil\n|faint|p2b: Incineroar\n|\n|-heal|p2a: Milotic|69/100|[from] item: Leftovers\n|-heal|p2a: Milotic|75/100|[from] Aqua Ring\n|-damage|p1a: WantSomeTea?|5/100 brn|[from] brn\n|-end|p1a: WantSomeTea?|Throat Chop|[silent]\n|upkeep\n|c|☆Cejota VGC|MISSCLICK\n|c|☆Cejota VGC|FUCK\n|\n|t:|1788297618\n|switch|p2b: Lucario|Lucario, L50, M|100/100\n|turn|10\n|\n|t:|1788297626\n|move|p2b: Lucario|Protect|p2b: Lucario\n|-singleturn|p2b: Lucario|Protect\n|move|p2a: Milotic|Protect|p2a: Milotic\n|-singleturn|p2a: Milotic|Protect\n|move|p1b: SilverGateBridge|Electro Shot|p2a: Milotic|[from] lockedmove\n|-activate|p2a: Milotic|move: Protect\n|move|p1a: WantSomeTea?|Strength Sap|p2b: Lucario\n|-activate|p2b: Lucario|move: Protect\n|\n|-heal|p2a: Milotic|81/100|[from] item: Leftovers\n|-heal|p2a: Milotic|87/100|[from] Aqua Ring\n|-damage|p1a: WantSomeTea?|0 fnt|[from] brn\n|faint|p1a: WantSomeTea?\n|upkeep\n|\n|t:|1788297639\n|switch|p1a: Scar|Basculegion, L50, M, shiny|100/100\n|turn|11\n|\n|t:|1788297657\n|detailschange|p2b: Lucario|Lucario-Mega, L50, M\n|-mega|p2b: Lucario|Lucario|Lucarionite\n|move|p1b: SilverGateBridge|Electro Shot||[still]\n|-prepare|p1b: SilverGateBridge|Electro Shot\n|-boost|p1b: SilverGateBridge|spa|1\n|move|p2b: Lucario|Aura Sphere|p1b: SilverGateBridge\n|-supereffective|p1b: SilverGateBridge|1\n|-damage|p1b: SilverGateBridge|0 fnt\n|faint|p1b: SilverGateBridge\n|move|p1a: Scar|Last Respects|p2a: Milotic\n|-damage|p2a: Milotic|6/100\n|move|p2a: Milotic|Aqua Ring||[still]\n|-fail|p2a: Milotic\n|\n|-heal|p2a: Milotic|12/100|[from] item: Leftovers\n|-heal|p2a: Milotic|18/100|[from] Aqua Ring\n|upkeep\n|turn|12\n|c|☆Cejota VGC|so it was stamina\n|c|☆Nerd.HK|Yes\n|c|☆Cejota VGC|I KEEP FORGETING ITS LIFE DEW\n|c|☆Cejota VGC|NOT AQUA RING\n|c|☆Cejota VGC|OOF\n|inactive|Nerd.HK has 30 seconds left.\n|inactive|Cejota VGC has 30 seconds left.\n|\n|t:|1788297691\n|move|p2b: Lucario|Protect|p2b: Lucario\n|-singleturn|p2b: Lucario|Protect\n|move|p2a: Milotic|Protect|p2a: Milotic\n|-singleturn|p2a: Milotic|Protect\n|move|p1a: Scar|Phantom Force||[still]\n|-prepare|p1a: Scar|Phantom Force\n|\n|-heal|p2a: Milotic|24/100|[from] item: Leftovers\n|-heal|p2a: Milotic|30/100|[from] Aqua Ring\n|upkeep\n|turn|13\n|c|☆Cejota VGC|PHANTOM FORCE BASCU?!\n|\n|t:|1788297708\n|switch|p2b: Sinistcha|Sinistcha, L50|10/100\n|-heal|p2a: Milotic|54/100|[from] ability: Hospitality|[of] p2b: Sinistcha\n|move|p1a: Scar|Phantom Force|p2a: Milotic|[from] lockedmove\n|-damage|p2a: Milotic|22/100\n|move|p2a: Milotic|Life Dew|p2a: Milotic|[spread] p2a,p2b\n|-heal|p2a: Milotic|47/100\n|-heal|p2b: Sinistcha|35/100\n|\n|-heal|p2a: Milotic|53/100|[from] item: Leftovers\n|-heal|p2a: Milotic|59/100|[from] Aqua Ring\n|upkeep\n|turn|14\n|c|☆Nerd.HK|For longevity\n|\n|t:|1788297727\n|move|p1a: Scar|Last Respects|p2b: Sinistcha\n|-supereffective|p2b: Sinistcha|1\n|-enditem|p2b: Sinistcha|Kasib Berry|[eat]\n|-enditem|p2b: Sinistcha|Kasib Berry|[weaken]\n|-damage|p2b: Sinistcha|0 fnt\n|faint|p2b: Sinistcha\n|move|p2a: Milotic|Scald|p1a: Scar\n|-resisted|p1a: Scar|1\n|-damage|p1a: Scar|83/100\n|\n|-heal|p2a: Milotic|65/100|[from] item: Leftovers\n|-heal|p2a: Milotic|71/100|[from] Aqua Ring\n|upkeep\n|\n|t:|1788297736\n|switch|p2b: Lucario|Lucario-Mega, L50, M|100/100\n|turn|15\n|\n|t:|1788297760\n|move|p2b: Lucario|Calm Mind|p2b: Lucario\n|-boost|p2b: Lucario|spa|1\n|-boost|p2b: Lucario|spd|1\n|move|p1a: Scar|Last Respects|p2b: Lucario\n|-damage|p2b: Lucario|0 fnt\n|faint|p2b: Lucario\n|move|p2a: Milotic|Scald|p1a: Scar\n|-resisted|p1a: Scar|1\n|-damage|p1a: Scar|65/100\n|\n|-heal|p2a: Milotic|77/100|[from] item: Leftovers\n|-heal|p2a: Milotic|83/100|[from] Aqua Ring\n|upkeep\n|turn|16\n|\n|t:|1788297774\n|move|p1a: Scar|Phantom Force||[still]\n|-prepare|p1a: Scar|Phantom Force\n|move|p2a: Milotic|Scald|p1a: Scar|[miss]\n|-miss|p2a: Milotic|p1a: Scar\n|\n|-heal|p2a: Milotic|89/100|[from] item: Leftovers\n|-heal|p2a: Milotic|95/100|[from] Aqua Ring\n|upkeep\n|turn|17\n|c|☆Cejota VGC|now who wins? super stall or super dmg?\n|\n|t:|1788297792\n|move|p1a: Scar|Phantom Force|p2a: Milotic|[from] lockedmove\n|-damage|p2a: Milotic|62/100\n|move|p2a: Milotic|Scald|p1a: Scar\n|-resisted|p1a: Scar|1\n|-damage|p1a: Scar|50/100g\n|\n|-heal|p2a: Milotic|68/100|[from] item: Leftovers\n|-heal|p2a: Milotic|74/100|[from] Aqua Ring\n|upkeep\n|turn|18\n|c|☆Cejota VGC|I just need a singular burn\n|inactive|Nerd.HK has 30 seconds left.\n|c|☆Nerd.HK|If you get a burn I still have 100 bp last respects\n|\n|t:|1788297826\n|move|p1a: Scar|Last Respects|p2a: Milotic\n|-damage|p2a: Milotic|2/100\n|move|p2a: Milotic|Scald|p1a: Scar\n|-resisted|p1a: Scar|1\n|-damage|p1a: Scar|34/100\n|\n|-heal|p2a: Milotic|8/100|[from] item: Leftovers\n|-heal|p2a: Milotic|14/100|[from] Aqua Ring\n|upkeep\n|turn|19\n|c|☆Nerd.HK|Yessssss\n|inactive|Cejota VGC has 30 seconds left.\n|\n|t:|1788297846\n|move|p2a: Milotic|Protect|p2a: Milotic\n|-singleturn|p2a: Milotic|Protect\n|move|p1a: Scar|Last Respects|p2a: Milotic\n|-activate|p2a: Milotic|move: Protect\n|\n|-heal|p2a: Milotic|20/100y|[from] item: Leftovers\n|-heal|p2a: Milotic|26/100|[from] Aqua Ring\n|upkeep\n|turn|20\n|inactive|Cejota VGC has 30 seconds left this turn.\n|inactive|Cejota VGC has 20 seconds left.\n|c|☆Cejota VGC|Please basculegion I need this\n|inactive|Cejota VGC has 15 seconds left.\n|c|☆Cejota VGC|My mom is kinda homeless\n|inactive|Cejota VGC has 10 seconds left.\n|\n|t:|1788297867\n|move|p1a: Scar|Last Respects|p2a: Milotic\n|-damage|p2a: Milotic|0 fnt\n|faint|p2a: Milotic\n|\n|win|Nerd.HK\n|raw|Nerd.HK's rating: 1226 &rarr; <strong>1248</strong><br />(+22 for winning)\n|raw|Cejota VGC's rating: 1182 &rarr; <strong>1160</strong><br />(-22 for losing)\n|c|☆Cejota VGC|gg\n|c|☆Nerd.HK|Gg\n|l|☆Cejota VGC\n|player|p2|\n|c|☆Nerd.HK|rematch?\n","uploadtime":1788297919,"views":"8","formatid":"gen9championsvgc2026regmb","rating":1160,"private":0,"password":null}