{"id":"gen9championsvgc2026regmbbo3-2674252382","format":"[Gen 9 Champions] VGC 2026 Reg M-B (Bo3)","players":["That_Leek","MessyBench"],"log":"|j|☆That_Leek\n|j|☆MessyBench\n|html|<table width=\"100%\"><tr><td align=\"left\">That_Leek</td><td align=\"right\">MessyBench</tr><tr><td align=\"left\"><i class=\"fa fa-circle\"></i> <i class=\"fa fa-circle-o\"></i> </td><td align=\"right\"><i class=\"fa fa-circle-o\"></i> <i class=\"fa fa-circle\"></i> </tr></table>\n|uhtml|bestof|<h2><strong>Game 3</strong> of <a href=\"/game-bestof3-gen9championsvgc2026regmbbo3-2674251188\">a best-of-3</a></h2>\n|t:|1788323844\n|gametype|doubles\n|player|p1|That_Leek|blue-masters|1129\n|player|p2|MessyBench|169|1332\n|gen|9\n|tier|[Gen 9 Champions] VGC 2026 Reg M-B (Bo3)\n|rated|\n|rule|Species Clause: Limit one of each Pokémon\n|rule|Item Clause: Limit 1 of each item\n|clearpoke\n|poke|p1|Raichu, L50, F|\n|poke|p1|Kingambit, L50, F|\n|poke|p1|Dragonite, L50, F|\n|poke|p1|Ninetales-Alola, L50, M|\n|poke|p1|Sylveon, L50, M|\n|poke|p1|Incineroar, L50, F|\n|poke|p2|Hawlucha, L50, F|\n|poke|p2|Vanilluxe, L50, F|\n|poke|p2|Milotic, L50, F|\n|poke|p2|Raichu, L50, F|\n|poke|p2|Sinistcha-Masterpiece, L50|\n|poke|p2|Scizor, L50, M|\n|teampreview|4\n|showteam|p1|Raichu||RaichuniteY|LightningRod|FakeOut,ZapCannon,FocusBlast,Protect|Timid||F|||50|]Kingambit||BlackGlasses|Defiant|KowtowCleave,SuckerPunch,Protect,SwordsDance|Adamant||F|||50|]Dragonite||LifeOrb|InnerFocus|DragonClaw,Tailwind,Superpower,Protect|Adamant||F|||50|]Ninetales-Alola||FocusSash|SnowWarning|Blizzard,IcyWind,Protect,FreezeDry|Timid||M|||50|]Sylveon||FairyFeather|Pixilate|HyperVoice,QuickAttack,CalmMind,Detect|Modest||M|||50|]Incineroar||LumBerry|Intimidate|FakeOut,FlareBlitz,PartingShot,ThroatChop|Impish||F|||50|\n|showteam|p2|Hawlucha||Hawluchanite|Limber|CloseCombat,StoneEdge,Protect,Entrainment|Jolly||F|||50|]Vanilluxe||ChoiceScarf|SnowWarning|Blizzard,IcyWind,FreezeDry,SheerCold|Modest||F|||50|]Milotic||Leftovers|Competitive|MuddyWater,IcyWind,Coil,Protect|Calm||F|||50|]Raichu||RaichuniteY|LightningRod|ZapCannon,FocusBlast,Protect,FakeOut|Timid||F|||50|]Sinistcha-Masterpiece||ColburBerry|Hospitality|MatchaGotcha,ShadowBall,RagePowder,TrickRoom|Calm|||||50|]Scizor||LifeOrb|Technician|BulletPunch,Protect,BugBite,CloseCombat|Adamant||M|||50|\n|\n|t:|1788323856\n|teamsize|p1|4\n|teamsize|p2|4\n|start\n|switch|p1a: Raichu|Raichu, L50, F|100/100\n|switch|p1b: Kingambit|Kingambit, L50, F|100/100\n|switch|p2a: Milotic|Milotic, L50, F|100/100\n|switch|p2b: Scizor|Scizor, L50, M|100/100\n|turn|1\n|\n|t:|1788323869\n|switch|p2a: Sinistcha|Sinistcha-Masterpiece, L50|100/100\n|move|p1a: Raichu|Fake Out|p2b: Scizor\n|-resisted|p2b: Scizor|1\n|-damage|p2b: Scizor|96/100\n|cant|p2b: Scizor|flinch\n|move|p1b: Kingambit|Swords Dance|p1b: Kingambit\n|-boost|p1b: Kingambit|atk|2\n|\n|upkeep\n|turn|2\n|\n|t:|1788323882\n|switch|p1a: Incineroar|Incineroar, L50, F|100/100\n|-ability|p1a: Incineroar|Intimidate|boost\n|-unboost|p2a: Sinistcha|atk|1\n|-unboost|p2b: Scizor|atk|1\n|move|p1b: Kingambit|Protect|p1b: Kingambit\n|-singleturn|p1b: Kingambit|Protect\n|move|p2a: Sinistcha|Rage Powder|p2a: Sinistcha\n|-singleturn|p2a: Sinistcha|move: Rage Powder\n|move|p2b: Scizor|Bug Bite|p1a: Incineroar\n|-damage|p1a: Incineroar|65/100\n|-enditem|p1a: Incineroar|Lum Berry|[from] stealeat|[move] Bug Bite|[of] p2b: Scizor\n|-damage|p2b: Scizor|86/100|[from] item: Life Orb\n|\n|upkeep\n|turn|3\n|\n|t:|1788323898\n|move|p1a: Incineroar|Fake Out|p2b: Scizor\n|-resisted|p2b: Scizor|1\n|-damage|p2b: Scizor|81/100\n|move|p2a: Sinistcha|Rage Powder|p2a: Sinistcha\n|-singleturn|p2a: Sinistcha|move: Rage Powder\n|cant|p2b: Scizor|flinch\n|move|p1b: Kingambit|Kowtow Cleave|p2a: Sinistcha\n|-supereffective|p2a: Sinistcha|1\n|-enditem|p2a: Sinistcha|Colbur Berry|[eat]\n|-enditem|p2a: Sinistcha|Colbur Berry|[weaken]\n|-damage|p2a: Sinistcha|0 fnt\n|faint|p2a: Sinistcha\n|\n|upkeep\n|\n|t:|1788323901\n|switch|p2a: Raichu|Raichu, L50, F|100/100\n|turn|4\n|\n|t:|1788323921\n|switch|p1a: Raichu|Raichu, L50, F|100/100\n|detailschange|p2a: Raichu|Raichu-Mega-Y, L50, F\n|-mega|p2a: Raichu|Raichu|Raichunite Y\n|move|p1b: Kingambit|Protect|p1b: Kingambit\n|-singleturn|p1b: Kingambit|Protect\n|move|p2a: Raichu|Focus Blast|p1a: Raichu\n|-damage|p1a: Raichu|50/100g\n|move|p2b: Scizor|Close Combat|p1b: Kingambit\n|-activate|p1b: Kingambit|move: Protect\n|\n|upkeep\n|turn|5\n|\n|t:|1788323943\n|move|p2a: Raichu|Protect|p2a: Raichu\n|-singleturn|p2a: Raichu|Protect\n|move|p2b: Scizor|Protect|p2b: Scizor\n|-singleturn|p2b: Scizor|Protect\n|move|p1a: Raichu|Fake Out|p2b: Scizor\n|-activate|p2b: Scizor|move: Protect\n|move|p1b: Kingambit|Sucker Punch||[still]\n|-fail|p1b: Kingambit\n|\n|upkeep\n|turn|6\n|\n|t:|1788323969\n|switch|p2a: Milotic|Milotic, L50, F|100/100\n|detailschange|p1a: Raichu|Raichu-Mega-Y, L50, F\n|-mega|p1a: Raichu|Raichu|Raichunite Y\n|move|p1b: Kingambit|Protect|p1b: Kingambit\n|-singleturn|p1b: Kingambit|Protect\n|move|p2b: Scizor|Bullet Punch|p1a: Raichu\n|-resisted|p1a: Raichu|1\n|-damage|p1a: Raichu|26/100\n|-damage|p2b: Scizor|71/100|[from] item: Life Orb\n|move|p1a: Raichu|Zap Cannon|p2b: Scizor\n|-damage|p2b: Scizor|0 fnt\n|faint|p2b: Scizor\n|\n|upkeep\n|\n|t:|1788323971\n|switch|p2b: Raichu|Raichu-Mega-Y, L50, F|100/100\n|turn|7\n|\n|t:|1788323982\n|move|p1b: Kingambit|Sucker Punch|p2b: Raichu\n|-damage|p2b: Raichu|0 fnt\n|faint|p2b: Raichu\n|move|p1a: Raichu|Zap Cannon|p2a: Milotic\n|-supereffective|p2a: Milotic|1\n|-damage|p2a: Milotic|10/100\n|-status|p2a: Milotic|par\n|move|p2a: Milotic|Muddy Water|p1a: Raichu|[spread] p1a\n|-miss|p2a: Milotic|p1b: Kingambit\n|-damage|p1a: Raichu|0 fnt\n|faint|p1a: Raichu\n|\n|-heal|p2a: Milotic|16/100 par|[from] item: Leftovers\n|upkeep\n|\n|t:|1788323986\n|switch|p1a: Sylveon|Sylveon, L50, M|100/100\n|turn|8\n|\n|t:|1788323990\n|move|p1a: Sylveon|Hyper Voice|p2a: Milotic\n|-damage|p2a: Milotic|0 fnt\n|faint|p2a: Milotic\n|\n|win|That_Leek\n|raw|That_Leek's rating: 1129 &rarr; <strong>1167</strong><br />(+38 for winning)\n|raw|MessyBench's rating: 1332 &rarr; <strong>1301</strong><br />(-31 for losing)\n|l|☆That_Leek\n|player|p1|\n|l|☆MessyBench\n|player|p2|\n|j|☆That_Leek\n|player|p1|That_Leek|blue-masters|\n","uploadtime":1788323993,"views":"0","formatid":"gen9championsvgc2026regmbbo3","rating":1167,"private":0,"password":null}