{"id":"gen9championsvgc2026regmbbo3-2673545550","format":"[Gen 9 Champions] VGC 2026 Reg M-B (Bo3)","players":["gyaradosagent93","reshiee"],"log":"|j|☆gyaradosagent93\n|j|☆reshiee\n|html|<table width=\"100%\"><tr><td align=\"left\">gyaradosagent93</td><td align=\"right\">reshiee</tr><tr><td align=\"left\"><i class=\"fa fa-circle-o\"></i> <i class=\"fa fa-circle-o\"></i> </td><td align=\"right\"><i class=\"fa fa-circle-o\"></i> <i class=\"fa fa-circle-o\"></i> </tr></table>\n|uhtml|bestof|<h2><strong>Game 1</strong> of <a href=\"/game-bestof3-gen9championsvgc2026regmbbo3-2673545549\">a best-of-3</a></h2>\n|t:|1788211204\n|gametype|doubles\n|player|p1|gyaradosagent93|1|1237\n|player|p2|reshiee|gwynn|1165\n|gen|9\n|tier|[Gen 9 Champions] VGC 2026 Reg M-B (Bo3)\n|rated|\n|rule|Species Clause: Limit one of each Pokémon\n|rule|Item Clause: Limit 1 of each item\n|clearpoke\n|poke|p1|Dragonite, L50, M|\n|poke|p1|Kingambit, L50, M|\n|poke|p1|Whimsicott, L50, M|\n|poke|p1|Ninetales-Alola, L50, M|\n|poke|p1|Glimmora, L50, F|\n|poke|p1|Basculegion, L50, M|\n|poke|p2|Charizard, L50, M, shiny|\n|poke|p2|Pelipper, L50, F, shiny|\n|poke|p2|Archaludon, L50, F, shiny|\n|poke|p2|Venusaur, L50, M|\n|poke|p2|Swampert, L50, F|\n|poke|p2|Grimmsnarl, L50, M, shiny|\n|teampreview|4\n|showteam|p1|Dragonite||Dragoninite|InnerFocus|DragonPulse,HeatWave,Thunderbolt,Protect|Modest||M|||50|]Kingambit||ChopleBerry|Defiant|KowtowCleave,IronHead,LowKick,SuckerPunch|Adamant||M|||50|]Whimsicott||FocusSash|Prankster|Moonblast,Tailwind,Encore,Protect|Timid||M|||50|]Ninetales-Alola||NeverMeltIce|SnowWarning|Blizzard,FreezeDry,AuroraVeil,Protect|Timid||M|||50|]Glimmora||Glimmoranite|ToxicDebris|PowerGem,SludgeBomb,EarthPower,SpikyShield|Modest||F|||50|]Basculegion||LifeOrb|Adaptability|WaveCrash,LastRespects,AquaJet,Protect|Adamant||M|||50|\n|showteam|p2|Charizard||CharizarditeY|Blaze|Protect,HeatWave,WeatherBall,Hurricane|Modest||M|||50|]Pelipper||SitrusBerry|Drizzle|Hurricane,WeatherBall,Tailwind,WideGuard|Modest||F|||50|]Archaludon||Leftovers|Stamina|Protect,ElectroShot,DragonPulse,FlashCannon|Calm||F|||50|]Venusaur||FocusSash|Chlorophyll|Protect,SleepPowder,SludgeBomb,LeafStorm|Modest||M|||50|]Swampert||Swampertite|Torrent|Protect,WaveCrash,Earthquake,IcePunch|Adamant||F|||50|]Grimmsnarl||LightClay|Prankster|SpiritBreak,Reflect,LightScreen,PartingShot|Sassy||M|||50|\n|c|☆reshiee|glhf\n|\n|t:|1788211257\n|teamsize|p1|4\n|teamsize|p2|4\n|start\n|switch|p1a: Whimsicott|Whimsicott, L50, M|100/100\n|switch|p1b: Glimmora|Glimmora, L50, F|100/100\n|switch|p2a: Grimmsnarl|Grimmsnarl, L50, M, shiny|100/100\n|switch|p2b: Pelipper|Pelipper, L50, F, shiny|100/100\n|-weather|RainDance|[from] ability: Drizzle|[of] p2b: Pelipper\n|turn|1\n|c|☆gyaradosagent93|u2\n|\n|t:|1788211300\n|switch|p1a: Ninetales|Ninetales-Alola, L50, M|100/100\n|-weather|Snowscape|[from] ability: Snow Warning|[of] p1a: Ninetales\n|switch|p2b: Archaludon|Archaludon, L50, F, shiny|100/100\n|detailschange|p1b: Glimmora|Glimmora-Mega, L50, F\n|-mega|p1b: Glimmora|Glimmora|Glimmoranite\n|move|p2a: Grimmsnarl|Light Screen|p2a: Grimmsnarl\n|-sidestart|p2: reshiee|move: Light Screen\n|move|p1b: Glimmora|Power Gem|p2b: Archaludon\n|-resisted|p2b: Archaludon|1\n|-damage|p2b: Archaludon|80/100\n|-ability|p2b: Archaludon|Stamina|boost\n|-boost|p2b: Archaludon|def|1\n|\n|-weather|Snowscape|[upkeep]\n|-heal|p2b: Archaludon|86/100|[from] item: Leftovers\n|upkeep\n|turn|2\n|\n|t:|1788211338\n|move|p1a: Ninetales|Protect|p1a: Ninetales\n|-singleturn|p1a: Ninetales|Protect\n|move|p1b: Glimmora|Spiky Shield|p1b: Glimmora\n|-singleturn|p1b: Glimmora|move: Protect\n|move|p2a: Grimmsnarl|Parting Shot|p1a: Ninetales\n|-activate|p1a: Ninetales|move: Protect\n|move|p2b: Archaludon|Flash Cannon|p1b: Glimmora\n|-activate|p1b: Glimmora|move: Protect\n|\n|-weather|Snowscape|[upkeep]\n|-heal|p2b: Archaludon|92/100|[from] item: Leftovers\n|upkeep\n|turn|3\n|\n|t:|1788211374\n|switch|p1a: Whimsicott|Whimsicott, L50, M|100/100\n|switch|p1b: Basculegion|Basculegion, L50, M|100/100\n|move|p2a: Grimmsnarl|Parting Shot|p1b: Basculegion\n|-unboost|p1b: Basculegion|atk|1\n|-unboost|p1b: Basculegion|spa|1\n|\n|t:|1788211382\n|switch|p2a: Pelipper|Pelipper, L50, F, shiny|100/100|[from] Parting Shot\n|-weather|RainDance|[from] ability: Drizzle|[of] p2a: Pelipper\n|move|p2b: Archaludon|Flash Cannon|p1a: Whimsicott\n|-supereffective|p1a: Whimsicott|1\n|-enditem|p1a: Whimsicott|Focus Sash\n|-damage|p1a: Whimsicott|1/100\n|\n|-weather|RainDance|[upkeep]\n|-heal|p2b: Archaludon|98/100|[from] item: Leftovers\n|upkeep\n|turn|4\n|l|☆gyaradosagent93\n|player|p1|\n|\n|t:|1788211415\n|switch|p1b: Ninetales|Ninetales-Alola, L50, M|100/100\n|-weather|Snowscape|[from] ability: Snow Warning|[of] p1b: Ninetales\n|switch|p2a: Grimmsnarl|Grimmsnarl, L50, M, shiny|100/100\n|move|p1a: Whimsicott|Protect|p1a: Whimsicott\n|-singleturn|p1a: Whimsicott|Protect\n|move|p2b: Archaludon|Flash Cannon|p1a: Whimsicott\n|-activate|p1a: Whimsicott|move: Protect\n|\n|-weather|Snowscape|[upkeep]\n|-heal|p2b: Archaludon|100/100|[from] item: Leftovers\n|upkeep\n|turn|5\n|j|☆gyaradosagent93\n|player|p1|gyaradosagent93|1|\n|\n|t:|1788211447\n|switch|p1b: Basculegion|Basculegion, L50, M|100/100\n|switch|p2a: Pelipper|Pelipper, L50, F, shiny|100/100\n|-weather|RainDance|[from] ability: Drizzle|[of] p2a: Pelipper\n|move|p1a: Whimsicott|Tailwind|p1a: Whimsicott\n|-sidestart|p1: gyaradosagent93|move: Tailwind\n|move|p2b: Archaludon|Electro Shot||[still]\n|-prepare|p2b: Archaludon|Electro Shot\n|-boost|p2b: Archaludon|spa|1\n|-anim|p2b: Archaludon|Electro Shot|p1a: Whimsicott\n|-resisted|p1a: Whimsicott|1\n|-damage|p1a: Whimsicott|0 fnt\n|faint|p1a: Whimsicott\n|\n|-weather|RainDance|[upkeep]\n|upkeep\n|\n|t:|1788211460\n|switch|p1a: Ninetales|Ninetales-Alola, L50, M|100/100\n|-weather|Snowscape|[from] ability: Snow Warning|[of] p1a: Ninetales\n|turn|6\n|\n|t:|1788211484\n|switch|p2a: Grimmsnarl|Grimmsnarl, L50, M, shiny|100/100\n|move|p1a: Ninetales|Protect|p1a: Ninetales\n|-singleturn|p1a: Ninetales|Protect\n|move|p1b: Basculegion|Last Respects|p2b: Archaludon\n|-damage|p2b: Archaludon|56/100\n|-ability|p2b: Archaludon|Stamina|boost\n|-boost|p2b: Archaludon|def|1\n|-damage|p1b: Basculegion|90/100|[from] item: Life Orb\n|move|p2b: Archaludon|Flash Cannon|p1a: Ninetales\n|-activate|p1a: Ninetales|move: Protect\n|\n|-weather|Snowscape|[upkeep]\n|-heal|p2b: Archaludon|62/100|[from] item: Leftovers\n|upkeep\n|turn|7\n|\n|t:|1788211523\n|switch|p1a: Glimmora|Glimmora-Mega, L50, F|100/100\n|move|p2a: Grimmsnarl|Reflect|p2a: Grimmsnarl\n|-sidestart|p2: reshiee|Reflect\n|move|p1b: Basculegion|Last Respects|p2a: Grimmsnarl\n|-resisted|p2a: Grimmsnarl|1\n|-damage|p2a: Grimmsnarl|69/100\n|-damage|p1b: Basculegion|80/100|[from] item: Life Orb\n|move|p2b: Archaludon|Flash Cannon|p1a: Glimmora\n|-supereffective|p1a: Glimmora|1\n|-damage|p1a: Glimmora|0 fnt\n|faint|p1a: Glimmora\n|\n|-weather|Snowscape|[upkeep]\n|-heal|p2b: Archaludon|68/100|[from] item: Leftovers\n|upkeep\n|\n|t:|1788211536\n|switch|p1a: Ninetales|Ninetales-Alola, L50, M|100/100\n|turn|8\n|\n|t:|1788211564\n|switch|p2a: Pelipper|Pelipper, L50, F, shiny|100/100\n|-weather|RainDance|[from] ability: Drizzle|[of] p2a: Pelipper\n|move|p1b: Basculegion|Protect|p1b: Basculegion\n|-singleturn|p1b: Basculegion|Protect\n|move|p1a: Ninetales|Freeze-Dry|p2a: Pelipper\n|-supereffective|p2a: Pelipper|2\n|-crit|p2a: Pelipper\n|-damage|p2a: Pelipper|0 fnt\n|faint|p2a: Pelipper\n|move|p2b: Archaludon|Electro Shot||[still]\n|-prepare|p2b: Archaludon|Electro Shot\n|-boost|p2b: Archaludon|spa|1\n|-anim|p2b: Archaludon|Electro Shot|p1b: Basculegion\n|-activate|p1b: Basculegion|move: Protect\n|\n|-weather|RainDance|[upkeep]\n|-heal|p2b: Archaludon|74/100|[from] item: Leftovers\n|-sideend|p2: reshiee|move: Light Screen\n|-sideend|p1: gyaradosagent93|move: Tailwind\n|upkeep\n|\n|t:|1788211581\n|switch|p2a: Swampert|Swampert, L50, F|100/100\n|turn|9\n|\n|t:|1788211595\n|detailschange|p2a: Swampert|Swampert-Mega, L50, F\n|-mega|p2a: Swampert|Swampert|Swampertite\n|move|p2a: Swampert|Wave Crash|p1a: Ninetales\n|-damage|p1a: Ninetales|0 fnt\n|faint|p1a: Ninetales\n|-damage|p2a: Swampert|73/100|[from] Recoil\n|move|p1b: Basculegion|Last Respects|p2b: Archaludon\n|-damage|p2b: Archaludon|30/100\n|-ability|p2b: Archaludon|Stamina|boost\n|-boost|p2b: Archaludon|def|1\n|-damage|p1b: Basculegion|71/100|[from] item: Life Orb\n|move|p2b: Archaludon|Electro Shot||[still]\n|-prepare|p2b: Archaludon|Electro Shot\n|-boost|p2b: Archaludon|spa|1\n|-anim|p2b: Archaludon|Electro Shot|p1b: Basculegion\n|-supereffective|p1b: Basculegion|1\n|-damage|p1b: Basculegion|0 fnt\n|faint|p1b: Basculegion\n|\n|win|reshiee\n|inactive|gyaradosagent93 has 30 seconds to confirm battle start!\n|inactive|reshiee has 30 seconds to confirm battle start!\n||gyaradosagent93 is ready for game 2.\n|j| Pokecraft15\n|l| Pokecraft15\n|inactive|reshiee has 20 seconds to confirm battle start!\n||reshiee is ready for game 2.\n|uhtml|next|Next: <a href=\"/battle-gen9championsvgc2026regmbbo3-2673548573\"><strong>Game 2 of 3</strong></a>\n","uploadtime":1788211613,"views":"3","formatid":"gen9championsvgc2026regmbbo3","rating":null,"private":0,"password":null}