{"id":"gen9championsvgc2026regmb-2674839165","format":"[Gen 9 Champions] VGC 2026 Reg M-B","players":["machuey","bruhdnigerian"],"log":"|j|☆machuey\n|j|☆bruhdnigerian\n|t:|1788418226\n|gametype|doubles\n|player|p1|machuey|red|1222\n|player|p2|bruhdnigerian|lance|1140\n|gen|9\n|tier|[Gen 9 Champions] VGC 2026 Reg M-B\n|rated|\n|rule|Species Clause: Limit one of each Pokémon\n|rule|Item Clause: Limit 1 of each item\n|clearpoke\n|poke|p1|Whimsicott, L50, M, shiny|\n|poke|p1|Ceruledge, L50, F|\n|poke|p1|Charizard, L50, M|\n|poke|p1|Metagross, L50, shiny|\n|poke|p1|Garchomp, L50, F|\n|poke|p1|Sneasler, L50, M, shiny|\n|poke|p2|Pangoro, L50, F|\n|poke|p2|Spiritomb, L50, F|\n|poke|p2|Gliscor, L50, F|\n|poke|p2|Araquanid, L50, F|\n|poke|p2|Maushold-Four, L50|\n|poke|p2|Gholdengo, L50|\n|teampreview|4\n|inactive|Battle timer is ON: inactive players will automatically lose when time's up. (requested by bruhdnigerian)\nbruhdnigerian has agreed to open team sheets.\n|inactive|machuey has 60 seconds left.\n|\n|t:|1788418271\n|teamsize|p1|4\n|teamsize|p2|4\n|start\n|switch|p1a: Sneasler|Sneasler, L50, M, shiny|100/100\n|switch|p1b: Charizard|Charizard, L50, M|100/100\n|switch|p2a: Gliscor|Gliscor, L50, F|100/100\n|switch|p2b: Maushold|Maushold-Four, L50|100/100\n|-ability|p1a: Sneasler|Pressure\n|turn|1\n|inactive|machuey has 30 seconds left.\n|\n|t:|1788418301\n|detailschange|p1b: Charizard|Charizard-Mega-Y, L50, M\n|-mega|p1b: Charizard|Charizard|Charizardite Y\n|-weather|SunnyDay|[from] ability: Drought|[of] p1b: Charizard\n|move|p1a: Sneasler|Fake Out|p2a: Gliscor\n|-damage|p2a: Gliscor|88/100\n|move|p2b: Maushold|Feint|p1b: Charizard\n|-damage|p1b: Charizard|76/100\n|move|p1b: Charizard|Heat Wave|p2a: Gliscor|[spread] p2a\n|-miss|p1b: Charizard|p2b: Maushold\n|-damage|p2a: Gliscor|13/100\n|cant|p2a: Gliscor|flinch\n|\n|-weather|SunnyDay|[upkeep]\n|upkeep\n|turn|2\n|\n|t:|1788418325\n|move|p2a: Gliscor|Protect|p2a: Gliscor\n|-singleturn|p2a: Gliscor|Protect\n|move|p2b: Maushold|Feint|p1b: Charizard\n|-damage|p1b: Charizard|50/100g\n|move|p1a: Sneasler|Close Combat|p2b: Maushold\n|-supereffective|p2b: Maushold|1\n|-damage|p2b: Maushold|0 fnt\n|-unboost|p1a: Sneasler|def|1\n|-unboost|p1a: Sneasler|spd|1\n|faint|p2b: Maushold\n|-enditem|p1a: Sneasler|White Herb\n|-clearnegativeboost|p1a: Sneasler|[silent]\n|move|p1b: Charizard|Heat Wave|p2a: Gliscor\n|-activate|p2a: Gliscor|move: Protect\n|\n|-weather|SunnyDay|[upkeep]\n|upkeep\n|\n|t:|1788418333\n|switch|p2b: Spiritomb|Spiritomb, L50, F|100/100\n|turn|3\n|\n|t:|1788418354\n|switch|p1a: Whimsicott|Whimsicott, L50, M, shiny|100/100\n|move|p2a: Gliscor|Protect||[still]\n|-fail|p2a: Gliscor\n|move|p1b: Charizard|Heat Wave|p2a: Gliscor|[spread] p2a,p2b\n|-damage|p2a: Gliscor|0 fnt\n|-damage|p2b: Spiritomb|50/100g\n|faint|p2a: Gliscor\n|move|p2b: Spiritomb|Trick Room|p2b: Spiritomb\n|-fieldstart|move: Trick Room|[of] p2b: Spiritomb\n|\n|-weather|SunnyDay|[upkeep]\n|upkeep\n|\n|t:|1788418356\n|switch|p2a: Pangoro|Pangoro, L50, F|100/100\n|turn|4\n|\n|t:|1788418374\n|move|p1b: Charizard|Protect|p1b: Charizard\n|-singleturn|p1b: Charizard|Protect\n|move|p1a: Whimsicott|Encore|p2b: Spiritomb\n|-hint|Since gen 7, Dark is immune to Prankster moves.\n|-immune|p2b: Spiritomb\n|move|p2b: Spiritomb|Hex|p1a: Whimsicott\n|-damage|p1a: Whimsicott|70/100\n|move|p2a: Pangoro|Poison Jab|p1a: Whimsicott\n|-supereffective|p1a: Whimsicott|2\n|-damage|p1a: Whimsicott|0 fnt\n|faint|p1a: Whimsicott\n|\n|-weather|SunnyDay|[upkeep]\n|upkeep\n|\n|t:|1788418391\n|switch|p1a: Sneasler|Sneasler, L50, M, shiny|100/100\n|-ability|p1a: Sneasler|Pressure\n|turn|5\n|inactive|bruhdnigerian has 30 seconds left.\n|inactive|bruhdnigerian has 20 seconds left.\n|inactive|bruhdnigerian has 15 seconds left.\n|\n|t:|1788418432\n|move|p2a: Pangoro|Protect|p2a: Pangoro\n|-singleturn|p2a: Pangoro|Protect\n|move|p1a: Sneasler|Fake Out|p2a: Pangoro\n|-activate|p2a: Pangoro|move: Protect\n|move|p2b: Spiritomb|Will-O-Wisp|p1a: Sneasler\n|-status|p1a: Sneasler|brn\n|move|p1b: Charizard|Heat Wave|p2a: Pangoro|[spread] \n|-activate|p2a: Pangoro|move: Protect\n|-miss|p1b: Charizard|p2b: Spiritomb\n|\n|-weather|none\n|-damage|p1a: Sneasler|94/100 brn|[from] brn\n|upkeep\n|turn|6\n|inactive|machuey has 30 seconds left.\n|inactive|machuey has 20 seconds left.\n|\n|t:|1788418467\n|move|p2b: Spiritomb|Hex|p1b: Charizard\n|-damage|p1b: Charizard|29/100\n|move|p2a: Pangoro|Knock Off|p1b: Charizard\n|-damage|p1b: Charizard|0 fnt\n|faint|p1b: Charizard\n|move|p1a: Sneasler|Close Combat|p2a: Pangoro\n|-supereffective|p2a: Pangoro|1\n|-damage|p2a: Pangoro|37/100\n|-unboost|p1a: Sneasler|def|1\n|-unboost|p1a: Sneasler|spd|1\n|\n|-damage|p1a: Sneasler|88/100 brn|[from] brn\n|upkeep\n|\n|t:|1788418475\n|switch|p1b: Ceruledge|Ceruledge, L50, F|100/100\n|turn|7\n|inactive|bruhdnigerian has 30 seconds left.\n|\n|t:|1788418502\n|move|p1b: Ceruledge|Protect|p1b: Ceruledge\n|-singleturn|p1b: Ceruledge|Protect\n|move|p2b: Spiritomb|Hex|p1a: Sneasler\n|-damage|p1a: Sneasler|8/100 brn\n|move|p2a: Pangoro|Knock Off|p1b: Ceruledge\n|-activate|p1b: Ceruledge|move: Protect\n|move|p1a: Sneasler|Coaching|p1b: Ceruledge\n|-boost|p1b: Ceruledge|atk|1\n|-boost|p1b: Ceruledge|def|1\n|\n|-damage|p1a: Sneasler|2/100 brn|[from] brn\n|-fieldend|move: Trick Room\n|upkeep\n|turn|8\n|\n|t:|1788418519\n|move|p2a: Pangoro|Protect|p2a: Pangoro\n|-singleturn|p2a: Pangoro|Protect\n|move|p1a: Sneasler|Close Combat|p2a: Pangoro\n|-activate|p2a: Pangoro|move: Protect\n|move|p1b: Ceruledge|Bitter Blade|p2b: Spiritomb\n|-damage|p2b: Spiritomb|0 fnt\n|faint|p2b: Spiritomb\n|\n|-damage|p1a: Sneasler|0 fnt|[from] brn\n|faint|p1a: Sneasler\n|upkeep\n|turn|9\n|\n|t:|1788418542\n|move|p1b: Ceruledge|Bitter Blade|p2a: Pangoro\n|-damage|p2a: Pangoro|0 fnt\n|faint|p2a: Pangoro\n|\n|win|machuey\n|raw|machuey's rating: 1222 &rarr; <strong>1241</strong><br />(+19 for winning)\n|raw|bruhdnigerian's rating: 1140 &rarr; <strong>1121</strong><br />(-19 for losing)\n|l|☆machuey\n|player|p1|\n","uploadtime":1788418574,"views":"7","formatid":"gen9championsvgc2026regmb","rating":1121,"private":0,"password":null}