{"id":"gen9championsvgc2026regmbbo3-2674523778","format":"[Gen 9 Champions] VGC 2026 Reg M-B (Bo3)","players":["mousemaxxing","D1EG012"],"log":"|j|☆mousemaxxing\n|j|☆D1EG012\n|html|<table width=\"100%\"><tr><td align=\"left\">mousemaxxing</td><td align=\"right\">D1EG012</tr><tr><td align=\"left\"><i class=\"fa fa-circle\"></i> <i class=\"fa fa-circle-o\"></i> </td><td align=\"right\"><i class=\"fa fa-circle-o\"></i> <i class=\"fa fa-circle-o\"></i> </tr></table>\n|uhtml|bestof|<h2><strong>Game 2</strong> of <a href=\"/game-bestof3-gen9championsvgc2026regmbbo3-2674520794\">a best-of-3</a></h2>\n|t:|1788369840\n|gametype|doubles\n|player|p1|mousemaxxing|gwynn|\n|player|p2|D1EG012|1|\n|gen|9\n|tier|[Gen 9 Champions] VGC 2026 Reg M-B (Bo3)\n|rule|Species Clause: Limit one of each Pokémon\n|rule|Item Clause: Limit 1 of each item\n|clearpoke\n|poke|p1|Blaziken, L50, F|\n|poke|p1|Froslass, L50, F|\n|poke|p1|Kingambit, L50, F|\n|poke|p1|Sinistcha, L50|\n|poke|p1|Sneasler, L50, F|\n|poke|p1|Incineroar, L50, M|\n|poke|p2|Milotic, L50, F|\n|poke|p2|Incineroar, L50, F|\n|poke|p2|Sinistcha, L50|\n|poke|p2|Golurk, L50|\n|poke|p2|Farigiraf, L50, M|\n|poke|p2|Sylveon, L50, M|\n|teampreview|4\n|showteam|p1|Blaziken||Blazikenite|SpeedBoost|Detect,FlareBlitz,CloseCombat,RockSlide|Adamant||F|||50|]Froslass||Froslassite|CursedBody|Blizzard,ShadowBall,AuroraVeil,Protect|Timid||F|||50|]Kingambit||BlackGlasses|Defiant|KowtowCleave,SwordsDance,Protect,SuckerPunch|Adamant||F|||50|]Sinistcha||OccaBerry|Hospitality|ShadowBall,MatchaGotcha,RagePowder,TrickRoom|Bold|||||50|]Sneasler||WhiteHerb|Unburden|CloseCombat,GunkShot,Protect,FakeOut|Adamant||F|||50|]Incineroar||SitrusBerry|Intimidate|PartingShot,FlareBlitz,HelpingHand,FakeOut|Impish||M|||50|\n|showteam|p2|Milotic||Leftovers|Competitive|Protect,Recover,MuddyWater,IceBeam|Modest||F|||50|]Incineroar||SitrusBerry|Intimidate|FakeOut,PartingShot,FlareBlitz,DarkestLariat|Adamant||F|||50|]Sinistcha||KasibBerry|Hospitality|TrickRoom,ShadowBall,MatchaGotcha,RagePowder|Sassy|||||50|]Golurk||Golurkite|IronFist|Protect,Poltergeist,HighHorsepower,RockSlide|Brave|||||50|]Farigiraf||ColburBerry|ArmorTail|TrickRoom,Protect,Thunderbolt,TwinBeam|Relaxed||M|||50|]Sylveon||FairyFeather|Pixilate|HyperBeam,HyperVoice,QuickAttack,Detect|Modest||M|||50|\n|inactive|Battle timer is ON: inactive players will automatically lose when time's up. (requested by mousemaxxing)\n|inactive|mousemaxxing has 60 seconds left.\n|\n|t:|1788369877\n|teamsize|p1|4\n|teamsize|p2|4\n|start\n|switch|p1a: Kingambit|Kingambit, L50, F|100/100\n|switch|p1b: Froslass|Froslass, L50, F|100/100\n|switch|p2a: Golurk|Golurk, L50|100/100\n|switch|p2b: Farigiraf|Farigiraf, L50, M|100/100\n|turn|1\n|inactive|mousemaxxing has 30 seconds left.\n|inactive|D1EG012 has 30 seconds left.\n|\n|t:|1788369907\n|detailschange|p1b: Froslass|Froslass-Mega, L50, F\n|-mega|p1b: Froslass|Froslass|Froslassite\n|-weather|Snowscape|[from] ability: Snow Warning|[of] p1b: Froslass\n|detailschange|p2a: Golurk|Golurk-Mega, L50\n|-mega|p2a: Golurk|Golurk|Golurkite\n|move|p1b: Froslass|Aurora Veil|p1b: Froslass\n|-sidestart|p1: mousemaxxing|move: Aurora Veil\n|move|p2b: Farigiraf|Thunderbolt|p1a: Kingambit\n|-damage|p1a: Kingambit|85/100\n|move|p1a: Kingambit|Swords Dance|p1a: Kingambit\n|-boost|p1a: Kingambit|atk|2\n|move|p2a: Golurk|High Horsepower|p1a: Kingambit\n|-supereffective|p1a: Kingambit|1\n|-damage|p1a: Kingambit|17/100\n|\n|-weather|Snowscape|[upkeep]\n|upkeep\n|turn|2\n|inactive|mousemaxxing has 30 seconds left.\n|\n|t:|1788369938\n|move|p2a: Golurk|Protect|p2a: Golurk\n|-singleturn|p2a: Golurk|Protect\n|move|p1b: Froslass|Blizzard|p2a: Golurk|[spread] p2b\n|-activate|p2a: Golurk|move: Protect\n|-damage|p2b: Farigiraf|61/100\n|move|p1a: Kingambit|Kowtow Cleave|p2b: Farigiraf\n|-supereffective|p2b: Farigiraf|1\n|-enditem|p2b: Farigiraf|Colbur Berry|[eat]\n|-enditem|p2b: Farigiraf|Colbur Berry|[weaken]\n|-damage|p2b: Farigiraf|0 fnt\n|faint|p2b: Farigiraf\n|\n|-weather|Snowscape|[upkeep]\n|upkeep\n|\n|t:|1788369950\n|switch|p2b: Milotic|Milotic, L50, F|100/100\n|turn|3\n|inactive|mousemaxxing has 30 seconds left.\n|\n|t:|1788369975\n|switch|p2a: Sinistcha|Sinistcha, L50|100/100\n|move|p1a: Kingambit|Sucker Punch||[still]\n|-fail|p1a: Kingambit\n|move|p1b: Froslass|Blizzard|p2a: Sinistcha|[spread] p2a,p2b\n|-supereffective|p2a: Sinistcha|1\n|-resisted|p2b: Milotic|1\n|-damage|p2a: Sinistcha|25/100\n|-damage|p2b: Milotic|86/100\n|move|p2b: Milotic|Muddy Water|p1a: Kingambit|[spread] p1a\n|-miss|p2b: Milotic|p1b: Froslass\n|-damage|p1a: Kingambit|0 fnt\n|faint|p1a: Kingambit\n|\n|-weather|Snowscape|[upkeep]\n|-heal|p2b: Milotic|92/100|[from] item: Leftovers\n|upkeep\n|\n|t:|1788369988\n|switch|p1a: Sneasler|Sneasler, L50, F|100/100\n|turn|4\n|\n|t:|1788370005\n|move|p1b: Froslass|Blizzard|p2b: Milotic|[spread] p2a,p2b\n|-supereffective|p2a: Sinistcha|1\n|-resisted|p2b: Milotic|1\n|-damage|p2a: Sinistcha|0 fnt\n|-damage|p2b: Milotic|79/100\n|faint|p2a: Sinistcha\n|move|p1a: Sneasler|Close Combat|p2b: Milotic\n|-damage|p2b: Milotic|8/100\n|-unboost|p1a: Sneasler|def|1\n|-unboost|p1a: Sneasler|spd|1\n|-enditem|p1a: Sneasler|White Herb\n|-clearnegativeboost|p1a: Sneasler|[silent]\n|move|p2b: Milotic|Muddy Water|p1a: Sneasler|[spread] p1a,p1b\n|-damage|p1a: Sneasler|73/100\n|-damage|p1b: Froslass|80/100\n|\n|-weather|Snowscape|[upkeep]\n|-heal|p2b: Milotic|14/100|[from] item: Leftovers\n|upkeep\n|\n|t:|1788370019\n|switch|p2a: Golurk|Golurk-Mega, L50|100/100\n|turn|5\n|\n|t:|1788370033\n|move|p1a: Sneasler|Close Combat|p2b: Milotic\n|-damage|p2b: Milotic|0 fnt\n|-unboost|p1a: Sneasler|def|1\n|-unboost|p1a: Sneasler|spd|1\n|faint|p2b: Milotic\n|move|p1b: Froslass|Blizzard|p2a: Golurk\n|-supereffective|p2a: Golurk|1\n|-damage|p2a: Golurk|7/100\n|move|p2a: Golurk|High Horsepower|p1a: Sneasler\n|-supereffective|p1a: Sneasler|1\n|-damage|p1a: Sneasler|0 fnt\n|faint|p1a: Sneasler\n|\n|-weather|none\n|-sideend|p1: mousemaxxing|move: Aurora Veil\n|upkeep\n|\n|t:|1788370042\n|switch|p1a: Sinistcha|Sinistcha, L50|100/100\n|-heal|p1b: Froslass|100/100|[from] ability: Hospitality|[of] p1a: Sinistcha\n|turn|6\n|c|☆mousemaxxing|ggs!\n|\n|t:|1788370051\n|move|p1b: Froslass|Shadow Ball|p2a: Golurk\n|-supereffective|p2a: Golurk|1\n|-damage|p2a: Golurk|0 fnt\n|faint|p2a: Golurk\n|\n|win|mousemaxxing\n","uploadtime":1788370051,"views":"2","formatid":"gen9championsvgc2026regmbbo3","rating":null,"private":0,"password":null}