{"id":"gen9championsvgc2026regmbbo3-2674705102","format":"[Gen 9 Champions] VGC 2026 Reg M-B (Bo3)","players":["lHopi","vilan333"],"log":"|j|☆lHopi\n|j|☆vilan333\n|html|<table width=\"100%\"><tr><td align=\"left\">lHopi</td><td align=\"right\">vilan333</tr><tr><td align=\"left\"><i class=\"fa fa-circle\"></i> <i class=\"fa fa-circle-o\"></i> </td><td align=\"right\"><i class=\"fa fa-circle-o\"></i> <i class=\"fa fa-circle-o\"></i> </tr></table>\n|uhtml|bestof|<h2><strong>Game 2</strong> of <a href=\"/game-bestof3-gen9championsvgc2026regmbbo3-2674702354\">a best-of-3</a></h2>\n|t:|1788393319\n|gametype|doubles\n|player|p1|lHopi|n|1336\n|player|p2|vilan333|marshal|1284\n|gen|9\n|tier|[Gen 9 Champions] VGC 2026 Reg M-B (Bo3)\n|rated|\n|rule|Species Clause: Limit one of each Pokémon\n|rule|Item Clause: Limit 1 of each item\n|clearpoke\n|poke|p1|Charizard, L50, M|\n|poke|p1|Floette-Eternal, L50, F|\n|poke|p1|Whimsicott, L50, F|\n|poke|p1|Garchomp, L50, F|\n|poke|p1|Kingambit, L50, F|\n|poke|p1|Basculegion, L50, M|\n|poke|p2|Raichu, L50, F|\n|poke|p2|Staraptor, L50, M, shiny|\n|poke|p2|Glimmora, L50, M, shiny|\n|poke|p2|Kingambit, L50, M, shiny|\n|poke|p2|Sylveon, L50, M|\n|poke|p2|Farigiraf, L50, M|\n|teampreview|4\n|showteam|p1|Charizard||CharizarditeY|Blaze|AncientPower,HeatWave,WeatherBall,Protect|Timid||M|||50|]Floette-Eternal||Floettite|FlowerVeil|LightofRuin,DazzlingGleam,Moonblast,Protect|Modest||F|||50|]Whimsicott||FocusSash|Prankster|Moonblast,Tailwind,Encore,Protect|Timid||F|||50|]Garchomp||SitrusBerry|RoughSkin|Earthquake,RockSlide,DragonClaw,Protect|Jolly||F|||50|]Kingambit||OccaBerry|Defiant|KowtowCleave,SuckerPunch,IronHead,LowKick|Adamant||F|||50|]Basculegion||LifeOrb|Adaptability|WaveCrash,LastRespects,AquaJet,Protect|Adamant||M|||50|\n|showteam|p2|Raichu||RaichuniteY|LightningRod|Protect,FakeOut,ZapCannon,FocusBlast|Timid||F|||50|]Staraptor||Staraptite|Intimidate|Protect,CloseCombat,BraveBird,Tailwind|Jolly||M|||50|]Glimmora||FocusSash|ToxicDebris|SpikyShield,PowerGem,EarthPower,SludgeBomb|Timid||M|||50|]Kingambit||ChopleBerry|Defiant|Protect,KowtowCleave,SuckerPunch,SwordsDance|Adamant||M|||50|]Sylveon||FairyFeather|Pixilate|Detect,HyperBeam,HyperVoice,QuickAttack|Modest||M|||50|]Farigiraf||SitrusBerry|ArmorTail|Protect,Psyshock,HelpingHand,TrickRoom|Calm||M|||50|\n|l|☆vilan333\n|player|p2|\n|j|☆vilan333\n|player|p2|vilan333|marshal|\n|inactive|Battle timer is ON: inactive players will automatically lose when time's up. (requested by vilan333)\n|inactive|lHopi has 60 seconds left.\n|\n|t:|1788393462\n|teamsize|p1|4\n|teamsize|p2|4\n|start\n|switch|p1a: Whimsicott|Whimsicott, L50, F|100/100\n|switch|p1b: Kingambit|Kingambit, L50, F|100/100\n|switch|p2a: Staraptor|Staraptor, L50, M, shiny|100/100\n|switch|p2b: Glimmora|Glimmora, L50, M, shiny|100/100\n|-ability|p2a: Staraptor|Intimidate|boost\n|-unboost|p1a: Whimsicott|atk|1\n|-unboost|p1b: Kingambit|atk|1\n|-ability|p1b: Kingambit|Defiant|boost\n|-boost|p1b: Kingambit|atk|2\n|turn|1\n|inactive|lHopi has 30 seconds left.\n|inactive|lHopi has 20 seconds left.\n|inactive|lHopi has 15 seconds left.\n|\n|t:|1788393502\n|detailschange|p2a: Staraptor|Staraptor-Mega, L50, M, shiny\n|-mega|p2a: Staraptor|Staraptor|Staraptite\n|move|p1a: Whimsicott|Tailwind|p1a: Whimsicott\n|-sidestart|p1: lHopi|move: Tailwind\n|move|p1b: Kingambit|Iron Head|p2b: Glimmora\n|-supereffective|p2b: Glimmora|1\n|-enditem|p2b: Glimmora|Focus Sash\n|-damage|p2b: Glimmora|1/100\n|-activate|p2b: Glimmora|ability: Toxic Debris\n|-sidestart|p1: lHopi|move: Toxic Spikes\n|move|p2a: Staraptor|Close Combat|p1b: Kingambit\n|-supereffective|p1b: Kingambit|2\n|-damage|p1b: Kingambit|0 fnt\n|-boost|p2a: Staraptor|def|1\n|-boost|p2a: Staraptor|spd|1\n|faint|p1b: Kingambit\n|move|p2b: Glimmora|Sludge Bomb|p1a: Whimsicott\n|-supereffective|p1a: Whimsicott|2\n|-enditem|p1a: Whimsicott|Focus Sash\n|-damage|p1a: Whimsicott|1/100\n|\n|upkeep\n|inactive|lHopi has 30 seconds left.\n|\n|t:|1788393536\n|switch|p1b: Floette|Floette-Eternal, L50, F|100/100\n|-status|p1b: Floette|psn\n|turn|2\n|\n|t:|1788393546\n|detailschange|p1b: Floette|Floette-Mega, L50, F\n|-mega|p1b: Floette|Floette|Floettite\n|-ability|p1b: Floette|Fairy Aura\n|move|p2a: Staraptor|Protect|p2a: Staraptor\n|-singleturn|p2a: Staraptor|Protect\n|move|p2b: Glimmora|Spiky Shield|p2b: Glimmora\n|-singleturn|p2b: Glimmora|move: Protect\n|move|p1a: Whimsicott|Moonblast|p2a: Staraptor\n|-activate|p2a: Staraptor|move: Protect\n|move|p1b: Floette|Dazzling Gleam|p2b: Glimmora|[spread] \n|-activate|p2a: Staraptor|move: Protect\n|-activate|p2b: Glimmora|move: Protect\n|\n|-damage|p1b: Floette|87/100 psn|[from] psn\n|upkeep\n|turn|3\n|\n|t:|1788393568\n|switch|p2b: Farigiraf|Farigiraf, L50, M|100/100\n|move|p1a: Whimsicott|Encore||[still]\n|cant|p2b: Farigiraf|ability: Armor Tail|Encore|[of] p1a: Whimsicott\n|move|p1b: Floette|Dazzling Gleam|p2b: Farigiraf|[spread] p2a,p2b\n|-supereffective|p2a: Staraptor|1\n|-damage|p2a: Staraptor|31/100\n|-damage|p2b: Farigiraf|59/100\n|move|p2a: Staraptor|Brave Bird|p1b: Floette\n|-damage|p1b: Floette|25/100 psn\n|-damage|p2a: Staraptor|12/100|[from] Recoil\n|\n|-damage|p1b: Floette|13/100 psn|[from] psn\n|upkeep\n|turn|4\n|inactive|vilan333 has 30 seconds left.\n|\n|t:|1788393598\n|switch|p2a: Glimmora|Glimmora, L50, M, shiny|1/100\n|move|p2b: Farigiraf|Protect|p2b: Farigiraf\n|-singleturn|p2b: Farigiraf|Protect\n|move|p1a: Whimsicott|Moonblast|p2b: Farigiraf\n|-activate|p2b: Farigiraf|move: Protect\n|move|p1b: Floette|Dazzling Gleam|p2a: Glimmora|[spread] p2a\n|-activate|p2b: Farigiraf|move: Protect\n|-resisted|p2a: Glimmora|1\n|-damage|p2a: Glimmora|0 fnt\n|faint|p2a: Glimmora\n|\n|-damage|p1b: Floette|1/100 psn|[from] psn\n|-sideend|p1: lHopi|move: Tailwind\n|upkeep\n|\n|t:|1788393614\n|switch|p2a: Sylveon|Sylveon, L50, M|100/100\n|turn|5\n|\n|t:|1788393632\n|move|p2a: Sylveon|Quick Attack|p1b: Floette\n|-damage|p1b: Floette|0 fnt\n|faint|p1b: Floette\n|move|p1a: Whimsicott|Moonblast|p2b: Farigiraf\n|-damage|p2b: Farigiraf|31/100\n|-enditem|p2b: Farigiraf|Sitrus Berry|[eat]\n|-heal|p2b: Farigiraf|56/100|[from] item: Sitrus Berry\n|move|p2b: Farigiraf|Trick Room|p2b: Farigiraf\n|-fieldstart|move: Trick Room|[of] p2b: Farigiraf\n|\n|upkeep\n|\n|t:|1788393641\n|switch|p1b: Garchomp|Garchomp, L50, F|100/100\n|-status|p1b: Garchomp|psn\n|turn|6\n|\n|t:|1788393658\n|move|p2b: Farigiraf|Helping Hand|p2a: Sylveon\n|-singleturn|p2a: Sylveon|Helping Hand|[of] p2b: Farigiraf\n|move|p1a: Whimsicott|Protect|p1a: Whimsicott\n|-singleturn|p1a: Whimsicott|Protect\n|move|p2a: Sylveon|Hyper Voice|p1a: Whimsicott|[spread] p1b\n|-activate|p1a: Whimsicott|move: Protect\n|-supereffective|p1b: Garchomp|1\n|-damage|p1b: Garchomp|0 fnt\n|faint|p1b: Garchomp\n|\n|upkeep\n|turn|7\n|-message|lHopi forfeited.\n|\n|win|vilan333\n|l|☆lHopi\n|player|p1|\n","uploadtime":1788393671,"views":"8","formatid":"gen9championsvgc2026regmbbo3","rating":null,"private":0,"password":null}