{"id":"gen9championsvgc2026regmbbo3-2674450980","format":"[Gen 9 Champions] VGC 2026 Reg M-B (Bo3)","players":["arquitosb04","hhammonobah"],"log":"|j|☆arquitosb04\n|j|☆hhammonobah\n|html|<table width=\"100%\"><tr><td align=\"left\">arquitosb04</td><td align=\"right\">hhammonobah</tr><tr><td align=\"left\"><i class=\"fa fa-circle\"></i> <i class=\"fa fa-circle-o\"></i> </td><td align=\"right\"><i class=\"fa fa-circle-o\"></i> <i class=\"fa fa-circle\"></i> </tr></table>\n|uhtml|bestof|<h2><strong>Game 3</strong> of <a href=\"/game-bestof3-gen9championsvgc2026regmbbo3-2674446986\">a best-of-3</a></h2>\n|t:|1788361354\n|gametype|doubles\n|player|p1|arquitosb04|n|1119\n|player|p2|hhammonobah|102|1119\n|gen|9\n|tier|[Gen 9 Champions] VGC 2026 Reg M-B (Bo3)\n|rated|\n|rule|Species Clause: Limit one of each Pokémon\n|rule|Item Clause: Limit 1 of each item\n|clearpoke\n|poke|p1|Avalugg, L50, M|\n|poke|p1|Ninetales-Alola, L50, M|\n|poke|p1|Garchomp, L50, M|\n|poke|p1|Sinistcha, L50|\n|poke|p1|Incineroar, L50, M|\n|poke|p1|Farigiraf, L50, F|\n|poke|p2|Froslass, L50, F|\n|poke|p2|Dragonite, L50, M|\n|poke|p2|Toxapex, L50, M|\n|poke|p2|Sneasler, L50, M|\n|poke|p2|Kingambit, L50, F|\n|poke|p2|Blaziken, L50, F|\n|teampreview|4\n|showteam|p1|Avalugg||NeverMeltIce|IceBody|ChillingWater,Recover,GyroBall,WideGuard|Sassy||M|||50|]Ninetales-Alola||LightClay|SnowWarning|Blizzard,Moonblast,AuroraVeil,Protect|Bold||M|||50|]Garchomp||Garchompite|RoughSkin|DragonClaw,SwordsDance,StompingTantrum,RockSlide|Adamant||M|||50|]Sinistcha||OccaBerry|Hospitality|MatchaGotcha,RagePowder,TrickRoom,Protect|Serious|||||50|]Incineroar||SitrusBerry|Intimidate|FlareBlitz,ThroatChop,PartingShot,FakeOut|Sassy||M|||50|]Farigiraf||ColburBerry|ArmorTail|Psychic,Thunderbolt,Protect,TrickRoom|Relaxed||F|||50|\n|showteam|p2|Froslass||Froslassite|SnowCloak|Blizzard,ShadowBall,AuroraVeil,Protect|Timid||F|||50|]Dragonite||LifeOrb|InnerFocus|DragonClaw,ExtremeSpeed,LowKick,Protect|Adamant||M|||50|]Toxapex||Leftovers|Regenerator|Infestation,Toxic,WideGuard,BanefulBunker|Bold||M|||50|]Sneasler||WhiteHerb|Unburden|CloseCombat,DireClaw,FakeOut,Protect|Jolly||M|||50|]Kingambit||BlackGlasses|Defiant|KowtowCleave,SuckerPunch,SwordsDance,Protect|Adamant||F|||50|]Blaziken||Blazikenite|SpeedBoost|CloseCombat,FlareBlitz,RockSlide,Protect|Adamant||F|||50|\n|inactive|Battle timer is ON: inactive players will automatically lose when time's up. (requested by hhammonobah)\n|\n|t:|1788361390\n|teamsize|p1|4\n|teamsize|p2|4\n|start\n|switch|p1a: Farigiraf|Farigiraf, L50, F|100/100\n|switch|p1b: Incineroar|Incineroar, L50, M|100/100\n|switch|p2a: Toxapex|Toxapex, L50, M|100/100\n|switch|p2b: Kingambit|Kingambit, L50, F|100/100\n|-ability|p1b: Incineroar|Intimidate|boost\n|-unboost|p2a: Toxapex|atk|1\n|-unboost|p2b: Kingambit|atk|1\n|-ability|p2b: Kingambit|Defiant|boost\n|-boost|p2b: Kingambit|atk|2\n|turn|1\n|inactive|arquitosb04 has 30 seconds left.\n|inactive|arquitosb04 has 20 seconds left.\n|\n|t:|1788361430\n|move|p2b: Kingambit|Protect|p2b: Kingambit\n|-singleturn|p2b: Kingambit|Protect\n|move|p1a: Farigiraf|Thunderbolt|p2a: Toxapex\n|-supereffective|p2a: Toxapex|1\n|-crit|p2a: Toxapex\n|-damage|p2a: Toxapex|48/100\n|move|p1b: Incineroar|Throat Chop|p2a: Toxapex\n|-damage|p2a: Toxapex|28/100\n|-start|p2a: Toxapex|Throat Chop|[silent]\n|move|p2a: Toxapex|Toxic|p1b: Incineroar\n|-status|p1b: Incineroar|tox\n|\n|-heal|p2a: Toxapex|34/100|[from] item: Leftovers\n|-damage|p1b: Incineroar|94/100 tox|[from] psn\n|upkeep\n|turn|2\n|inactive|arquitosb04 has 30 seconds left.\n|\n|t:|1788361463\n|switch|p1a: Garchomp|Garchomp, L50, M|100/100\n|move|p1b: Incineroar|Flare Blitz|p2b: Kingambit\n|-supereffective|p2b: Kingambit|1\n|-damage|p2b: Kingambit|24/100\n|-damage|p1b: Incineroar|68/100 tox|[from] Recoil\n|move|p2b: Kingambit|Kowtow Cleave|p1a: Garchomp\n|-damage|p1a: Garchomp|19/100\n|-damage|p2b: Kingambit|12/100|[from] ability: Rough Skin|[of] p1a: Garchomp\n|move|p2a: Toxapex|Infestation|p1b: Incineroar\n|-crit|p1b: Incineroar\n|-damage|p1b: Incineroar|64/100 tox\n|-activate|p1b: Incineroar|move: Infestation|[of] p2a: Toxapex\n|\n|-heal|p2a: Toxapex|40/100|[from] item: Leftovers\n|-damage|p1b: Incineroar|52/100 tox|[from] psn\n|-damage|p1b: Incineroar|40/100 tox|[from] move: Infestation|[partiallytrapped]\n|-end|p2a: Toxapex|Throat Chop|[silent]\n|upkeep\n|-enditem|p1b: Incineroar|Sitrus Berry|[eat]\n|-heal|p1b: Incineroar|64/100 tox|[from] item: Sitrus Berry\n|turn|3\n|inactive|arquitosb04 has 30 seconds left.\n|inactive|hhammonobah has 30 seconds left.\n|inactive|arquitosb04 has 20 seconds left.\n|\n|t:|1788361501\n|switch|p1a: Farigiraf|Farigiraf, L50, F|100/100\n|move|p2b: Kingambit|Protect|p2b: Kingambit\n|-singleturn|p2b: Kingambit|Protect\n|move|p1b: Incineroar|Flare Blitz|p2b: Kingambit\n|-activate|p2b: Kingambit|move: Protect\n|move|p2a: Toxapex|Infestation|p1a: Farigiraf\n|-supereffective|p1a: Farigiraf|1\n|-damage|p1a: Farigiraf|93/100\n|-activate|p1a: Farigiraf|move: Infestation|[of] p2a: Toxapex\n|\n|-heal|p2a: Toxapex|45/100|[from] item: Leftovers\n|-damage|p1b: Incineroar|47/100 tox|[from] psn\n|-damage|p1a: Farigiraf|81/100|[from] move: Infestation|[partiallytrapped]\n|-damage|p1b: Incineroar|34/100 tox|[from] move: Infestation|[partiallytrapped]\n|upkeep\n|turn|4\n|inactive|arquitosb04 has 30 seconds left.\n|\n|t:|1788361530\n|-heal|p2a: Toxapex|78/100|[from] ability: Regenerator|[silent]\n|switch|p2a: Sneasler|Sneasler, L50, M|100/100\n|move|p1a: Farigiraf|Psychic|p2a: Sneasler\n|-supereffective|p2a: Sneasler|2\n|-damage|p2a: Sneasler|0 fnt\n|faint|p2a: Sneasler\n|move|p1b: Incineroar|Flare Blitz|p2b: Kingambit\n|-supereffective|p2b: Kingambit|1\n|-damage|p2b: Kingambit|0 fnt\n|faint|p2b: Kingambit\n|-damage|p1b: Incineroar|30/100 tox|[from] Recoil\n|\n|-damage|p1b: Incineroar|6/100 tox|[from] psn\n|-end|p1a: Farigiraf|Infestation|[partiallytrapped]|[silent]\n|-end|p1b: Incineroar|Infestation|[partiallytrapped]|[silent]\n|upkeep\n|\n|t:|1788361541\n|switch|p2a: Froslass|Froslass, L50, F|100/100\n|switch|p2b: Toxapex|Toxapex, L50, M|78/100\n|turn|5\n|\n|t:|1788361559\n|detailschange|p2a: Froslass|Froslass-Mega, L50, F\n|-mega|p2a: Froslass|Froslass|Froslassite\n|-weather|Snowscape|[from] ability: Snow Warning|[of] p2a: Froslass\n|move|p2a: Froslass|Blizzard|p1b: Incineroar|[spread] p1a,p1b\n|-resisted|p1b: Incineroar|1\n|-damage|p1a: Farigiraf|46/100\n|-damage|p1b: Incineroar|0 fnt\n|faint|p1b: Incineroar\n|move|p2b: Toxapex|Toxic|p1a: Farigiraf\n|-status|p1a: Farigiraf|tox\n|move|p1a: Farigiraf|Trick Room|p1a: Farigiraf\n|-fieldstart|move: Trick Room|[of] p1a: Farigiraf\n|\n|-weather|Snowscape|[upkeep]\n|-heal|p2b: Toxapex|84/100|[from] item: Leftovers\n|-damage|p1a: Farigiraf|40/100 tox|[from] psn\n|upkeep\n|\n|t:|1788361577\n|switch|p1b: Avalugg|Avalugg, L50, M|100/100\n|turn|6\n|\n|t:|1788361592\n|move|p1b: Avalugg|Gyro Ball|p2a: Froslass\n|-supereffective|p2a: Froslass|1\n|-damage|p2a: Froslass|46/100\n|move|p2b: Toxapex|Toxic|p1b: Avalugg\n|-status|p1b: Avalugg|tox\n|move|p1a: Farigiraf|Psychic|p2b: Toxapex\n|-supereffective|p2b: Toxapex|1\n|-damage|p2b: Toxapex|32/100\n|move|p2a: Froslass|Aurora Veil|p2a: Froslass\n|-sidestart|p2: hhammonobah|move: Aurora Veil\n|\n|-weather|Snowscape|[upkeep]\n|-heal|p2b: Toxapex|38/100|[from] item: Leftovers\n|-damage|p1b: Avalugg|94/100 tox|[from] psn\n|-damage|p1a: Farigiraf|27/100 tox|[from] psn\n|upkeep\n|turn|7\n|\n|t:|1788361615\n|move|p1b: Avalugg|Wide Guard|p1b: Avalugg\n|-singleturn|p1b: Avalugg|Wide Guard\n|move|p2b: Toxapex|Infestation|p1b: Avalugg\n|-damage|p1b: Avalugg|91/100 tox\n|-activate|p1b: Avalugg|move: Infestation|[of] p2b: Toxapex\n|move|p1a: Farigiraf|Psychic|p2b: Toxapex\n|-supereffective|p2b: Toxapex|1\n|-damage|p2b: Toxapex|4/100\n|move|p2a: Froslass|Blizzard|p1b: Avalugg|[spread] \n|-activate|p1a: Farigiraf|move: Wide Guard\n|-activate|p1b: Avalugg|move: Wide Guard\n|\n|-weather|Snowscape|[upkeep]\n|-heal|p1b: Avalugg|97/100 tox|[from] ability: Ice Body\n|-heal|p2b: Toxapex|10/100|[from] item: Leftovers\n|-damage|p1b: Avalugg|85/100 tox|[from] psn\n|-damage|p1a: Farigiraf|9/100 tox|[from] psn\n|-damage|p1b: Avalugg|72/100 tox|[from] move: Infestation|[partiallytrapped]\n|upkeep\n|turn|8\n|\n|t:|1788361637\n|move|p2b: Toxapex|Baneful Bunker|p2b: Toxapex\n|-singleturn|p2b: Toxapex|move: Protect\n|move|p2a: Froslass|Protect|p2a: Froslass\n|-singleturn|p2a: Froslass|Protect\n|move|p1b: Avalugg|Gyro Ball|p2a: Froslass\n|-activate|p2a: Froslass|move: Protect\n|move|p1a: Farigiraf|Psychic|p2a: Froslass\n|-activate|p2a: Froslass|move: Protect\n|\n|-weather|Snowscape|[upkeep]\n|-heal|p1b: Avalugg|78/100 tox|[from] ability: Ice Body\n|-heal|p2b: Toxapex|16/100|[from] item: Leftovers\n|-damage|p1b: Avalugg|60/100 tox|[from] psn\n|-damage|p1a: Farigiraf|0 fnt|[from] psn\n|faint|p1a: Farigiraf\n|-damage|p1b: Avalugg|48/100 tox|[from] move: Infestation|[partiallytrapped]\n|upkeep\n|\n|t:|1788361655\n|switch|p1a: Garchomp|Garchomp, L50, M|19/100\n|turn|9\n|\n|t:|1788361669\n|detailschange|p1a: Garchomp|Garchomp-Mega, L50, M\n|-mega|p1a: Garchomp|Garchomp|Garchompite\n|move|p2a: Froslass|Protect||[still]\n|-fail|p2a: Froslass\n|move|p1b: Avalugg|Gyro Ball|p2a: Froslass\n|-supereffective|p2a: Froslass|1\n|-damage|p2a: Froslass|7/100\n|move|p2b: Toxapex|Toxic|p1a: Garchomp\n|-status|p1a: Garchomp|tox\n|move|p1a: Garchomp|Rock Slide|p2a: Froslass|[spread] p2b\n|-miss|p1a: Garchomp|p2a: Froslass\n|-damage|p2b: Toxapex|5/100\n|\n|-weather|none\n|-heal|p2b: Toxapex|10/100|[from] item: Leftovers\n|-damage|p1b: Avalugg|24/100 tox|[from] psn\n|-damage|p1a: Garchomp|13/100 tox|[from] psn\n|-damage|p1b: Avalugg|12/100 tox|[from] move: Infestation|[partiallytrapped]\n|-fieldend|move: Trick Room\n|upkeep\n|turn|10\n|inactive|arquitosb04 has 30 seconds left.\n|inactive|arquitosb04 has 20 seconds left.\n|\n|t:|1788361705\n|move|p2a: Froslass|Protect|p2a: Froslass\n|-singleturn|p2a: Froslass|Protect\n|move|p1a: Garchomp|Rock Slide|p2a: Froslass|[spread] p2b\n|-activate|p2a: Froslass|move: Protect\n|-damage|p2b: Toxapex|0 fnt\n|faint|p2b: Toxapex\n|move|p1b: Avalugg|Recover|p1b: Avalugg\n|-heal|p1b: Avalugg|62/100 tox\n|\n|-damage|p1a: Garchomp|1/100 tox|[from] psn\n|-damage|p1b: Avalugg|32/100 tox|[from] psn\n|-end|p1b: Avalugg|Infestation|[partiallytrapped]|[silent]\n|-sideend|p2: hhammonobah|move: Aurora Veil\n|upkeep\n|turn|11\n|inactive|arquitosb04 has 30 seconds left.\n|inactive|hhammonobah has 30 seconds left.\n|inactive|arquitosb04 has 20 seconds left.\n|inactive|arquitosb04 has 15 seconds left.\n|\n|t:|1788361749\n|move|p2a: Froslass|Protect|p2a: Froslass\n|-singleturn|p2a: Froslass|Protect\n|move|p1a: Garchomp|Dragon Claw|p2a: Froslass\n|-activate|p2a: Froslass|move: Protect\n|move|p1b: Avalugg|Recover|p1b: Avalugg\n|-heal|p1b: Avalugg|82/100 tox\n|\n|-damage|p1a: Garchomp|0 fnt|[from] psn\n|faint|p1a: Garchomp\n|-damage|p1b: Avalugg|47/100 tox|[from] psn\n|upkeep\n|turn|12\n|\n|t:|1788361766\n|move|p2a: Froslass|Shadow Ball|p1b: Avalugg\n|-damage|p1b: Avalugg|5/100 tox\n|move|p1b: Avalugg|Gyro Ball|p2a: Froslass\n|-supereffective|p2a: Froslass|1\n|-damage|p2a: Froslass|0 fnt\n|faint|p2a: Froslass\n|\n|win|arquitosb04\n|raw|arquitosb04's rating: 1119 &rarr; <strong>1144</strong><br />(+25 for winning)\n|raw|hhammonobah's rating: 1119 &rarr; <strong>1094</strong><br />(-25 for losing)\n|l|☆hhammonobah\n|player|p2|\n","uploadtime":1788361775,"views":"0","formatid":"gen9championsvgc2026regmbbo3","rating":1094,"private":0,"password":null}