{"id":"gen9championsvgc2026regmb-2674517570","format":"[Gen 9 Champions] VGC 2026 Reg M-B","players":["PsychologySquid","Vhplays"],"log":"|j|☆PsychologySquid\n|j|☆Vhplays\n|t:|1788369139\n|gametype|doubles\n|player|p1|PsychologySquid|clown|1076\n|player|p2|Vhplays|265|1000\n|gen|9\n|tier|[Gen 9 Champions] VGC 2026 Reg M-B\n|rated|\n|rule|Species Clause: Limit one of each Pokémon\n|rule|Item Clause: Limit 1 of each item\n|clearpoke\n|poke|p1|Kangaskhan, L50, F|\n|poke|p1|Dragonite, L50, F|\n|poke|p1|Ninetales, L50, M|\n|poke|p1|Sylveon, L50, F|\n|poke|p1|Talonflame, L50, M|\n|poke|p1|Mr. Rime, L50, F|\n|poke|p2|Umbreon, L50, F|\n|poke|p2|Cofagrigus, L50, F|\n|poke|p2|Lycanroc-Midnight, L50, M|\n|poke|p2|Dragalge, L50, M|\n|poke|p2|Infernape, L50, M|\n|poke|p2|Hawlucha, L50, F|\n|teampreview|4\n|\n|t:|1788369184\n|teamsize|p1|4\n|teamsize|p2|4\n|start\n|switch|p1a: Kangaskhan|Kangaskhan, L50, F|100/100\n|switch|p1b: Sylveon|Sylveon, L50, F|100/100\n|switch|p2a: Foo Fighter|Hawlucha, L50, F|100/100\n|switch|p2b: David Silva Torres|Dragalge, L50, M|100/100\n|turn|1\n|\n|t:|1788369205\n|detailschange|p1a: Kangaskhan|Kangaskhan-Mega, L50, F\n|-mega|p1a: Kangaskhan|Kangaskhan|Kangaskhanite\n|move|p2a: Foo Fighter|Quick Guard|p2a: Foo Fighter\n|-singleturn|p2a: Foo Fighter|Quick Guard\n|move|p1a: Kangaskhan|Fake Out|p2b: David Silva Torres\n|-activate|p2b: David Silva Torres|move: Quick Guard\n|move|p1b: Sylveon|Calm Mind|p1b: Sylveon\n|-boost|p1b: Sylveon|spa|1\n|-boost|p1b: Sylveon|spd|1\n|move|p2b: David Silva Torres|Sludge Bomb|p1b: Sylveon\n|-supereffective|p1b: Sylveon|1\n|-damage|p1b: Sylveon|33/100\n|-damage|p2b: David Silva Torres|90/100|[from] item: Life Orb\n|\n|upkeep\n|turn|2\n|\n|t:|1788369228\n|move|p1b: Sylveon|Detect|p1b: Sylveon\n|-singleturn|p1b: Sylveon|Protect\n|move|p2a: Foo Fighter|Iron Head|p1b: Sylveon\n|-activate|p1b: Sylveon|move: Protect\n|move|p1a: Kangaskhan|Double-Edge|p2b: David Silva Torres\n|-damage|p2b: David Silva Torres|25/100\n|-damage|p2b: David Silva Torres|8/100\n|-hitcount|p2b: David Silva Torres|2\n|-damage|p1a: Kangaskhan|74/100|[from] Recoil\n|move|p2b: David Silva Torres|Sludge Bomb|p1b: Sylveon\n|-activate|p1b: Sylveon|move: Protect\n|\n|upkeep\n|turn|3\n|\n|t:|1788369247\n|move|p2b: David Silva Torres|Protect|p2b: David Silva Torres\n|-singleturn|p2b: David Silva Torres|Protect\n|move|p1a: Kangaskhan|Sucker Punch||[still]\n|-fail|p1a: Kangaskhan\n|move|p2a: Foo Fighter|Iron Head|p1b: Sylveon\n|-supereffective|p1b: Sylveon|1\n|-damage|p1b: Sylveon|0 fnt\n|faint|p1b: Sylveon\n|\n|upkeep\n|\n|t:|1788369260\n|switch|p1b: Ninetales|Ninetales, L50, M|100/100\n|-weather|SunnyDay|[from] ability: Drought|[of] p1b: Ninetales\n|turn|4\n|\n|t:|1788369282\n|switch|p2b: Zico|Infernape, L50, M|100/100\n|move|p2a: Foo Fighter|Flying Press|p1a: Kangaskhan\n|-supereffective|p1a: Kangaskhan|1\n|-damage|p1a: Kangaskhan|0 fnt\n|faint|p1a: Kangaskhan\n|move|p1b: Ninetales|Heat Wave|p2a: Foo Fighter|[spread] p2a,p2b\n|-resisted|p2b: Zico|1\n|-damage|p2a: Foo Fighter|30/100\n|-damage|p2b: Zico|65/100\n|-enditem|p2a: Foo Fighter|Sitrus Berry|[eat]\n|-heal|p2a: Foo Fighter|54/100|[from] item: Sitrus Berry\n|\n|-weather|SunnyDay|[upkeep]\n|upkeep\n|\n|t:|1788369296\n|switch|p1a: Talonflame|Talonflame, L50, M|100/100\n|turn|5\n|\n|t:|1788369314\n|move|p2a: Foo Fighter|Quick Guard|p2a: Foo Fighter\n|-singleturn|p2a: Foo Fighter|Quick Guard\n|move|p2b: Zico|Fake Out|p1b: Ninetales\n|-damage|p1b: Ninetales|80/100\n|move|p1a: Talonflame|Will-O-Wisp|p2a: Foo Fighter|[miss]\n|-miss|p1a: Talonflame|p2a: Foo Fighter\n|cant|p1b: Ninetales|flinch\n|\n|-weather|SunnyDay|[upkeep]\n|upkeep\n|turn|6\n|\n|t:|1788369342\n|move|p2a: Foo Fighter|U-turn|p1b: Ninetales\n|-resisted|p1b: Ninetales|1\n|-damage|p1b: Ninetales|66/100\n|\n|t:|1788369351\n|switch|p2a: Goleiro Bruno|Cofagrigus, L50, F|100/100|[from] U-turn\n|move|p1a: Talonflame|Will-O-Wisp|p2a: Goleiro Bruno\n|-status|p2a: Goleiro Bruno|brn\n|move|p2b: Zico|Close Combat|p1b: Ninetales\n|-damage|p1b: Ninetales|0 fnt\n|-unboost|p2b: Zico|def|1\n|-unboost|p2b: Zico|spd|1\n|faint|p1b: Ninetales\n|\n|-weather|SunnyDay|[upkeep]\n|-damage|p2a: Goleiro Bruno|94/100 brn|[from] brn\n|upkeep\n|turn|7\n|\n|t:|1788369380\n|move|p1a: Talonflame|Taunt|p2a: Goleiro Bruno\n|-start|p2a: Goleiro Bruno|move: Taunt\n|-enditem|p2a: Goleiro Bruno|Mental Herb\n|-end|p2a: Goleiro Bruno|move: Taunt\n|move|p2b: Zico|Overheat|p1a: Talonflame\n|-resisted|p1a: Talonflame|1\n|-damage|p1a: Talonflame|52/100\n|-unboost|p2b: Zico|spa|2\n|move|p2a: Goleiro Bruno|Imprison|p2a: Goleiro Bruno\n|-start|p2a: Goleiro Bruno|move: Imprison\n|\n|-weather|SunnyDay|[upkeep]\n|-damage|p2a: Goleiro Bruno|88/100 brn|[from] brn\n|upkeep\n|turn|8\n|-message|PsychologySquid forfeited.\n|\n|win|Vhplays\n|raw|PsychologySquid's rating: 1076 &rarr; <strong>1050</strong><br />(-26 for losing)\n|raw|Vhplays's rating: 1000 &rarr; <strong>1049</strong><br />(+49 for winning)\n|l|☆PsychologySquid\n|player|p1|\n|l|☆Vhplays\n|player|p2|\n|j|☆Vhplays\n|player|p2|Vhplays|265|\n","uploadtime":1788369483,"views":"0","formatid":"gen9championsvgc2026regmb","rating":1049,"private":0,"password":null}