{"id":"gen9championsvgc2026regmb-2674763191","format":"[Gen 9 Champions] VGC 2026 Reg M-B","players":["Alfredo6699","ImSoCalamari"],"log":"|j|☆Alfredo6699\n|j|☆ImSoCalamari\n|t:|1788402361\n|gametype|doubles\n|player|p1|Alfredo6699|101|1344\n|player|p2|ImSoCalamari|aromalady|1303\n|gen|9\n|tier|[Gen 9 Champions] VGC 2026 Reg M-B\n|rated|\n|rule|Species Clause: Limit one of each Pokémon\n|rule|Item Clause: Limit 1 of each item\n|clearpoke\n|poke|p1|Mawile, L50, F|\n|poke|p1|Aerodactyl, L50, F|\n|poke|p1|Farigiraf, L50, M|\n|poke|p1|Garchomp, L50, M|\n|poke|p1|Blastoise, L50, M|\n|poke|p1|Sylveon, L50, M|\n|poke|p2|Sylveon, L50, F|\n|poke|p2|Raichu, L50, F|\n|poke|p2|Staraptor, L50, F|\n|poke|p2|Arcanine-Hisui, L50, M|\n|poke|p2|Farigiraf, L50, M|\n|poke|p2|Kingambit, L50, M|\n|teampreview|4\n|inactive|Battle timer is ON: inactive players will automatically lose when time's up. (requested by Alfredo6699)\n|\n|t:|1788402449\n|teamsize|p1|4\n|teamsize|p2|4\n|start\n|switch|p1a: Aerodactyl|Aerodactyl, L50, F|100/100\n|switch|p1b: Mawile|Mawile, L50, F|100/100\n|switch|p2a: Farigiraf|Farigiraf, L50, M|100/100\n|switch|p2b: Raichu|Raichu, L50, F|100/100\n|-ability|p1a: Aerodactyl|Unnerve\n|turn|1\n|inactive|Alfredo6699 has 30 seconds left.\n|inactive|ImSoCalamari has 30 seconds left.\n|inactive|Alfredo6699 has 20 seconds left.\n|inactive|ImSoCalamari has 20 seconds left.\n|inactive|Alfredo6699 has 15 seconds left.\n|inactive|ImSoCalamari has 15 seconds left.\n|inactive|Alfredo6699 has 10 seconds left.\n|inactive|ImSoCalamari has 10 seconds left.\n|inactive|Alfredo6699 has 5 seconds left.\n|inactive|ImSoCalamari has 5 seconds left.\n|\n|t:|1788402504\n|detailschange|p2b: Raichu|Raichu-Mega-Y, L50, F\n|-mega|p2b: Raichu|Raichu|Raichunite Y\n|move|p1a: Aerodactyl|Rock Slide|p2a: Farigiraf|[spread] p2a,p2b\n|-damage|p2a: Farigiraf|77/100\n|-damage|p2b: Raichu|56/100\n|move|p2b: Raichu|Zap Cannon|p1b: Mawile\n|-damage|p1b: Mawile|0 fnt\n|faint|p1b: Mawile\n|cant|p2a: Farigiraf|flinch\n|\n|upkeep\n|\n|t:|1788402516\n|switch|p1b: Garchomp|Garchomp, L50, M|100/100\n|turn|2\n|\n|t:|1788402533\n|move|p1a: Aerodactyl|Rock Slide|p2b: Raichu|[spread] p2a,p2b\n|-crit|p2b: Raichu\n|-damage|p2a: Farigiraf|54/100\n|-damage|p2b: Raichu|1/100\n|cant|p2b: Raichu|flinch\n|move|p1b: Garchomp|Earthquake|p2a: Farigiraf|[spread] p2a,p2b\n|-immune|p1a: Aerodactyl\n|-supereffective|p2b: Raichu|1\n|-damage|p2a: Farigiraf|4/100\n|-damage|p2b: Raichu|0 fnt\n|faint|p2b: Raichu\n|-damage|p1b: Garchomp|90/100|[from] item: Life Orb\n|move|p2a: Farigiraf|Trick Room|p2a: Farigiraf\n|-fieldstart|move: Trick Room|[of] p2a: Farigiraf\n|\n|upkeep\n|\n|t:|1788402546\n|switch|p2b: Sylveon|Sylveon, L50, F|100/100\n|turn|3\n|\n|t:|1788402553\n|move|p2a: Farigiraf|Helping Hand|p2b: Sylveon\n|-singleturn|p2b: Sylveon|Helping Hand|[of] p2a: Farigiraf\n|move|p1a: Aerodactyl|Wide Guard|p1a: Aerodactyl\n|-singleturn|p1a: Aerodactyl|Wide Guard\n|move|p2b: Sylveon|Hyper Voice|p1a: Aerodactyl|[spread] \n|-activate|p1a: Aerodactyl|move: Wide Guard\n|-activate|p1b: Garchomp|move: Wide Guard\n|move|p1b: Garchomp|Earthquake|p2b: Sylveon|[spread] p2a,p2b\n|-activate|p1a: Aerodactyl|move: Wide Guard\n|-damage|p2a: Farigiraf|0 fnt\n|-damage|p2b: Sylveon|27/100\n|faint|p2a: Farigiraf\n|-damage|p1b: Garchomp|80/100|[from] item: Life Orb\n|\n|upkeep\n|\n|t:|1788402559\n|switch|p2a: Arcanine|Arcanine-Hisui, L50, M|100/100\n|turn|4\n|\n|t:|1788402574\n|move|p1b: Garchomp|Protect|p1b: Garchomp\n|-singleturn|p1b: Garchomp|Protect\n|move|p2b: Sylveon|Hyper Beam|p1b: Garchomp\n|-activate|p1b: Garchomp|move: Protect\n|move|p2a: Arcanine|Head Smash|p1a: Aerodactyl\n|-supereffective|p1a: Aerodactyl|1\n|-enditem|p1a: Aerodactyl|Focus Sash\n|-damage|p1a: Aerodactyl|1/100\n|move|p1a: Aerodactyl|Rock Slide|p2b: Sylveon|[spread] p2a,p2b\n|-supereffective|p2a: Arcanine|1\n|-damage|p2a: Arcanine|31/100\n|-damage|p2b: Sylveon|0 fnt\n|faint|p2b: Sylveon\n|\n|upkeep\n|turn|5\n|-message|ImSoCalamari forfeited.\n|\n|win|Alfredo6699\n|raw|Alfredo6699's rating: 1344 &rarr; <strong>1362</strong><br />(+18 for winning)\n|raw|ImSoCalamari's rating: 1303 &rarr; <strong>1285</strong><br />(-18 for losing)\n","uploadtime":1788402591,"views":"1","formatid":"gen9championsvgc2026regmb","rating":1285,"private":0,"password":null}