{"id":"gen9championsvgc2026regmbbo3-2673531094","format":"[Gen 9 Champions] VGC 2026 Reg M-B (Bo3)","players":["zacian0897","UwJU"],"log":"|j|☆zacian0897\n|j|☆UwJU\n|html|<table width=\"100%\"><tr><td align=\"left\">zacian0897</td><td align=\"right\">UwJU</tr><tr><td align=\"left\"><i class=\"fa fa-circle-o\"></i> <i class=\"fa fa-circle-o\"></i> </td><td align=\"right\"><i class=\"fa fa-circle-o\"></i> <i class=\"fa fa-circle-o\"></i> </tr></table>\n|uhtml|bestof|<h2><strong>Game 1</strong> of <a href=\"/game-bestof3-gen9championsvgc2026regmbbo3-2673531092\">a best-of-3</a></h2>\n|t:|1788209224\n|gametype|doubles\n|player|p1|zacian0897|koga|1000\n|player|p2|UwJU|1|1000\n|gen|9\n|tier|[Gen 9 Champions] VGC 2026 Reg M-B (Bo3)\n|rated|\n|rule|Species Clause: Limit one of each Pokémon\n|rule|Item Clause: Limit 1 of each item\n|clearpoke\n|poke|p1|Golurk, L50, shiny|\n|poke|p1|Camerupt, L50, M, shiny|\n|poke|p1|Mimikyu, L50, F, shiny|\n|poke|p1|Sneasler, L50, M, shiny|\n|poke|p1|Kingambit, L50, M, shiny|\n|poke|p1|Torkoal, L50, F, shiny|\n|poke|p2|Staraptor, L50, M|\n|poke|p2|Gholdengo, L50|\n|poke|p2|Whimsicott, L50, M|\n|poke|p2|Floette-Eternal, L50, F|\n|poke|p2|Garchomp, L50, F|\n|poke|p2|Glimmora, L50, F|\n|teampreview|4\n|showteam|p1|Golurk||Golurkite|NoGuard|FocusBlast,Earthquake,ThunderPunch,Protect|Adamant|||||50|]Camerupt||Cameruptite|SolidRock|EarthPower,HeatCrash,Yawn,Protect|Brave||M|||50|]Mimikyu||MentalHerb|Disguise|TrickRoom,PainSplit,Taunt,Protect|Impish||F|||50|]Sneasler||FocusSash|PoisonTouch|DireClaw,CloseCombat,FakeOut,Protect|Adamant||M|||50|]Kingambit||LifeOrb|Defiant|KowtowCleave,SuckerPunch,LowKick,Protect|Adamant||M|||50|]Torkoal||HeatRock|Drought|Eruption,IronDefense,StealthRock,RockSlide|Modest||F|||50|\n|showteam|p2|Staraptor||Staraptite|Intimidate|Protect,CloseCombat,BraveBird,Roost|Adamant||M|||50|]Gholdengo||LifeOrb|GoodasGold|Protect,MakeItRain,ShadowBall,NastyPlot|Timid|||||50|]Whimsicott||FairyFeather|Prankster|Moonblast,Tailwind,Encore,Charm|Timid||M|||50|]Floette-Eternal||Floettite|FlowerVeil|Protect,DazzlingGleam,Moonblast,LightofRuin|Timid||F|||50|]Garchomp||SitrusBerry|RoughSkin|Protect,StompingTantrum,RockSlide,DragonClaw|Jolly||F|||50|]Glimmora||FocusSash|ToxicDebris|SpikyShield,SludgeBomb,EarthPower,PowerGem|Timid||F|||50|\n|\n|t:|1788209290\n|teamsize|p1|4\n|teamsize|p2|4\n|start\n|switch|p1a: Mimikyu|Mimikyu, L50, F, shiny|100/100\n|switch|p1b: Sneasler|Sneasler, L50, M, shiny|100/100\n|switch|p2a: Gholdengo|Gholdengo, L50|100/100\n|switch|p2b: Glimmora|Glimmora, L50, F|100/100\n|turn|1\n|\n|t:|1788209328\n|move|p2b: Glimmora|Spiky Shield|p2b: Glimmora\n|-singleturn|p2b: Glimmora|move: Protect\n|move|p1b: Sneasler|Fake Out|p2a: Gholdengo\n|-immune|p2a: Gholdengo\n|move|p2a: Gholdengo|Shadow Ball|p1a: Mimikyu\n|-activate|p1a: Mimikyu|ability: Disguise\n|-damage|p1a: Mimikyu|100/100\n|detailschange|p1a: Mimikyu|Mimikyu-Busted, L50, F, shiny\n|-damage|p1a: Mimikyu|87/100|[from] pokemon: Mimikyu-Busted\n|-damage|p2a: Gholdengo|90/100|[from] item: Life Orb\n|move|p1a: Mimikyu|Trick Room|p1a: Mimikyu\n|-fieldstart|move: Trick Room|[of] p1a: Mimikyu\n|\n|upkeep\n|turn|2\n|\n|t:|1788209424\n|switch|p1b: Golurk|Golurk, L50, shiny|100/100\n|move|p1a: Mimikyu|Taunt|p2a: Gholdengo\n|-immune|p2a: Gholdengo|[from] ability: Good as Gold\n|move|p2a: Gholdengo|Shadow Ball|p1a: Mimikyu\n|-supereffective|p1a: Mimikyu|1\n|-damage|p1a: Mimikyu|0 fnt\n|faint|p1a: Mimikyu\n|-damage|p2a: Gholdengo|80/100|[from] item: Life Orb\n|move|p2b: Glimmora|Earth Power|p1b: Golurk\n|-damage|p1b: Golurk|67/100\n|\n|upkeep\n|\n|t:|1788209462\n|switch|p1a: Camerupt|Camerupt, L50, M, shiny|100/100\n|turn|3\n|\n|t:|1788209484\n|switch|p2a: Staraptor|Staraptor, L50, M|100/100\n|-ability|p2a: Staraptor|Intimidate|boost\n|-unboost|p1a: Camerupt|atk|1\n|-unboost|p1b: Golurk|atk|1\n|detailschange|p1b: Golurk|Golurk-Mega, L50, shiny\n|-mega|p1b: Golurk|Golurk|Golurkite\n|move|p1b: Golurk|Protect|p1b: Golurk\n|-singleturn|p1b: Golurk|Protect\n|move|p2b: Glimmora|Spiky Shield|p2b: Glimmora\n|-singleturn|p2b: Glimmora|move: Protect\n|move|p1a: Camerupt|Heat Crash|p2a: Staraptor\n|-damage|p2a: Staraptor|42/100\n|\n|upkeep\n|turn|4\n|\n|t:|1788209540\n|switch|p2b: Garchomp|Garchomp, L50, F|100/100\n|move|p2a: Staraptor|Protect|p2a: Staraptor\n|-singleturn|p2a: Staraptor|Protect\n|move|p1a: Camerupt|Earth Power|p2b: Garchomp\n|-damage|p2b: Garchomp|52/100\n|-unboost|p2b: Garchomp|spd|1\n|move|p1b: Golurk|Thunder Punch|p2a: Staraptor\n|-supereffective|p2a: Staraptor|1\n|-ability|p1b: Golurk|Unseen Fist\n|-zbroken|p2a: Staraptor\n|-damage|p2a: Staraptor|28/100\n|\n|upkeep\n|turn|5\n|\n|t:|1788209572\n|switch|p2a: Glimmora|Glimmora, L50, F|100/100\n|move|p1a: Camerupt|Protect|p1a: Camerupt\n|-singleturn|p1a: Camerupt|Protect\n|move|p2b: Garchomp|Protect|p2b: Garchomp\n|-singleturn|p2b: Garchomp|Protect\n|move|p1b: Golurk|Thunder Punch|p2a: Glimmora\n|-damage|p2a: Glimmora|77/100\n|-activate|p2a: Glimmora|ability: Toxic Debris\n|-sidestart|p1: zacian0897|move: Toxic Spikes\n|\n|-fieldend|move: Trick Room\n|upkeep\n|turn|6\n|\n|t:|1788209628\n|move|p1b: Golurk|Protect|p1b: Golurk\n|-singleturn|p1b: Golurk|Protect\n|move|p2b: Garchomp|Stomping Tantrum|p1a: Camerupt\n|-supereffective|p1a: Camerupt|1\n|-damage|p1a: Camerupt|0 fnt\n|faint|p1a: Camerupt\n|move|p2a: Glimmora|Earth Power|p1b: Golurk\n|-activate|p1b: Golurk|move: Protect\n|\n|upkeep\n|\n|t:|1788209638\n|switch|p1a: Sneasler|Sneasler, L50, M, shiny|100/100\n|-sideend|p1: zacian0897|move: Toxic Spikes|[of] p1a: Sneasler\n|turn|7\n|\n|t:|1788209684\n|move|p2b: Garchomp|Protect|p2b: Garchomp\n|-singleturn|p2b: Garchomp|Protect\n|move|p1a: Sneasler|Close Combat|p2a: Glimmora\n|-damage|p2a: Glimmora|0 fnt\n|-unboost|p1a: Sneasler|def|1\n|-unboost|p1a: Sneasler|spd|1\n|-activate|p2a: Glimmora|ability: Toxic Debris\n|-sidestart|p1: zacian0897|move: Toxic Spikes\n|faint|p2a: Glimmora\n|move|p1b: Golurk|Focus Blast|p2b: Garchomp\n|-activate|p2b: Garchomp|move: Protect\n|\n|upkeep\n|\n|t:|1788209698\n|switch|p2a: Staraptor|Staraptor, L50, M|28/100\n|-ability|p2a: Staraptor|Intimidate|boost\n|-unboost|p1a: Sneasler|atk|1\n|-unboost|p1b: Golurk|atk|1\n|turn|8\n|\n|t:|1788209719\n|detailschange|p2a: Staraptor|Staraptor-Mega, L50, M\n|-mega|p2a: Staraptor|Staraptor|Staraptite\n|move|p1b: Golurk|Protect|p1b: Golurk\n|-singleturn|p1b: Golurk|Protect\n|move|p1a: Sneasler|Close Combat|p2b: Garchomp\n|-damage|p2b: Garchomp|1/100\n|-unboost|p1a: Sneasler|def|1\n|-unboost|p1a: Sneasler|spd|1\n|-damage|p1a: Sneasler|87/100|[from] ability: Rough Skin|[of] p2b: Garchomp\n|-enditem|p2b: Garchomp|Sitrus Berry|[eat]\n|-heal|p2b: Garchomp|26/100|[from] item: Sitrus Berry\n|move|p2b: Garchomp|Stomping Tantrum|p1a: Sneasler\n|-supereffective|p1a: Sneasler|1\n|-damage|p1a: Sneasler|0 fnt\n|faint|p1a: Sneasler\n|move|p2a: Staraptor|Roost|p2a: Staraptor\n|-heal|p2a: Staraptor|78/100\n|-singleturn|p2a: Staraptor|move: Roost\n|\n|upkeep\n|turn|9\n|\n|t:|1788209750\n|move|p2b: Garchomp|Dragon Claw|p1b: Golurk\n|-damage|p1b: Golurk|35/100\n|move|p2a: Staraptor|Brave Bird|p1b: Golurk\n|-damage|p1b: Golurk|0 fnt\n|faint|p1b: Golurk\n|-damage|p2a: Staraptor|66/100|[from] Recoil\n|\n|win|UwJU\n||UwJU is ready for game 2.\n|inactive|zacian0897 has 30 seconds to confirm battle start!\n|l|☆zacian0897\n|player|p1|\n|inactive|zacian0897 has 20 seconds to confirm battle start!\n|inactive|zacian0897 has 10 seconds to confirm battle start!\n|uhtml|next|Next: <a href=\"/battle-gen9championsvgc2026regmbbo3-2673535376\"><strong>Game 2 of 3</strong></a>\n","uploadtime":1788210034,"views":"0","formatid":"gen9championsvgc2026regmbbo3","rating":null,"private":0,"password":null}