{"id":"gen9championsvgc2026regmbbo3-2674674555","format":"[Gen 9 Champions] VGC 2026 Reg M-B (Bo3)","players":["busterbunner","Pawah"],"log":"|j|☆busterbunner\n|j|☆Pawah\n|html|<table width=\"100%\"><tr><td align=\"left\">busterbunner</td><td align=\"right\">Pawah</tr><tr><td align=\"left\"><i class=\"fa fa-circle\"></i> <i class=\"fa fa-circle-o\"></i> </td><td align=\"right\"><i class=\"fa fa-circle-o\"></i> <i class=\"fa fa-circle-o\"></i> </tr></table>\n|uhtml|bestof|<h2><strong>Game 2</strong> of <a href=\"/game-bestof3-gen9championsvgc2026regmbbo3-2674673089\">a best-of-3</a></h2>\n|t:|1788388654\n|gametype|doubles\n|player|p1|busterbunner|emmet|1214\n|player|p2|Pawah|ethan|1235\n|gen|9\n|tier|[Gen 9 Champions] VGC 2026 Reg M-B (Bo3)\n|rated|\n|rule|Species Clause: Limit one of each Pokémon\n|rule|Item Clause: Limit 1 of each item\n|clearpoke\n|poke|p1|Metagross, L50|\n|poke|p1|Whimsicott, L50, M|\n|poke|p1|Raichu, L50, F|\n|poke|p1|Basculegion, L50, M|\n|poke|p1|Garchomp, L50, F|\n|poke|p1|Kingambit, L50, M|\n|poke|p2|Staraptor, L50, M|\n|poke|p2|Milotic, L50, F|\n|poke|p2|Tyranitar, L50, M|\n|poke|p2|Gholdengo, L50|\n|poke|p2|Excadrill, L50, M|\n|poke|p2|Sinistcha, L50|\n|teampreview|4\n|showteam|p1|Metagross||Metagrossite|ClearBody|IronHead,IcePunch,Protect,PsychicFangs|Jolly|||||50|]Whimsicott||FocusSash|Prankster|Moonblast,Tailwind,Encore,Protect|Timid||M|||50|]Raichu||RaichuniteY|Static|FakeOut,FocusBlast,ZapCannon,Protect|Timid||F|||50|]Basculegion||LifeOrb|Adaptability|AquaJet,LastRespects,WaveCrash,Protect|Jolly||M|||50|]Garchomp||SitrusBerry|RoughSkin|DragonClaw,RockSlide,Protect,StompingTantrum|Jolly||F|||50|]Kingambit||ChopleBerry|Defiant|KowtowCleave,SuckerPunch,LowKick,Protect|Adamant||M|||50|\n|showteam|p2|Staraptor||Staraptite|Intimidate|BraveBird,CloseCombat,Tailwind,Protect|Jolly||M|||50|]Milotic||SitrusBerry|Competitive|Scald,IceBeam,IcyWind,Recover|Modest||F|||50|]Tyranitar||Tyranitarite|SandStream|RockSlide,KnockOff,LowKick,Protect|Adamant||M|||50|]Gholdengo||LifeOrb|GoodasGold|ShadowBall,MakeItRain,NastyPlot,Protect|Modest|||||50|]Excadrill||FocusSash|SandRush|HighHorsepower,IronHead,RockSlide,Protect|Adamant||M|||50|]Sinistcha||ColburBerry|Hospitality|MatchaGotcha,RagePowder,TrickRoom,Protect|Bold|||||50|\n|inactive|Battle timer is ON: inactive players will automatically lose when time's up. (requested by busterbunner)\n|inactive|Pawah also wants the timer to be on.\n|inactive|busterbunner has 60 seconds left.\n|\n|t:|1788388689\n|teamsize|p1|4\n|teamsize|p2|4\n|start\n|switch|p1a: Basculegion|Basculegion, L50, M|100/100\n|switch|p1b: Kingambit|Kingambit, L50, M|100/100\n|switch|p2a: Tyranitar|Tyranitar, L50, M|100/100\n|switch|p2b: Excadrill|Excadrill, L50, M|100/100\n|-weather|Sandstorm|[from] ability: Sand Stream|[of] p2a: Tyranitar\n|turn|1\n|inactive|busterbunner has 30 seconds left.\n|inactive|Pawah has 30 seconds left.\n|\n|t:|1788388721\n|switch|p2b: Sinistcha|Sinistcha, L50|100/100\n|detailschange|p2a: Tyranitar|Tyranitar-Mega, L50, M\n|-mega|p2a: Tyranitar|Tyranitar|Tyranitarite\n|move|p1a: Basculegion|Protect|p1a: Basculegion\n|-singleturn|p1a: Basculegion|Protect\n|move|p2a: Tyranitar|Protect|p2a: Tyranitar\n|-singleturn|p2a: Tyranitar|Protect\n|move|p1b: Kingambit|Low Kick|p2a: Tyranitar\n|-activate|p2a: Tyranitar|move: Protect\n|\n|-weather|Sandstorm|[upkeep]\n|-damage|p1a: Basculegion|94/100|[from] Sandstorm\n|-damage|p2b: Sinistcha|93/100|[from] Sandstorm\n|upkeep\n|turn|2\n|\n|t:|1788388744\n|move|p2b: Sinistcha|Rage Powder|p2b: Sinistcha\n|-singleturn|p2b: Sinistcha|move: Rage Powder\n|move|p1a: Basculegion|Last Respects|p2b: Sinistcha\n|-supereffective|p2b: Sinistcha|1\n|-damage|p2b: Sinistcha|32/100\n|-damage|p1a: Basculegion|84/100|[from] item: Life Orb\n|move|p2a: Tyranitar|Low Kick|p1b: Kingambit\n|-supereffective|p1b: Kingambit|2\n|-enditem|p1b: Kingambit|Chople Berry|[eat]\n|-enditem|p1b: Kingambit|Chople Berry|[weaken]\n|-damage|p1b: Kingambit|32/100\n|move|p1b: Kingambit|Low Kick|p2b: Sinistcha\n|-immune|p2b: Sinistcha\n|\n|-weather|Sandstorm|[upkeep]\n|-damage|p1a: Basculegion|78/100|[from] Sandstorm\n|-damage|p2b: Sinistcha|26/100|[from] Sandstorm\n|upkeep\n|turn|3\n|\n|t:|1788388760\n|switch|p1b: Whimsicott|Whimsicott, L50, M|100/100\n|move|p2b: Sinistcha|Protect|p2b: Sinistcha\n|-singleturn|p2b: Sinistcha|Protect\n|move|p1a: Basculegion|Last Respects|p2b: Sinistcha\n|-activate|p2b: Sinistcha|move: Protect\n|move|p2a: Tyranitar|Knock Off|p1a: Basculegion\n|-supereffective|p1a: Basculegion|1\n|-damage|p1a: Basculegion|0 fnt\n|-enditem|p1a: Basculegion|Life Orb|[from] move: Knock Off|[of] p2a: Tyranitar\n|faint|p1a: Basculegion\n|\n|-weather|Sandstorm|[upkeep]\n|-damage|p1b: Whimsicott|94/100|[from] Sandstorm\n|-damage|p2b: Sinistcha|20/100y|[from] Sandstorm\n|upkeep\n|\n|t:|1788388766\n|switch|p1a: Kingambit|Kingambit, L50, M|32/100\n|turn|4\n|\n|t:|1788388784\n|move|p1a: Kingambit|Protect|p1a: Kingambit\n|-singleturn|p1a: Kingambit|Protect\n|move|p2b: Sinistcha|Rage Powder|p2b: Sinistcha\n|-singleturn|p2b: Sinistcha|move: Rage Powder\n|move|p1b: Whimsicott|Moonblast|p2b: Sinistcha\n|-damage|p2b: Sinistcha|0 fnt\n|faint|p2b: Sinistcha\n|move|p2a: Tyranitar|Low Kick|p1a: Kingambit\n|-activate|p1a: Kingambit|move: Protect\n|\n|-weather|Sandstorm|[upkeep]\n|-damage|p1b: Whimsicott|88/100|[from] Sandstorm\n|upkeep\n|\n|t:|1788388788\n|switch|p2b: Excadrill|Excadrill, L50, M|100/100\n|turn|5\n|\n|t:|1788388799\n|move|p1b: Whimsicott|Protect|p1b: Whimsicott\n|-singleturn|p1b: Whimsicott|Protect\n|move|p1a: Kingambit|Sucker Punch|p2b: Excadrill\n|-crit|p2b: Excadrill\n|-damage|p2b: Excadrill|18/100\n|move|p2b: Excadrill|High Horsepower|p1a: Kingambit\n|-supereffective|p1a: Kingambit|1\n|-damage|p1a: Kingambit|0 fnt\n|faint|p1a: Kingambit\n|move|p2a: Tyranitar|Rock Slide|p1b: Whimsicott\n|-activate|p1b: Whimsicott|move: Protect\n|\n|-weather|none\n|upkeep\n|\n|t:|1788388804\n|switch|p1a: Metagross|Metagross, L50|100/100\n|turn|6\n|\n|t:|1788388815\n|switch|p2a: Gholdengo|Gholdengo, L50|100/100\n|detailschange|p1a: Metagross|Metagross-Mega, L50\n|-mega|p1a: Metagross|Metagross|Metagrossite\n|move|p2b: Excadrill|Protect|p2b: Excadrill\n|-singleturn|p2b: Excadrill|Protect\n|move|p1b: Whimsicott|Moonblast|p2b: Excadrill\n|-activate|p2b: Excadrill|move: Protect\n|move|p1a: Metagross|Iron Head|p2a: Gholdengo\n|-resisted|p2a: Gholdengo|1\n|-damage|p2a: Gholdengo|69/100\n|\n|upkeep\n|turn|7\n|\n|t:|1788388834\n|switch|p2b: Tyranitar|Tyranitar-Mega, L50, M|100/100\n|-weather|Sandstorm|[from] ability: Sand Stream|[of] p2b: Tyranitar\n|move|p1b: Whimsicott|Tailwind|p1b: Whimsicott\n|-sidestart|p1: busterbunner|move: Tailwind\n|move|p1a: Metagross|Iron Head|p2b: Tyranitar\n|-supereffective|p2b: Tyranitar|1\n|-damage|p2b: Tyranitar|27/100\n|move|p2a: Gholdengo|Shadow Ball|p1a: Metagross\n|-supereffective|p1a: Metagross|1\n|-damage|p1a: Metagross|0 fnt\n|faint|p1a: Metagross\n|-damage|p2a: Gholdengo|60/100|[from] item: Life Orb\n|\n|-weather|Sandstorm|[upkeep]\n|-damage|p1b: Whimsicott|82/100|[from] Sandstorm\n|upkeep\n|turn|8\n|\n|t:|1788388848\n|move|p1b: Whimsicott|Moonblast|p2b: Tyranitar\n|-supereffective|p2b: Tyranitar|1\n|-damage|p2b: Tyranitar|0 fnt\n|faint|p2b: Tyranitar\n|move|p2a: Gholdengo|Make It Rain|p1b: Whimsicott\n|-supereffective|p1b: Whimsicott|1\n|-damage|p1b: Whimsicott|0 fnt\n|-unboost|p2a: Gholdengo|spa|2\n|faint|p1b: Whimsicott\n|-damage|p2a: Gholdengo|50/100g|[from] item: Life Orb\n|\n|win|Pawah\n","uploadtime":1788388848,"views":"0","formatid":"gen9championsvgc2026regmbbo3","rating":null,"private":0,"password":null}