{"id":"gen9championsvgc2026regmb-2674329633","format":"[Gen 9 Champions] VGC 2026 Reg M-B","players":["masterdane69","Mameon"],"log":"|j|☆masterdane69\n|j|☆Mameon\n|t:|1788342306\n|gametype|doubles\n|player|p1|masterdane69|266|1358\n|player|p2|Mameon|101|1444\n|gen|9\n|tier|[Gen 9 Champions] VGC 2026 Reg M-B\n|rated|\n|rule|Species Clause: Limit one of each Pokémon\n|rule|Item Clause: Limit 1 of each item\n|clearpoke\n|poke|p1|Excadrill, L50, F|\n|poke|p1|Tyranitar, L50, M|\n|poke|p1|Gholdengo, L50|\n|poke|p1|Sinistcha-Masterpiece, L50|\n|poke|p1|Incineroar, L50, M|\n|poke|p1|Floette-Eternal, L50, F|\n|poke|p2|Staraptor, L50, M|\n|poke|p2|Farigiraf, L50, F|\n|poke|p2|Tyranitar, L50, M|\n|poke|p2|Whimsicott, L50, F|\n|poke|p2|Excadrill, L50, M|\n|poke|p2|Gholdengo, L50, shiny|\n|teampreview|4\n|inactive|Battle timer is ON: inactive players will automatically lose when time's up. (requested by masterdane69)\n|inactive|masterdane69 has 60 seconds left.\n|\n|t:|1788342351\n|teamsize|p1|4\n|teamsize|p2|4\n|start\n|switch|p1a: Incineroar|Incineroar, L50, M|100/100\n|switch|p1b: Gholdengo|Gholdengo, L50|100/100\n|switch|p2a: Staraptor|Staraptor, L50, M|100/100\n|switch|p2b: Farigiraf|Farigiraf, L50, F|100/100\n|-ability|p2a: Staraptor|Intimidate|boost\n|-unboost|p1a: Incineroar|atk|1\n|-unboost|p1b: Gholdengo|atk|1\n|-ability|p1a: Incineroar|Intimidate|boost\n|-unboost|p2a: Staraptor|atk|1\n|-unboost|p2b: Farigiraf|atk|1\n|turn|1\n|inactive|Mameon has 30 seconds left.\n|\n|t:|1788342382\n|detailschange|p2a: Staraptor|Staraptor-Mega, L50, M\n|-mega|p2a: Staraptor|Staraptor|Staraptite\n|move|p2a: Staraptor|Close Combat|p1a: Incineroar\n|-supereffective|p1a: Incineroar|1\n|-damage|p1a: Incineroar|31/100\n|-boost|p2a: Staraptor|def|1\n|-boost|p2a: Staraptor|spd|1\n|move|p1b: Gholdengo|Nasty Plot|p1b: Gholdengo\n|-boost|p1b: Gholdengo|spa|2\n|move|p2b: Farigiraf|Thunderbolt|p1b: Gholdengo\n|-damage|p1b: Gholdengo|72/100\n|move|p1a: Incineroar|Will-O-Wisp|p2a: Staraptor\n|-status|p2a: Staraptor|brn\n|\n|-heal|p1a: Incineroar|37/100|[from] item: Leftovers\n|-damage|p2a: Staraptor|94/100 brn|[from] brn\n|upkeep\n|turn|2\n|inactive|masterdane69 has 30 seconds left.\n|\n|t:|1788342407\n|move|p2a: Staraptor|Close Combat|p1a: Incineroar\n|-supereffective|p1a: Incineroar|1\n|-damage|p1a: Incineroar|4/100\n|-boost|p2a: Staraptor|def|1\n|-boost|p2a: Staraptor|spd|1\n|move|p1b: Gholdengo|Make It Rain|p2b: Farigiraf|[spread] p2a,p2b\n|-damage|p2a: Staraptor|32/100 brn\n|-damage|p2b: Farigiraf|0 fnt\n|-unboost|p1b: Gholdengo|spa|2\n|faint|p2b: Farigiraf\n|move|p1a: Incineroar|Parting Shot|p2a: Staraptor\n|-boost|p2a: Staraptor|atk|1\n|-boost|p2a: Staraptor|spa|1\n|\n|t:|1788342422\n|switch|p1a: Tyranitar|Tyranitar, L50, M|100/100|[from] Parting Shot\n|-weather|Sandstorm|[from] ability: Sand Stream|[of] p1a: Tyranitar\n|\n|-weather|Sandstorm|[upkeep]\n|-damage|p2a: Staraptor|27/100 brn|[from] Sandstorm\n|-damage|p2a: Staraptor|21/100 brn|[from] brn\n|upkeep\n|\n|t:|1788342439\n|switch|p2b: Excadrill|Excadrill, L50, M|100/100\n|turn|3\n|\n|t:|1788342448\n|switch|p1a: Incineroar|Incineroar, L50, M|4/100\n|-ability|p1a: Incineroar|Intimidate|boost\n|-boost|p2a: Staraptor|atk|1\n|-unboost|p2b: Excadrill|atk|1\n|move|p2b: Excadrill|Earthquake|p1b: Gholdengo|[spread] p1a,p1b\n|-immune|p2a: Staraptor\n|-supereffective|p1a: Incineroar|1\n|-supereffective|p1b: Gholdengo|1\n|-damage|p1a: Incineroar|0 fnt\n|-damage|p1b: Gholdengo|1/100\n|faint|p1a: Incineroar\n|move|p2a: Staraptor|Close Combat|p1b: Gholdengo\n|-immune|p1b: Gholdengo\n|move|p1b: Gholdengo|Shadow Ball|p2a: Staraptor\n|-damage|p2a: Staraptor|1/100 brn\n|\n|-weather|Sandstorm|[upkeep]\n|-damage|p2a: Staraptor|0 fnt|[from] Sandstorm\n|faint|p2a: Staraptor\n|upkeep\n|\n|t:|1788342466\n|switch|p2a: Gholdengo|Gholdengo, L50, shiny|100/100\n|switch|p1a: Excadrill|Excadrill, L50, F|100/100\n|turn|4\n|\n|t:|1788342481\n|move|p2a: Gholdengo|Protect|p2a: Gholdengo\n|-singleturn|p2a: Gholdengo|Protect\n|move|p1a: Excadrill|Earthquake|p2b: Excadrill|[spread] p1b,p2b\n|-activate|p2a: Gholdengo|move: Protect\n|-supereffective|p1b: Gholdengo|1\n|-supereffective|p2b: Excadrill|1\n|-damage|p1b: Gholdengo|0 fnt\n|-damage|p2b: Excadrill|0 fnt\n|faint|p1b: Gholdengo\n|faint|p2b: Excadrill\n|\n|-weather|Sandstorm|[upkeep]\n|upkeep\n|\n|t:|1788342491\n|switch|p1b: Tyranitar|Tyranitar, L50, M|100/100\n|turn|5\n|\n|t:|1788342499\n|detailschange|p1b: Tyranitar|Tyranitar-Mega, L50, M\n|-mega|p1b: Tyranitar|Tyranitar|Tyranitarite\n|move|p1b: Tyranitar|Protect|p1b: Tyranitar\n|-singleturn|p1b: Tyranitar|Protect\n|move|p1a: Excadrill|Earthquake|p2a: Gholdengo|[spread] p2a\n|-activate|p1b: Tyranitar|move: Protect\n|-supereffective|p2a: Gholdengo|1\n|-damage|p2a: Gholdengo|11/100\n|move|p2a: Gholdengo|Make It Rain|p1a: Excadrill|[spread] p1a\n|-activate|p1b: Tyranitar|move: Protect\n|-resisted|p1a: Excadrill|1\n|-damage|p1a: Excadrill|58/100\n|-unboost|p2a: Gholdengo|spa|2\n|-damage|p2a: Gholdengo|1/100|[from] item: Life Orb\n|\n|-weather|Sandstorm|[upkeep]\n|upkeep\n|turn|6\n|\n|t:|1788342520\n|move|p1a: Excadrill|High Horsepower|p2a: Gholdengo\n|-supereffective|p2a: Gholdengo|1\n|-damage|p2a: Gholdengo|0 fnt\n|faint|p2a: Gholdengo\n|\n|win|masterdane69\n|raw|masterdane69's rating: 1358 &rarr; <strong>1383</strong><br />(+25 for winning)\n|raw|Mameon's rating: 1444 &rarr; <strong>1419</strong><br />(-25 for losing)\n","uploadtime":1788342524,"views":"0","formatid":"gen9championsvgc2026regmb","rating":1383,"private":0,"password":null}