{"id":"gen9championsvgc2026regmb-2674427566","format":"[Gen 9 Champions] VGC 2026 Reg M-B","players":["centruledge","DemonPingu"],"log":"|j|☆centruledge\n|j|☆DemonPingu\n|t:|1788358547\n|gametype|doubles\n|player|p1|centruledge|2|1358\n|player|p2|DemonPingu|hiker-gen4|1419\n|gen|9\n|tier|[Gen 9 Champions] VGC 2026 Reg M-B\n|rated|\n|rule|Species Clause: Limit one of each Pokémon\n|rule|Item Clause: Limit 1 of each item\n|clearpoke\n|poke|p1|Tyranitar, L50, F|\n|poke|p1|Whimsicott, L50, F|\n|poke|p1|Froslass, L50, F|\n|poke|p1|Excadrill, L50, F|\n|poke|p1|Basculegion, L50, M|\n|poke|p1|Sneasler, L50, M|\n|poke|p2|Blastoise, L50, M|\n|poke|p2|Delphox, L50, M|\n|poke|p2|Sinistcha, L50|\n|poke|p2|Incineroar, L50, M|\n|poke|p2|Sneasler, L50, M|\n|poke|p2|Kingambit, L50, F|\n|teampreview|4\n|inactive|Battle timer is ON: inactive players will automatically lose when time's up. (requested by centruledge)\n|inactive|centruledge has 60 seconds left.\n|inactive|DemonPingu has 60 seconds left.\n|\n|t:|1788358581\n|teamsize|p1|4\n|teamsize|p2|4\n|start\n|switch|p1a: Basculegion|Basculegion, L50, M|100/100\n|switch|p1b: Whimsicott|Whimsicott, L50, F|100/100\n|switch|p2a: Blastoise|Blastoise, L50, M|100/100\n|switch|p2b: Sneasler|Sneasler, L50, M|100/100\n|turn|1\n|\n|t:|1788358594\n|detailschange|p2a: Blastoise|Blastoise-Mega, L50, M\n|-mega|p2a: Blastoise|Blastoise|Blastoisinite\n|move|p1b: Whimsicott|Protect|p1b: Whimsicott\n|-singleturn|p1b: Whimsicott|Protect\n|move|p2b: Sneasler|Fake Out|p1b: Whimsicott\n|-activate|p1b: Whimsicott|move: Protect\n|move|p1a: Basculegion|Flip Turn|p2a: Blastoise\n|-resisted|p2a: Blastoise|1\n|-damage|p2a: Blastoise|80/100\n|\n|t:|1788358603\n|switch|p1a: Tyranitar|Tyranitar, L50, F|100/100|[from] Flip Turn\n|-weather|Sandstorm|[from] ability: Sand Stream|[of] p1a: Tyranitar\n|move|p2a: Blastoise|Dark Pulse|p1a: Tyranitar\n|-resisted|p1a: Tyranitar|1\n|-damage|p1a: Tyranitar|84/100\n|\n|-weather|Sandstorm|[upkeep]\n|-damage|p2b: Sneasler|94/100|[from] Sandstorm\n|-damage|p1b: Whimsicott|94/100|[from] Sandstorm\n|-damage|p2a: Blastoise|74/100|[from] Sandstorm\n|upkeep\n|turn|2\n|\n|t:|1788358625\n|switch|p2a: Incineroar|Incineroar, L50, M|100/100\n|-ability|p2a: Incineroar|Intimidate|boost\n|-unboost|p1a: Tyranitar|atk|1\n|-unboost|p1b: Whimsicott|atk|1\n|detailschange|p1a: Tyranitar|Tyranitar-Mega, L50, F\n|-mega|p1a: Tyranitar|Tyranitar|Tyranitarite\n|move|p1a: Tyranitar|Protect|p1a: Tyranitar\n|-singleturn|p1a: Tyranitar|Protect\n|move|p1b: Whimsicott|Tailwind|p1b: Whimsicott\n|-sidestart|p1: centruledge|move: Tailwind\n|move|p2b: Sneasler|Gunk Shot|p1b: Whimsicott|[miss]\n|-miss|p2b: Sneasler|p1b: Whimsicott\n|\n|-weather|Sandstorm|[upkeep]\n|-damage|p1b: Whimsicott|88/100|[from] Sandstorm\n|-damage|p2b: Sneasler|88/100|[from] Sandstorm\n|-damage|p2a: Incineroar|94/100|[from] Sandstorm\n|upkeep\n|turn|3\n|\n|t:|1788358647\n|switch|p1a: Basculegion|Basculegion, L50, M|100/100\n|move|p1b: Whimsicott|Protect|p1b: Whimsicott\n|-singleturn|p1b: Whimsicott|Protect\n|move|p2a: Incineroar|Fake Out|p1a: Basculegion\n|-immune|p1a: Basculegion\n|move|p2b: Sneasler|Close Combat|p1a: Basculegion\n|-immune|p1a: Basculegion\n|\n|-weather|Sandstorm|[upkeep]\n|-damage|p1a: Basculegion|93/100|[from] Sandstorm\n|-damage|p1b: Whimsicott|82/100|[from] Sandstorm\n|-damage|p2b: Sneasler|82/100|[from] Sandstorm\n|-damage|p2a: Incineroar|88/100|[from] Sandstorm\n|upkeep\n|turn|4\n|inactive|centruledge has 30 seconds left.\n|inactive|centruledge has 20 seconds left.\n|\n|t:|1788358684\n|switch|p2a: Sinistcha|Sinistcha, L50|100/100\n|-heal|p2b: Sneasler|100/100|[from] ability: Hospitality|[of] p2a: Sinistcha\n|move|p1a: Basculegion|Wave Crash|p2b: Sneasler\n|-enditem|p2b: Sneasler|Focus Sash\n|-damage|p2b: Sneasler|1/100\n|-damage|p1a: Basculegion|67/100|[from] Recoil\n|move|p1b: Whimsicott|Moonblast|p2a: Sinistcha\n|-damage|p2a: Sinistcha|56/100\n|move|p2b: Sneasler|Gunk Shot|p1b: Whimsicott|[miss]\n|-miss|p2b: Sneasler|p1b: Whimsicott\n|\n|-weather|Sandstorm|[upkeep]\n|-damage|p1a: Basculegion|61/100|[from] Sandstorm\n|-damage|p1b: Whimsicott|76/100|[from] Sandstorm\n|-damage|p2b: Sneasler|0 fnt|[from] Sandstorm\n|-damage|p2a: Sinistcha|50/100y|[from] Sandstorm\n|faint|p2b: Sneasler\n|upkeep\n|c|☆DemonPingu|That it\n|c|☆DemonPingu|I’m dropping gunk shot\n|\n|t:|1788358709\n|switch|p2b: Incineroar|Incineroar, L50, M|88/100\n|-ability|p2b: Incineroar|Intimidate|boost\n|-unboost|p1a: Basculegion|atk|1\n|-unboost|p1b: Whimsicott|atk|1\n|turn|5\n|\n|t:|1788358733\n|switch|p1a: Tyranitar|Tyranitar-Mega, L50, F|84/100\n|move|p1b: Whimsicott|Protect|p1b: Whimsicott\n|-singleturn|p1b: Whimsicott|Protect\n|move|p2a: Sinistcha|Matcha Gotcha|p1a: Tyranitar|[spread] p1a\n|-activate|p1b: Whimsicott|move: Protect\n|-supereffective|p1a: Tyranitar|1\n|-damage|p1a: Tyranitar|56/100\n|-heal|p2a: Sinistcha|64/100|[from] drain|[of] p1a: Tyranitar\n|move|p2b: Incineroar|Parting Shot|p1a: Tyranitar\n|-unboost|p1a: Tyranitar|atk|1\n|-unboost|p1a: Tyranitar|spa|1\n|\n|t:|1788358748\n|switch|p2b: Blastoise|Blastoise-Mega, L50, M|74/100|[from] Parting Shot\n|\n|-weather|none\n|-sideend|p1: centruledge|move: Tailwind\n|upkeep\n|turn|6\n|inactive|centruledge has 30 seconds left.\n|inactive|centruledge has 20 seconds left.\n|inactive|DemonPingu has 30 seconds left.\n|\n|t:|1788358787\n|switch|p1a: Basculegion|Basculegion, L50, M|61/100\n|move|p1b: Whimsicott|Moonblast|p2b: Blastoise\n|-damage|p2b: Blastoise|28/100\n|-unboost|p2b: Blastoise|spa|1\n|move|p2b: Blastoise|Water Spout|p1a: Basculegion|[spread] p1a,p1b\n|-resisted|p1a: Basculegion|1\n|-resisted|p1b: Whimsicott|1\n|-damage|p1a: Basculegion|53/100\n|-damage|p1b: Whimsicott|67/100\n|move|p2a: Sinistcha|Trick Room|p2a: Sinistcha\n|-fieldstart|move: Trick Room|[of] p2a: Sinistcha\n|\n|upkeep\n|turn|7\n|inactive|centruledge has 30 seconds left.\n|inactive|centruledge has 20 seconds left.\n|\n|t:|1788358824\n|switch|p2a: Incineroar|Incineroar, L50, M|88/100\n|-ability|p2a: Incineroar|Intimidate|boost\n|-unboost|p1a: Basculegion|atk|1\n|-unboost|p1b: Whimsicott|atk|1\n|switch|p1a: Tyranitar|Tyranitar-Mega, L50, F|56/100\n|-weather|Sandstorm|[from] ability: Sand Stream|[of] p1a: Tyranitar\n|move|p2b: Blastoise|Dark Pulse|p1a: Tyranitar\n|-resisted|p1a: Tyranitar|1\n|-damage|p1a: Tyranitar|48/100\n|move|p1b: Whimsicott|Moonblast|p2b: Blastoise\n|-damage|p2b: Blastoise|0 fnt\n|faint|p2b: Blastoise\n|\n|-weather|Sandstorm|[upkeep]\n|-damage|p2a: Incineroar|82/100|[from] Sandstorm\n|-damage|p1b: Whimsicott|61/100|[from] Sandstorm\n|upkeep\n|\n|t:|1788358831\n|switch|p2b: Sinistcha|Sinistcha, L50|64/100\n|-heal|p2a: Incineroar|100/100|[from] ability: Hospitality|[of] p2b: Sinistcha\n|turn|8\n|c|☆centruledge|I outsmarted you every turn lol\n|\n|t:|1788358852\n|move|p2a: Incineroar|Helping Hand|p2b: Sinistcha\n|-singleturn|p2b: Sinistcha|Helping Hand|[of] p2a: Incineroar\n|move|p1b: Whimsicott|Protect|p1b: Whimsicott\n|-singleturn|p1b: Whimsicott|Protect\n|move|p1a: Tyranitar|Protect|p1a: Tyranitar\n|-singleturn|p1a: Tyranitar|Protect\n|move|p2b: Sinistcha|Matcha Gotcha|p1b: Whimsicott|[spread] \n|-activate|p1a: Tyranitar|move: Protect\n|-activate|p1b: Whimsicott|move: Protect\n|\n|-weather|Sandstorm|[upkeep]\n|-damage|p2a: Incineroar|94/100|[from] Sandstorm\n|-damage|p2b: Sinistcha|57/100|[from] Sandstorm\n|-damage|p1b: Whimsicott|55/100|[from] Sandstorm\n|upkeep\n|turn|9\n|\n|t:|1788358875\n|move|p2a: Incineroar|Helping Hand|p2b: Sinistcha\n|-singleturn|p2b: Sinistcha|Helping Hand|[of] p2a: Incineroar\n|move|p2b: Sinistcha|Matcha Gotcha|p1a: Tyranitar|[spread] p1a,p1b\n|-supereffective|p1a: Tyranitar|1\n|-resisted|p1b: Whimsicott|1\n|-damage|p1a: Tyranitar|3/100\n|-heal|p2b: Sinistcha|79/100|[from] drain|[of] p1a: Tyranitar\n|-damage|p1b: Whimsicott|26/100\n|-heal|p2b: Sinistcha|91/100|[from] drain|[of] p1b: Whimsicott\n|-status|p1b: Whimsicott|brn\n|move|p1a: Tyranitar|Knock Off|p2b: Sinistcha\n|-supereffective|p2b: Sinistcha|1\n|-enditem|p2b: Sinistcha|Colbur Berry|[eat]\n|-enditem|p2b: Sinistcha|Colbur Berry|[weaken]\n|-damage|p2b: Sinistcha|37/100\n|move|p1b: Whimsicott|Moonblast|p2a: Incineroar\n|-damage|p2a: Incineroar|55/100\n|\n|-weather|Sandstorm|[upkeep]\n|-damage|p2a: Incineroar|49/100|[from] Sandstorm\n|-damage|p2b: Sinistcha|30/100|[from] Sandstorm\n|-damage|p1b: Whimsicott|20/100y brn|[from] Sandstorm\n|-enditem|p2a: Incineroar|Sitrus Berry|[eat]\n|-heal|p2a: Incineroar|74/100|[from] item: Sitrus Berry\n|-damage|p1b: Whimsicott|14/100 brn|[from] brn\n|upkeep\n|turn|10\n|-message|DemonPingu forfeited.\n|\n|win|centruledge\n|raw|centruledge's rating: 1358 &rarr; <strong>1381</strong><br />(+23 for winning)\n|raw|DemonPingu's rating: 1419 &rarr; <strong>1396</strong><br />(-23 for losing)\n|l|☆DemonPingu\n|player|p2|\n","uploadtime":1788359141,"views":"2","formatid":"gen9championsvgc2026regmb","rating":1381,"private":0,"password":null}