{"id":"gen9championsvgc2026regmb-2674021185","format":"[Gen 9 Champions] VGC 2026 Reg M-B","players":["sketcheye","Nayumi_VT"],"log":"|j|☆sketcheye\n|j|☆Nayumi_VT\n|t:|1788289146\n|gametype|doubles\n|player|p1|sketcheye|biker-gen4|1141\n|player|p2|Nayumi_VT|dahlia|1168\n|gen|9\n|tier|[Gen 9 Champions] VGC 2026 Reg M-B\n|rated|\n|rule|Species Clause: Limit one of each Pokémon\n|rule|Item Clause: Limit 1 of each item\n|clearpoke\n|poke|p1|Mawile, L50, F|\n|poke|p1|Golurk, L50|\n|poke|p1|Torkoal, L50, F|\n|poke|p1|Farigiraf, L50, F|\n|poke|p1|Hydrapple, L50, F|\n|poke|p1|Araquanid, L50, M|\n|poke|p2|Overqwil, L50, M, shiny|\n|poke|p2|Sneasler, L50, F, shiny|\n|poke|p2|Meowstic, L50, M, shiny|\n|poke|p2|Klefki, L50, F, shiny|\n|poke|p2|Delphox, L50, F, shiny|\n|poke|p2|Sableye, L50, M, shiny|\n|teampreview|4\n|inactive|Battle timer is ON: inactive players will automatically lose when time's up. (requested by Nayumi_VT)\n|inactive|sketcheye has 60 seconds left.\n|\n|t:|1788289197\n|teamsize|p1|4\n|teamsize|p2|4\n|start\n|switch|p1a: Farigiraf|Farigiraf, L50, F|100/100\n|switch|p1b: Golurk|Golurk, L50|100/100\n|switch|p2a: Golden Shower|Meowstic, L50, M, shiny|100/100\n|switch|p2b: Fisteur Fou|Overqwil, L50, M, shiny|100/100\n|-ability|p2b: Fisteur Fou|Intimidate|boost\n|-unboost|p1a: Farigiraf|atk|1\n|-unboost|p1b: Golurk|atk|1\n|turn|1\n|\n|t:|1788289214\n|detailschange|p1b: Golurk|Golurk-Mega, L50\n|-mega|p1b: Golurk|Golurk|Golurkite\n|move|p2a: Golden Shower|Skill Swap|p2b: Fisteur Fou\n|-activate|p2a: Golden Shower|Skill Swap|||[of] p2b: Fisteur Fou\n|-hint|Skill Swap does not announce the abilities of the Pokémon when used between allies.\n|-ability|p2a: Golden Shower|Intimidate|boost\n|-unboost|p1a: Farigiraf|atk|1\n|-unboost|p1b: Golurk|atk|1\n|move|p2b: Fisteur Fou|Minimize|p2b: Fisteur Fou\n|-boost|p2b: Fisteur Fou|evasion|2\n|move|p1b: Golurk|Headlong Rush|p2b: Fisteur Fou|[miss]\n|-miss|p1b: Golurk|p2b: Fisteur Fou\n|move|p1a: Farigiraf|Trick Room|p1a: Farigiraf\n|-fieldstart|move: Trick Room|[of] p1a: Farigiraf\n|\n|upkeep\n|turn|2\n|inactive|sketcheye has 30 seconds left.\n|\n|t:|1788289245\n|switch|p1a: Araquanid|Araquanid, L50, M|100/100\n|move|p2b: Fisteur Fou|Minimize|p2b: Fisteur Fou\n|-boost|p2b: Fisteur Fou|evasion|2\n|move|p1b: Golurk|Poltergeist|p2a: Golden Shower\n|-activate|p2a: Golden Shower|move: Poltergeist|Bright Powder\n|-supereffective|p2a: Golden Shower|1\n|-damage|p2a: Golden Shower|32/100\n|move|p2a: Golden Shower|Skill Swap|p2b: Fisteur Fou\n|-activate|p2a: Golden Shower|Skill Swap|||[of] p2b: Fisteur Fou\n|-hint|Skill Swap does not announce the abilities of the Pokémon when used between allies.\n|-ability|p2b: Fisteur Fou|Intimidate|boost\n|-unboost|p1a: Araquanid|atk|1\n|-unboost|p1b: Golurk|atk|1\n|\n|upkeep\n|turn|3\n|\n|t:|1788289259\n|move|p2a: Golden Shower|Skill Swap|p2b: Fisteur Fou\n|-activate|p2a: Golden Shower|Skill Swap|||[of] p2b: Fisteur Fou\n|-hint|Skill Swap does not announce the abilities of the Pokémon when used between allies.\n|-ability|p2a: Golden Shower|Intimidate|boost\n|-unboost|p1a: Araquanid|atk|1\n|-unboost|p1b: Golurk|atk|1\n|move|p2b: Fisteur Fou|Minimize|p2b: Fisteur Fou\n|-boost|p2b: Fisteur Fou|evasion|2\n|move|p1a: Araquanid|Leech Life|p2a: Golden Shower\n|-supereffective|p2a: Golden Shower|1\n|-crit|p2a: Golden Shower\n|-damage|p2a: Golden Shower|0 fnt\n|faint|p2a: Golden Shower\n|move|p1b: Golurk|Headlong Rush|p2b: Fisteur Fou\n|-supereffective|p2b: Fisteur Fou|1\n|-damage|p2b: Fisteur Fou|49/100\n|-unboost|p1b: Golurk|def|1\n|-unboost|p1b: Golurk|spd|1\n|\n|-heal|p2b: Fisteur Fou|55/100|[from] item: Leftovers\n|upkeep\n|\n|t:|1788289269\n|switch|p2a: He isn't dangerous|Klefki, L50, F, shiny|100/100\n|turn|4\n|\n|t:|1788289280\n|move|p2a: He isn't dangerous|Psych Up|p2b: Fisteur Fou\n|-copyboost|p2a: He isn't dangerous|p2b: Fisteur Fou|[from] move: Psych Up\n|move|p2b: Fisteur Fou|Stockpile|p2b: Fisteur Fou\n|-start|p2b: Fisteur Fou|stockpile1\n|-boost|p2b: Fisteur Fou|def|1\n|-boost|p2b: Fisteur Fou|spd|1\n|move|p1a: Araquanid|Liquidation|p2a: He isn't dangerous|[miss]\n|-miss|p1a: Araquanid|p2a: He isn't dangerous\n|move|p1b: Golurk|Headlong Rush|p2a: He isn't dangerous\n|-supereffective|p2a: He isn't dangerous|1\n|-damage|p2a: He isn't dangerous|51/100\n|-unboost|p1b: Golurk|def|1\n|-unboost|p1b: Golurk|spd|1\n|\n|-heal|p2b: Fisteur Fou|61/100|[from] item: Leftovers\n|upkeep\n|turn|5\n|\n|t:|1788289298\n|move|p2a: He isn't dangerous|Substitute|p2a: He isn't dangerous\n|-start|p2a: He isn't dangerous|Substitute\n|-damage|p2a: He isn't dangerous|26/100\n|-enditem|p2a: He isn't dangerous|Sitrus Berry|[eat]\n|-heal|p2a: He isn't dangerous|51/100|[from] item: Sitrus Berry\n|move|p2b: Fisteur Fou|Stockpile|p2b: Fisteur Fou\n|-start|p2b: Fisteur Fou|stockpile2\n|-boost|p2b: Fisteur Fou|def|1\n|-boost|p2b: Fisteur Fou|spd|1\n|move|p1a: Araquanid|Liquidation|p2a: He isn't dangerous|[miss]\n|-miss|p1a: Araquanid|p2a: He isn't dangerous\n|move|p1b: Golurk|Headlong Rush|p2a: He isn't dangerous|[miss]\n|-miss|p1b: Golurk|p2a: He isn't dangerous\n|\n|-heal|p2b: Fisteur Fou|67/100|[from] item: Leftovers\n|-fieldend|move: Trick Room\n|upkeep\n|turn|6\n|\n|t:|1788289316\n|move|p2a: He isn't dangerous|Calm Mind|p2a: He isn't dangerous\n|-boost|p2a: He isn't dangerous|spa|1\n|-boost|p2a: He isn't dangerous|spd|1\n|move|p2b: Fisteur Fou|Barb Barrage|p1a: Araquanid\n|-damage|p1a: Araquanid|67/100\n|-status|p1a: Araquanid|psn\n|move|p1b: Golurk|Headlong Rush|p2b: Fisteur Fou|[miss]\n|-miss|p1b: Golurk|p2b: Fisteur Fou\n|move|p1a: Araquanid|Liquidation|p2b: Fisteur Fou|[miss]\n|-miss|p1a: Araquanid|p2b: Fisteur Fou\n|\n|-heal|p2b: Fisteur Fou|74/100|[from] item: Leftovers\n|-damage|p1a: Araquanid|55/100 psn|[from] psn\n|upkeep\n|turn|7\n|inactive|Nayumi_VT has 30 seconds left.\n|\n|t:|1788289344\n|move|p2a: He isn't dangerous|Calm Mind|p2a: He isn't dangerous\n|-boost|p2a: He isn't dangerous|spa|1\n|-boost|p2a: He isn't dangerous|spd|1\n|move|p2b: Fisteur Fou|Barb Barrage|p1a: Araquanid\n|-damage|p1a: Araquanid|0 fnt\n|faint|p1a: Araquanid\n|move|p1b: Golurk|Headlong Rush|p2b: Fisteur Fou|[miss]\n|-miss|p1b: Golurk|p2b: Fisteur Fou\n|\n|-heal|p2b: Fisteur Fou|80/100|[from] item: Leftovers\n|upkeep\n|\n|t:|1788289353\n|switch|p1a: Farigiraf|Farigiraf, L50, F|100/100\n|turn|8\n|\n|t:|1788289365\n|move|p2a: He isn't dangerous|Calm Mind|p2a: He isn't dangerous\n|-boost|p2a: He isn't dangerous|spa|1\n|-boost|p2a: He isn't dangerous|spd|1\n|move|p2b: Fisteur Fou|Barb Barrage|p1a: Farigiraf\n|-damage|p1a: Farigiraf|79/100\n|-status|p1a: Farigiraf|psn\n|move|p1b: Golurk|Headlong Rush|p2b: Fisteur Fou|[miss]\n|-miss|p1b: Golurk|p2b: Fisteur Fou\n|move|p1a: Farigiraf|Trick Room|p1a: Farigiraf\n|-fieldstart|move: Trick Room|[of] p1a: Farigiraf\n|\n|-heal|p2b: Fisteur Fou|86/100|[from] item: Leftovers\n|-damage|p1a: Farigiraf|67/100 psn|[from] psn\n|upkeep\n|turn|9\n|inactive|Nayumi_VT has 30 seconds left.\n|\n|t:|1788289393\n|move|p1a: Farigiraf|Helping Hand|p1b: Golurk\n|-singleturn|p1b: Golurk|Helping Hand|[of] p1a: Farigiraf\n|move|p2b: Fisteur Fou|Stockpile|p2b: Fisteur Fou\n|-start|p2b: Fisteur Fou|stockpile3\n|-boost|p2b: Fisteur Fou|def|1\n|-boost|p2b: Fisteur Fou|spd|1\n|move|p1b: Golurk|Headlong Rush|p2b: Fisteur Fou|[miss]\n|-miss|p1b: Golurk|p2b: Fisteur Fou\n|move|p2a: He isn't dangerous|Draining Kiss|p1b: Golurk\n|-damage|p1b: Golurk|0 fnt\n|-heal|p2a: He isn't dangerous|100/100|[from] drain|[of] p1b: Golurk\n|faint|p1b: Golurk\n|\n|-heal|p2b: Fisteur Fou|92/100|[from] item: Leftovers\n|-damage|p1a: Farigiraf|55/100 psn|[from] psn\n|upkeep\n|\n|t:|1788289404\n|switch|p1b: Mawile|Mawile, L50, F|100/100\n|-ability|p1b: Mawile|Intimidate|boost\n|-immune|p2a: He isn't dangerous\n|-unboost|p2b: Fisteur Fou|atk|1\n|turn|10\n|\n|t:|1788289425\n|move|p1a: Farigiraf|Helping Hand|p1b: Mawile\n|-singleturn|p1b: Mawile|Helping Hand|[of] p1a: Farigiraf\n|move|p2a: He isn't dangerous|Psych Up|p2b: Fisteur Fou\n|-copyboost|p2a: He isn't dangerous|p2b: Fisteur Fou|[from] move: Psych Up\n|move|p1b: Mawile|Iron Head|p2b: Fisteur Fou|[miss]\n|-miss|p1b: Mawile|p2b: Fisteur Fou\n|move|p2b: Fisteur Fou|Barb Barrage|p1a: Farigiraf\n|-damage|p1a: Farigiraf|28/100 psn\n|\n|-heal|p2b: Fisteur Fou|98/100|[from] item: Leftovers\n|-damage|p1a: Farigiraf|16/100 psn|[from] psn\n|upkeep\n|turn|11\n|inactive|Nayumi_VT has 30 seconds left.\n|\n|t:|1788289453\n|move|p1a: Farigiraf|Helping Hand|p1b: Mawile\n|-singleturn|p1b: Mawile|Helping Hand|[of] p1a: Farigiraf\n|move|p2a: He isn't dangerous|Calm Mind|p2a: He isn't dangerous\n|-boost|p2a: He isn't dangerous|spa|1\n|-boost|p2a: He isn't dangerous|spd|1\n|move|p1b: Mawile|Iron Head|p2b: Fisteur Fou\n|-damage|p2b: Fisteur Fou|81/100\n|move|p2b: Fisteur Fou|Barb Barrage|p1a: Farigiraf\n|-damage|p1a: Farigiraf|0 fnt\n|faint|p1a: Farigiraf\n|\n|-heal|p2b: Fisteur Fou|88/100|[from] item: Leftovers\n|upkeep\n|turn|12\n|\n|t:|1788289476\n|move|p2b: Fisteur Fou|Minimize|p2b: Fisteur Fou\n|-boost|p2b: Fisteur Fou|evasion|0\n|move|p1b: Mawile|Iron Head|p2b: Fisteur Fou|[miss]\n|-miss|p1b: Mawile|p2b: Fisteur Fou\n|move|p2a: He isn't dangerous|Draining Kiss|p1b: Mawile\n|-resisted|p1b: Mawile|1\n|-damage|p1b: Mawile|62/100\n|\n|-heal|p2b: Fisteur Fou|94/100|[from] item: Leftovers\n|-fieldend|move: Trick Room\n|upkeep\n|turn|13\n|\n|t:|1788289485\n|switch|p2b: Sableye|Sableye, L50, M, shiny|100/100\n|move|p2a: He isn't dangerous|Calm Mind|p2a: He isn't dangerous\n|-boost|p2a: He isn't dangerous|spa|1\n|-boost|p2a: He isn't dangerous|spd|1\n|move|p1b: Mawile|Iron Head|p2b: Sableye\n|-damage|p2b: Sableye|65/100\n|\n|upkeep\n|turn|14\n|\n|t:|1788289500\n|move|p2b: Sableye|Psych Up|p2a: He isn't dangerous\n|-copyboost|p2b: Sableye|p2a: He isn't dangerous|[from] move: Psych Up\n|move|p2a: He isn't dangerous|Draining Kiss|p1b: Mawile\n|-resisted|p1b: Mawile|1\n|-damage|p1b: Mawile|12/100\n|move|p1b: Mawile|Play Rough|p2b: Sableye|[miss]\n|-miss|p1b: Mawile|p2b: Sableye\n|\n|upkeep\n|turn|15\n|-message|sketcheye forfeited.\n|\n|win|Nayumi_VT\n|raw|sketcheye's rating: 1141 &rarr; <strong>1118</strong><br />(-23 for losing)\n|raw|Nayumi_VT's rating: 1168 &rarr; <strong>1191</strong><br />(+23 for winning)\n|l|☆sketcheye\n|player|p1|\n","uploadtime":1788289511,"views":"15","formatid":"gen9championsvgc2026regmb","rating":1118,"private":0,"password":null}