{"id":"gen9championsvgc2026regmbbo3-2673906603","format":"[Gen 9 Champions] VGC 2026 Reg M-B (Bo3)","players":["nic0nic0nii","windhounds"],"log":"|j|☆nic0nic0nii\n|j|☆windhounds\n|html|<table width=\"100%\"><tr><td align=\"left\">nic0nic0nii</td><td align=\"right\">windhounds</tr><tr><td align=\"left\"><i class=\"fa fa-circle-o\"></i> <i class=\"fa fa-circle-o\"></i> </td><td align=\"right\"><i class=\"fa fa-circle-o\"></i> <i class=\"fa fa-circle\"></i> </tr></table>\n|uhtml|bestof|<h2><strong>Game 2</strong> of <a href=\"/game-bestof3-gen9championsvgc2026regmbbo3-2673905668\">a best-of-3</a></h2>\n|t:|1788275601\n|gametype|doubles\n|player|p1|nic0nic0nii|pokemonbreederf-gen4|1209\n|player|p2|windhounds|dancer|1169\n|gen|9\n|tier|[Gen 9 Champions] VGC 2026 Reg M-B (Bo3)\n|rated|\n|rule|Species Clause: Limit one of each Pokémon\n|rule|Item Clause: Limit 1 of each item\n|clearpoke\n|poke|p1|Incineroar, L50, F|\n|poke|p1|Kingambit, L50, M|\n|poke|p1|Sinistcha, L50|\n|poke|p1|Sneasler, L50, F|\n|poke|p1|Blastoise, L50, F|\n|poke|p1|Delphox, L50, M|\n|poke|p2|Gengar, L50, M, shiny|\n|poke|p2|Archaludon, L50, M|\n|poke|p2|Politoed, L50, F, shiny|\n|poke|p2|Swampert, L50, M, shiny|\n|poke|p2|Vivillon-Fancy, L50, M|\n|poke|p2|Incineroar, L50, F|\n|teampreview|4\n|showteam|p1|Incineroar||SitrusBerry|Intimidate|FakeOut,FlareBlitz,ThroatChop,PartingShot|Impish||F|||50|]Kingambit||LifeOrb|Defiant|KowtowCleave,SuckerPunch,Protect,SwordsDance|Adamant||M|||50|]Sinistcha||OccaBerry|Hospitality|MatchaGotcha,LifeDew,RagePowder,Protect|Bold|||||50|]Sneasler||FocusSash|PoisonTouch|FakeOut,CloseCombat,PoisonJab,QuickGuard|Jolly||F|||50|]Blastoise||Blastoisinite|RainDish|WaterSpout,DarkPulse,ShellSmash,Protect|Modest||F|||50|]Delphox||Delphoxite|Blaze|HeatWave,Psychic,NastyPlot,Protect|Timid||M|||50|\n|showteam|p2|Gengar||Gengarite|CursedBody|ShadowBall,SludgeBomb,PerishSong,Protect|Modest||M|||50|]Archaludon||Leftovers|Stamina|ElectroShot,DragonPulse,FlashCannon,Protect|Bold||M|||50|]Politoed||SitrusBerry|Drizzle|WeatherBall,Hypnosis,PerishSong,Protect|Calm||F|||50|]Swampert||Swampertite|Torrent|WaveCrash,Earthquake,IcePunch,Protect|Adamant||M|||50|]Vivillon-Fancy||FocusSash|CompoundEyes|Hurricane,SleepPowder,RagePowder,Protect|Timid||M|||50|]Incineroar||PasshoBerry|Intimidate|ThroatChop,FakeOut,PartingShot,Protect|Impish||F|||50|\n|inactive|Battle timer is ON: inactive players will automatically lose when time's up. (requested by windhounds)\n|\n|t:|1788275616\n|teamsize|p1|4\n|teamsize|p2|4\n|start\n|switch|p1a: Incineroar|Incineroar, L50, F|100/100\n|switch|p1b: Blastoise|Blastoise, L50, F|100/100\n|switch|p2a: Swampert|Swampert, L50, M, shiny|100/100\n|switch|p2b: Vivillon|Vivillon-Fancy, L50, M|100/100\n|-ability|p1a: Incineroar|Intimidate|boost\n|-unboost|p2a: Swampert|atk|1\n|-unboost|p2b: Vivillon|atk|1\n|turn|1\n|\n|t:|1788275629\n|detailschange|p1b: Blastoise|Blastoise-Mega, L50, F\n|-mega|p1b: Blastoise|Blastoise|Blastoisinite\n|detailschange|p2a: Swampert|Swampert-Mega, L50, M, shiny\n|-mega|p2a: Swampert|Swampert|Swampertite\n|move|p1a: Incineroar|Fake Out|p2b: Vivillon\n|-crit|p2b: Vivillon\n|-damage|p2b: Vivillon|66/100\n|cant|p2b: Vivillon|flinch\n|move|p1b: Blastoise|Shell Smash|p1b: Blastoise\n|-unboost|p1b: Blastoise|def|1\n|-unboost|p1b: Blastoise|spd|1\n|-boost|p1b: Blastoise|atk|2\n|-boost|p1b: Blastoise|spa|2\n|-boost|p1b: Blastoise|spe|2\n|move|p2a: Swampert|Earthquake|p1b: Blastoise|[spread] p1a,p1b\n|-immune|p2b: Vivillon\n|-supereffective|p1a: Incineroar|1\n|-damage|p1a: Incineroar|42/100\n|-damage|p1b: Blastoise|49/100\n|-enditem|p1a: Incineroar|Sitrus Berry|[eat]\n|-heal|p1a: Incineroar|67/100|[from] item: Sitrus Berry\n|\n|upkeep\n|turn|2\n|\n|t:|1788275647\n|switch|p1a: Sinistcha|Sinistcha, L50|100/100\n|-heal|p1b: Blastoise|74/100|[from] ability: Hospitality|[of] p1a: Sinistcha\n|move|p1b: Blastoise|Water Spout|p2b: Vivillon|[spread] p2a,p2b\n|-damage|p2a: Swampert|8/100\n|-damage|p2b: Vivillon|0 fnt\n|faint|p2b: Vivillon\n|move|p2a: Swampert|Earthquake|p1a: Sinistcha|[spread] p1a,p1b\n|-resisted|p1a: Sinistcha|1\n|-damage|p1a: Sinistcha|86/100\n|-damage|p1b: Blastoise|25/100\n|\n|upkeep\n|\n|t:|1788275660\n|switch|p2b: Politoed|Politoed, L50, F, shiny|100/100\n|-weather|RainDance|[from] ability: Drizzle|[of] p2b: Politoed\n|turn|3\n|\n|t:|1788275668\n|move|p1b: Blastoise|Protect|p1b: Blastoise\n|-singleturn|p1b: Blastoise|Protect\n|move|p2a: Swampert|Protect|p2a: Swampert\n|-singleturn|p2a: Swampert|Protect\n|move|p2b: Politoed|Protect|p2b: Politoed\n|-singleturn|p2b: Politoed|Protect\n|move|p1a: Sinistcha|Matcha Gotcha|p2a: Swampert|[spread] \n|-activate|p2a: Swampert|move: Protect\n|-activate|p2b: Politoed|move: Protect\n|\n|-weather|RainDance|[upkeep]\n|upkeep\n|turn|4\n|\n|t:|1788275690\n|move|p1b: Blastoise|Dark Pulse|p2b: Politoed\n|-damage|p2b: Politoed|26/100\n|-enditem|p2b: Politoed|Sitrus Berry|[eat]\n|-heal|p2b: Politoed|51/100|[from] item: Sitrus Berry\n|move|p2a: Swampert|Earthquake|p1b: Blastoise|[spread] p2b,p1a,p1b\n|-resisted|p1a: Sinistcha|1\n|-damage|p2b: Politoed|23/100\n|-damage|p1a: Sinistcha|74/100\n|-damage|p1b: Blastoise|0 fnt\n|faint|p1b: Blastoise\n|move|p1a: Sinistcha|Matcha Gotcha|p2b: Politoed|[spread] p2a,p2b\n|-supereffective|p2a: Swampert|2\n|-supereffective|p2b: Politoed|1\n|-damage|p2a: Swampert|0 fnt\n|-heal|p1a: Sinistcha|79/100|[from] drain|[of] p2a: Swampert\n|-damage|p2b: Politoed|0 fnt\n|-heal|p1a: Sinistcha|92/100|[from] drain|[of] p2b: Politoed\n|faint|p2a: Swampert\n|faint|p2b: Politoed\n|\n|-weather|RainDance|[upkeep]\n|upkeep\n|\n|t:|1788275708\n|switch|p1b: Sneasler|Sneasler, L50, F|100/100\n|switch|p2b: Archaludon|Archaludon, L50, M|100/100\n|turn|5\n|\n|t:|1788275717\n|move|p2b: Archaludon|Protect|p2b: Archaludon\n|-singleturn|p2b: Archaludon|Protect\n|move|p1a: Sinistcha|Rage Powder|p1a: Sinistcha\n|-singleturn|p1a: Sinistcha|move: Rage Powder\n|move|p1b: Sneasler|Close Combat|p2b: Archaludon\n|-activate|p2b: Archaludon|move: Protect\n|\n|-weather|RainDance|[upkeep]\n|upkeep\n|turn|6\n|\n|t:|1788275721\n|move|p1a: Sinistcha|Rage Powder|p1a: Sinistcha\n|-singleturn|p1a: Sinistcha|move: Rage Powder\n|move|p1b: Sneasler|Close Combat|p2b: Archaludon\n|-supereffective|p2b: Archaludon|1\n|-damage|p2b: Archaludon|10/100\n|-unboost|p1b: Sneasler|def|1\n|-unboost|p1b: Sneasler|spd|1\n|-ability|p2b: Archaludon|Stamina|boost\n|-boost|p2b: Archaludon|def|1\n|move|p2b: Archaludon|Electro Shot||[still]\n|-prepare|p2b: Archaludon|Electro Shot\n|-boost|p2b: Archaludon|spa|1\n|-anim|p2b: Archaludon|Electro Shot|p1a: Sinistcha\n|-resisted|p1a: Sinistcha|1\n|-damage|p1a: Sinistcha|62/100\n|\n|-weather|RainDance|[upkeep]\n|-heal|p2b: Archaludon|16/100|[from] item: Leftovers\n|upkeep\n|turn|7\n|\n|t:|1788275725\n|move|p1a: Sinistcha|Rage Powder|p1a: Sinistcha\n|-singleturn|p1a: Sinistcha|move: Rage Powder\n|move|p1b: Sneasler|Close Combat|p2b: Archaludon\n|-supereffective|p2b: Archaludon|1\n|-damage|p2b: Archaludon|0 fnt\n|-unboost|p1b: Sneasler|def|1\n|-unboost|p1b: Sneasler|spd|1\n|faint|p2b: Archaludon\n|\n|win|nic0nic0nii\n||nic0nic0nii is ready for game 3.\n||windhounds is ready for game 3.\n|uhtml|next|Next: <a href=\"/battle-gen9championsvgc2026regmbbo3-2673907671\"><strong>Game 3 of 3</strong></a>\n|l|☆windhounds\n|player|p2|\n|l|☆nic0nic0nii\n|player|p1|\n|j|☆nic0nic0nii\n|player|p1|nic0nic0nii|pokemonbreederf-gen4|\n|n|☆nic0nic0nii|nic0nic0nii\n","uploadtime":1788276229,"views":"1","formatid":"gen9championsvgc2026regmbbo3","rating":null,"private":0,"password":null}