{"id":"gen9championsvgc2026regmb-2674577652","format":"[Gen 9 Champions] VGC 2026 Reg M-B","players":["bruhdnigerian","justeever"],"log":"|j|☆bruhdnigerian\n|j|☆justeever\n|t:|1788376031\n|gametype|doubles\n|player|p1|bruhdnigerian|lance|1245\n|player|p2|justeever|lusamine-nihilego|1225\n|gen|9\n|tier|[Gen 9 Champions] VGC 2026 Reg M-B\n|rated|\n|rule|Species Clause: Limit one of each Pokémon\n|rule|Item Clause: Limit 1 of each item\n|clearpoke\n|poke|p1|Pangoro, L50, M|\n|poke|p1|Chandelure, L50, F|\n|poke|p1|Spiritomb, L50, M|\n|poke|p1|Gliscor, L50, F|\n|poke|p1|Farigiraf, L50, F|\n|poke|p1|Glimmora, L50, F|\n|poke|p2|Ninetales-Alola, L50, F|\n|poke|p2|Froslass, L50, F|\n|poke|p2|Garchomp, L50, F|\n|poke|p2|Sableye, L50, F|\n|poke|p2|Pelipper, L50, F|\n|poke|p2|Kommo-o, L50, M|\n|teampreview|4\n|inactive|Battle timer is ON: inactive players will automatically lose when time's up. (requested by bruhdnigerian)\n|inactive|bruhdnigerian has 60 seconds left.\n|inactive|justeever has 60 seconds left.\n|\n|t:|1788376074\n|teamsize|p1|4\n|teamsize|p2|4\n|start\n|switch|p1a: Glimmora|Glimmora, L50, F|100/100\n|switch|p1b: Spiritomb|Spiritomb, L50, M|100/100\n|switch|p2a: Froslass|Froslass, L50, F|100/100\n|switch|p2b: Ninetales|Ninetales-Alola, L50, F|100/100\n|-weather|Snowscape|[from] ability: Snow Warning|[of] p2b: Ninetales\n|turn|1\n|\n|t:|1788376096\n|detailschange|p2a: Froslass|Froslass-Mega, L50, F\n|-mega|p2a: Froslass|Froslass|Froslassite\n|move|p2b: Ninetales|Blizzard|p1a: Glimmora|[spread] p1a,p1b\n|-damage|p1a: Glimmora|60/100\n|-damage|p1b: Spiritomb|78/100\n|move|p1a: Glimmora|Power Gem|p2a: Froslass\n|-supereffective|p2a: Froslass|1\n|-damage|p2a: Froslass|0 fnt\n|faint|p2a: Froslass\n|move|p1b: Spiritomb|Trick Room|p1b: Spiritomb\n|-fieldstart|move: Trick Room|[of] p1b: Spiritomb\n|\n|-weather|Snowscape|[upkeep]\n|upkeep\n|\n|t:|1788376105\n|switch|p2a: Garchomp|Garchomp, L50, F|100/100\n|turn|2\n|\n|t:|1788376111\n|move|p1b: Spiritomb|Will-O-Wisp|p2a: Garchomp|[miss]\n|-miss|p1b: Spiritomb|p2a: Garchomp\n|move|p2a: Garchomp|Earthquake|p1a: Glimmora|[spread] p2b,p1a,p1b\n|-supereffective|p1a: Glimmora|2\n|-damage|p2b: Ninetales|61/100\n|-damage|p1a: Glimmora|0 fnt\n|-damage|p1b: Spiritomb|38/100\n|-activate|p1a: Glimmora|ability: Toxic Debris\n|-sidestart|p2: justeever|move: Toxic Spikes\n|faint|p1a: Glimmora\n|move|p2b: Ninetales|Blizzard|p1b: Spiritomb\n|-damage|p1b: Spiritomb|7/100\n|\n|-weather|Snowscape|[upkeep]\n|upkeep\n|\n|t:|1788376122\n|switch|p1a: Pangoro|Pangoro, L50, M|100/100\n|turn|3\n|\n|t:|1788376128\n|move|p2a: Garchomp|Protect|p2a: Garchomp\n|-singleturn|p2a: Garchomp|Protect\n|move|p1b: Spiritomb|Will-O-Wisp|p2a: Garchomp\n|-activate|p2a: Garchomp|move: Protect\n|move|p1a: Pangoro|Poison Jab|p2b: Ninetales\n|-supereffective|p2b: Ninetales|1\n|-damage|p2b: Ninetales|0 fnt\n|faint|p2b: Ninetales\n|\n|-weather|Snowscape|[upkeep]\n|upkeep\n|\n|t:|1788376135\n|switch|p2b: Kommo-o|Kommo-o, L50, M|100/100\n|-status|p2b: Kommo-o|psn\n|turn|4\n|\n|t:|1788376159\n|move|p1b: Spiritomb|Destiny Bond|p1b: Spiritomb\n|-singlemove|p1b: Spiritomb|Destiny Bond\n|move|p1a: Pangoro|Knock Off|p2a: Garchomp\n|-damage|p2a: Garchomp|49/100\n|-damage|p1a: Pangoro|87/100|[from] ability: Rough Skin|[of] p2a: Garchomp\n|-enditem|p2a: Garchomp|Leftovers|[from] move: Knock Off|[of] p1a: Pangoro\n|move|p2b: Kommo-o|Clanging Scales|p1b: Spiritomb|[spread] p1a,p1b\n|-damage|p1a: Pangoro|31/100\n|-damage|p1b: Spiritomb|0 fnt\n|faint|p1b: Spiritomb\n|-activate|p1b: Spiritomb|move: Destiny Bond\n|faint|p2b: Kommo-o\n|move|p2a: Garchomp|Earthquake|p1a: Pangoro\n|-crit|p1a: Pangoro\n|-damage|p1a: Pangoro|0 fnt\n|faint|p1a: Pangoro\n|\n|-weather|Snowscape|[upkeep]\n|upkeep\n|\n|t:|1788376164\n|switch|p1b: Farigiraf|Farigiraf, L50, F|100/100\n|turn|5\n|\n|t:|1788376175\n|move|p1b: Farigiraf|Hyper Voice|p2a: Garchomp\n|-damage|p2a: Garchomp|0 fnt\n|faint|p2a: Garchomp\n|\n|win|bruhdnigerian\n|raw|bruhdnigerian's rating: 1245 &rarr; <strong>1269</strong><br />(+24 for winning)\n|raw|justeever's rating: 1225 &rarr; <strong>1201</strong><br />(-24 for losing)\n|c|☆bruhdnigerian|gg\n|l|☆justeever\n|player|p2|\n","uploadtime":1788376192,"views":"0","formatid":"gen9championsvgc2026regmb","rating":1201,"private":0,"password":null}