{"id":"gen9championsvgc2026regmbbo3-2674458141","format":"[Gen 9 Champions] VGC 2026 Reg M-B (Bo3)","players":["jule22","simioini"],"log":"|j|☆jule22\n|j|☆simioini\n|html|<table width=\"100%\"><tr><td align=\"left\">jule22</td><td align=\"right\">simioini</tr><tr><td align=\"left\"><i class=\"fa fa-circle-o\"></i> <i class=\"fa fa-circle-o\"></i> </td><td align=\"right\"><i class=\"fa fa-circle-o\"></i> <i class=\"fa fa-circle\"></i> </tr></table>\n|uhtml|bestof|<h2><strong>Game 2</strong> of <a href=\"/game-bestof3-gen9championsvgc2026regmbbo3-2674456848\">a best-of-3</a></h2>\n|t:|1788362196\n|gametype|doubles\n|player|p1|jule22|169|1460\n|player|p2|simioini|101|1334\n|gen|9\n|tier|[Gen 9 Champions] VGC 2026 Reg M-B (Bo3)\n|rated|\n|rule|Species Clause: Limit one of each Pokémon\n|rule|Item Clause: Limit 1 of each item\n|clearpoke\n|poke|p1|Delphox, L50, F|\n|poke|p1|Sneasler, L50, M|\n|poke|p1|Sinistcha, L50|\n|poke|p1|Blastoise, L50, M|\n|poke|p1|Incineroar, L50, M|\n|poke|p1|Maushold-Four, L50|\n|poke|p2|Charizard, L50, M|\n|poke|p2|Whimsicott, L50, M|\n|poke|p2|Garchomp, L50, M|\n|poke|p2|Floette-Eternal, L50, F|\n|poke|p2|Kingambit, L50, M|\n|poke|p2|Basculegion, L50, M|\n|teampreview|4\n|showteam|p1|Delphox||Delphoxite|Blaze|HeatWave,Psyshock,NastyPlot,Protect|Timid||F|||50|]Sneasler||FocusSash|PoisonTouch|PoisonJab,CloseCombat,FakeOut,QuickGuard|Jolly||M|||50|]Sinistcha||OccaBerry|Hospitality|MatchaGotcha,RagePowder,LifeDew,Protect|Relaxed|||||50|]Blastoise||Blastoisinite|Torrent|WaterSpout,DarkPulse,ShellSmash,Protect|Modest||M|||50|]Incineroar||SitrusBerry|Intimidate|FlareBlitz,DarkestLariat,PartingShot,FakeOut|Impish||M|||50|]Maushold-Four||ChopleBerry|FriendGuard|FollowMe,SuperFang,Protect,Feint|Impish|||||50|\n|showteam|p2|Charizard||CharizarditeY|Blaze|HeatWave,WeatherBall,AncientPower,Protect|Timid||M|||50|]Whimsicott||FocusSash|Prankster|Moonblast,Tailwind,Encore,Protect|Timid||M|||50|]Garchomp||SitrusBerry|RoughSkin|Earthquake,DragonClaw,RockSlide,Protect|Jolly||M|||50|]Floette-Eternal||Floettite|FlowerVeil|DazzlingGleam,Moonblast,LightofRuin,Protect|Modest||F|||50|]Kingambit||OccaBerry|Defiant|KowtowCleave,IronHead,SuckerPunch,LowKick|Adamant||M|||50|]Basculegion||LifeOrb|Adaptability|WaveCrash,LastRespects,AquaJet,Protect|Adamant||M|||50|\n|inactive|Battle timer is ON: inactive players will automatically lose when time's up. (requested by jule22)\n|\n|t:|1788362217\n|teamsize|p1|4\n|teamsize|p2|4\n|start\n|switch|p1a: Delphox|Delphox, L50, F|100/100\n|switch|p1b: Sneasler|Sneasler, L50, M|100/100\n|switch|p2a: Basculegion|Basculegion, L50, M|100/100\n|switch|p2b: Floette|Floette-Eternal, L50, F|100/100\n|turn|1\n|inactive|simioini has 30 seconds left.\n|\n|t:|1788362244\n|switch|p1b: Sinistcha|Sinistcha, L50|100/100\n|detailschange|p1a: Delphox|Delphox-Mega, L50, F\n|-mega|p1a: Delphox|Delphox|Delphoxite\n|move|p1a: Delphox|Protect|p1a: Delphox\n|-singleturn|p1a: Delphox|Protect\n|move|p2b: Floette|Protect|p2b: Floette\n|-singleturn|p2b: Floette|Protect\n|move|p2a: Basculegion|Last Respects|p1b: Sinistcha\n|-supereffective|p1b: Sinistcha|1\n|-damage|p1b: Sinistcha|29/100\n|-damage|p2a: Basculegion|90/100|[from] item: Life Orb\n|\n|upkeep\n|turn|2\n|\n|t:|1788362264\n|detailschange|p2b: Floette|Floette-Mega, L50, F\n|-mega|p2b: Floette|Floette|Floettite\n|-ability|p2b: Floette|Fairy Aura\n|move|p1b: Sinistcha|Rage Powder|p1b: Sinistcha\n|-singleturn|p1b: Sinistcha|move: Rage Powder\n|move|p2a: Basculegion|Aqua Jet|p1b: Sinistcha\n|-resisted|p1b: Sinistcha|1\n|-damage|p1b: Sinistcha|14/100\n|-damage|p2a: Basculegion|80/100|[from] item: Life Orb\n|move|p1a: Delphox|Nasty Plot|p1a: Delphox\n|-boost|p1a: Delphox|spa|2\n|move|p2b: Floette|Dazzling Gleam|p1b: Sinistcha|[spread] p1a,p1b\n|-resisted|p1a: Delphox|1\n|-damage|p1a: Delphox|80/100\n|-damage|p1b: Sinistcha|0 fnt\n|faint|p1b: Sinistcha\n|\n|upkeep\n|\n|t:|1788362271\n|switch|p1b: Incineroar|Incineroar, L50, M|100/100\n|-ability|p1b: Incineroar|Intimidate|boost\n|-unboost|p2a: Basculegion|atk|1\n|-unboost|p2b: Floette|atk|1\n|turn|3\n|inactive|simioini has 30 seconds left.\n|\n|t:|1788362296\n|switch|p1b: Sneasler|Sneasler, L50, M|100/100\n|move|p1a: Delphox|Psyshock|p2a: Basculegion\n|-damage|p2a: Basculegion|0 fnt\n|faint|p2a: Basculegion\n|move|p2b: Floette|Dazzling Gleam|p1b: Sneasler|[spread] p1a,p1b\n|-resisted|p1a: Delphox|1\n|-damage|p1a: Delphox|58/100\n|-damage|p1b: Sneasler|28/100\n|\n|upkeep\n|\n|t:|1788362317\n|switch|p2a: Whimsicott|Whimsicott, L50, M|100/100\n|turn|4\n|\n|t:|1788362327\n|switch|p1b: Incineroar|Incineroar, L50, M|100/100\n|-ability|p1b: Incineroar|Intimidate|boost\n|-unboost|p2a: Whimsicott|atk|1\n|-unboost|p2b: Floette|atk|1\n|move|p2a: Whimsicott|Protect|p2a: Whimsicott\n|-singleturn|p2a: Whimsicott|Protect\n|move|p2b: Floette|Protect|p2b: Floette\n|-singleturn|p2b: Floette|Protect\n|move|p1a: Delphox|Heat Wave|p2b: Floette|[spread] \n|-activate|p2a: Whimsicott|move: Protect\n|-activate|p2b: Floette|move: Protect\n|\n|upkeep\n|turn|5\n|\n|t:|1788362347\n|move|p1b: Incineroar|Fake Out|p2a: Whimsicott\n|-damage|p2a: Whimsicott|84/100\n|cant|p2a: Whimsicott|flinch\n|move|p1a: Delphox|Heat Wave|p2b: Floette|[spread] p2a,p2b\n|-supereffective|p2a: Whimsicott|1\n|-damage|p2a: Whimsicott|0 fnt\n|-damage|p2b: Floette|41/100\n|faint|p2a: Whimsicott\n|move|p2b: Floette|Light of Ruin|p1a: Delphox\n|-resisted|p1a: Delphox|1\n|-damage|p1a: Delphox|11/100\n|-damage|p2b: Floette|16/100|[from] Recoil\n|\n|upkeep\n|\n|t:|1788362358\n|switch|p2a: Kingambit|Kingambit, L50, M|100/100\n|turn|6\n|\n|t:|1788362371\n|move|p1a: Delphox|Protect|p1a: Delphox\n|-singleturn|p1a: Delphox|Protect\n|move|p2a: Kingambit|Sucker Punch||[still]\n|-fail|p2a: Kingambit\n|move|p2b: Floette|Dazzling Gleam|p1b: Incineroar|[spread] p1b\n|-activate|p1a: Delphox|move: Protect\n|-damage|p1b: Incineroar|57/100\n|move|p1b: Incineroar|Parting Shot|p2b: Floette\n|-unboost|p2b: Floette|atk|1\n|-unboost|p2b: Floette|spa|1\n|\n|t:|1788362376\n|switch|p1b: Sneasler|Sneasler, L50, M|28/100|[from] Parting Shot\n|\n|upkeep\n|turn|7\n|\n|t:|1788362382\n|move|p1b: Sneasler|Quick Guard|p1b: Sneasler\n|-singleturn|p1b: Sneasler|Quick Guard\n|move|p2a: Kingambit|Sucker Punch|p1a: Delphox\n|-activate|p1a: Delphox|move: Quick Guard\n|move|p1a: Delphox|Heat Wave|p2b: Floette|[spread] p2a,p2b\n|-supereffective|p2a: Kingambit|1\n|-enditem|p2a: Kingambit|Occa Berry|[eat]\n|-enditem|p2a: Kingambit|Occa Berry|[weaken]\n|-damage|p2a: Kingambit|20/100y\n|-damage|p2b: Floette|0 fnt\n|faint|p2b: Floette\n|\n|upkeep\n|turn|8\n|\n|t:|1788362394\n|move|p1a: Delphox|Heat Wave|p2a: Kingambit\n|-supereffective|p2a: Kingambit|1\n|-damage|p2a: Kingambit|0 fnt\n|faint|p2a: Kingambit\n|\n|win|jule22\n","uploadtime":1788362394,"views":"0","formatid":"gen9championsvgc2026regmbbo3","rating":null,"private":0,"password":null}