{"id":"gen9championsvgc2026regmbbo3-2674091155","format":"[Gen 9 Champions] VGC 2026 Reg M-B (Bo3)","players":["MaxwellBaker","daniiivgc"],"log":"|j|☆MaxwellBaker\n|j|☆daniiivgc\n|html|<table width=\"100%\"><tr><td align=\"left\">MaxwellBaker</td><td align=\"right\">daniiivgc</tr><tr><td align=\"left\"><i class=\"fa fa-circle-o\"></i> <i class=\"fa fa-circle-o\"></i> </td><td align=\"right\"><i class=\"fa fa-circle-o\"></i> <i class=\"fa fa-circle-o\"></i> </tr></table>\n|uhtml|bestof|<h2><strong>Game 1</strong> of <a href=\"/game-bestof3-gen9championsvgc2026regmbbo3-2674091154\">a best-of-3</a></h2>\n|t:|1788297902\n|gametype|doubles\n|player|p1|MaxwellBaker|2|1178\n|player|p2|daniiivgc|giovanni|1276\n|gen|9\n|tier|[Gen 9 Champions] VGC 2026 Reg M-B (Bo3)\n|rated|\n|rule|Species Clause: Limit one of each Pokémon\n|rule|Item Clause: Limit 1 of each item\n|clearpoke\n|poke|p1|Raichu, L50, M|\n|poke|p1|Staraptor, L50, F|\n|poke|p1|Farigiraf, L50, F|\n|poke|p1|Kingambit, L50, M|\n|poke|p1|Sylveon, L50, F, shiny|\n|poke|p1|Arcanine-Hisui, L50, M|\n|poke|p2|Metagross, L50, shiny|\n|poke|p2|Kleavor, L50, M|\n|poke|p2|Whimsicott, L50, M, shiny|\n|poke|p2|Kingambit, L50, M|\n|poke|p2|Raichu, L50, F|\n|poke|p2|Basculegion, L50, M|\n|teampreview|4\n|showteam|p1|Raichu||RaichuniteY|LightningRod|ZapCannon,FocusBlast,FakeOut,Protect|Timid||M|||50|]Staraptor||Staraptite|Intimidate|CloseCombat,BraveBird,Tailwind,Protect|Jolly||F|||50|]Farigiraf||SitrusBerry|ArmorTail|HelpingHand,Psychic,TrickRoom,Protect|Calm||F|||50|]Kingambit||LifeOrb|Defiant|KowtowCleave,SuckerPunch,SwordsDance,Protect|Adamant||M|||50|]Sylveon||FairyFeather|Pixilate|HyperVoice,HyperBeam,QuickAttack,Detect|Modest||F|||50|]Arcanine-Hisui||FocusSash|RockHead|FlareBlitz,HeadSmash,ExtremeSpeed,Protect|Jolly||M|||50|\n|showteam|p2|Metagross||Metagrossite|ClearBody|Protect,IronHead,PsychicFangs,IcePunch|Jolly|||||50|]Kleavor||FocusSash|Sharpness|Protect,StoneAxe,XScissor,Feint|Adamant||M|||50|]Whimsicott||FairyFeather|Prankster|Protect,Moonblast,Tailwind,Encore|Timid||M|||50|]Kingambit||ChopleBerry|Defiant|Protect,KowtowCleave,SuckerPunch,LowKick|Adamant||M|||50|]Raichu||RaichuniteY|LightningRod|Protect,ZapCannon,FocusBlast,FakeOut|Timid||F|||50|]Basculegion||LifeOrb|Adaptability|Protect,WaveCrash,LastRespects,AquaJet|Adamant||M|||50|\n|\n|t:|1788297954\n|teamsize|p1|4\n|teamsize|p2|4\n|start\n|switch|p1a: Raichu|Raichu, L50, M|100/100\n|switch|p1b: Staraptor|Staraptor, L50, F|100/100\n|switch|p2a: Kleavor|Kleavor, L50, M|100/100\n|switch|p2b: Kingambit|Kingambit, L50, M|100/100\n|-ability|p1b: Staraptor|Intimidate|boost\n|-unboost|p2a: Kleavor|atk|1\n|-unboost|p2b: Kingambit|atk|1\n|-ability|p2b: Kingambit|Defiant|boost\n|-boost|p2b: Kingambit|atk|2\n|turn|1\n|inactive|Battle timer is ON: inactive players will automatically lose when time's up. (requested by daniiivgc)\n|\n|t:|1788297978\n|detailschange|p1b: Staraptor|Staraptor-Mega, L50, F\n|-mega|p1b: Staraptor|Staraptor|Staraptite\n|move|p2b: Kingambit|Protect|p2b: Kingambit\n|-singleturn|p2b: Kingambit|Protect\n|move|p1a: Raichu|Fake Out|p2a: Kleavor\n|-resisted|p2a: Kleavor|1\n|-damage|p2a: Kleavor|95/100\n|move|p1b: Staraptor|Close Combat|p2b: Kingambit\n|-activate|p2b: Kingambit|move: Protect\n|cant|p2a: Kleavor|flinch\n|\n|upkeep\n|turn|2\n|inactive|MaxwellBaker has 30 seconds left.\n|inactive|daniiivgc has 30 seconds left.\n|\n|t:|1788298008\n|move|p2b: Kingambit|Sucker Punch|p1a: Raichu\n|-damage|p1a: Raichu|12/100\n|move|p1b: Staraptor|Close Combat|p2b: Kingambit\n|-supereffective|p2b: Kingambit|2\n|-enditem|p2b: Kingambit|Chople Berry|[eat]\n|-enditem|p2b: Kingambit|Chople Berry|[weaken]\n|-damage|p2b: Kingambit|0 fnt\n|-boost|p1b: Staraptor|def|1\n|-boost|p1b: Staraptor|spd|1\n|faint|p2b: Kingambit\n|move|p1a: Raichu|Focus Blast|p2a: Kleavor\n|-damage|p2a: Kleavor|54/100\n|move|p2a: Kleavor|Stone Axe|p1b: Staraptor\n|-damage|p1b: Staraptor|73/100\n|-sidestart|p1: MaxwellBaker|move: Stealth Rock\n|\n|upkeep\n|\n|t:|1788298031\n|switch|p2b: Raichu|Raichu, L50, F|100/100\n|turn|3\n|\n|t:|1788298050\n|move|p1b: Staraptor|Protect|p1b: Staraptor\n|-singleturn|p1b: Staraptor|Protect\n|move|p2b: Raichu|Protect|p2b: Raichu\n|-singleturn|p2b: Raichu|Protect\n|move|p1a: Raichu|Protect|p1a: Raichu\n|-singleturn|p1a: Raichu|Protect\n|move|p2a: Kleavor|X-Scissor|p1a: Raichu\n|-activate|p1a: Raichu|move: Protect\n|\n|upkeep\n|turn|4\n|\n|t:|1788298065\n|switch|p2b: Basculegion|Basculegion, L50, M|100/100\n|move|p1b: Staraptor|Close Combat|p2b: Basculegion\n|-immune|p2b: Basculegion\n|move|p1a: Raichu|Focus Blast|p2a: Kleavor\n|-damage|p2a: Kleavor|11/100\n|move|p2a: Kleavor|X-Scissor|p1a: Raichu\n|-damage|p1a: Raichu|0 fnt\n|faint|p1a: Raichu\n|\n|upkeep\n|\n|t:|1788298082\n|switch|p1a: Kingambit|Kingambit, L50, M|100/100\n|-damage|p1a: Kingambit|93/100|[from] Stealth Rock\n|turn|5\n|\n|t:|1788298095\n|move|p2b: Basculegion|Protect|p2b: Basculegion\n|-singleturn|p2b: Basculegion|Protect\n|move|p1b: Staraptor|Close Combat|p2a: Kleavor\n|-damage|p2a: Kleavor|0 fnt\n|-boost|p1b: Staraptor|def|1\n|-boost|p1b: Staraptor|spd|1\n|faint|p2a: Kleavor\n|move|p1a: Kingambit|Kowtow Cleave|p2b: Basculegion\n|-activate|p2b: Basculegion|move: Protect\n|\n|upkeep\n|\n|t:|1788298100\n|switch|p2a: Raichu|Raichu, L50, F|100/100\n|turn|6\n|\n|t:|1788298116\n|switch|p1a: Farigiraf|Farigiraf, L50, F|100/100\n|-damage|p1a: Farigiraf|87/100|[from] Stealth Rock\n|detailschange|p2a: Raichu|Raichu-Mega-Y, L50, F\n|-mega|p2a: Raichu|Raichu|Raichunite Y\n|move|p2b: Basculegion|Aqua Jet||[still]\n|cant|p1a: Farigiraf|ability: Armor Tail|Aqua Jet|[of] p2b: Basculegion\n|move|p2a: Raichu|Focus Blast|p1a: Farigiraf\n|-damage|p1a: Farigiraf|55/100\n|move|p1b: Staraptor|Brave Bird|p2b: Basculegion\n|-damage|p2b: Basculegion|37/100\n|-damage|p1b: Staraptor|48/100|[from] Recoil\n|\n|upkeep\n|turn|7\n|inactive|MaxwellBaker has 30 seconds left.\n|inactive|MaxwellBaker has 20 seconds left.\n|inactive|MaxwellBaker has 15 seconds left.\n|\n|t:|1788298157\n|move|p1a: Farigiraf|Protect|p1a: Farigiraf\n|-singleturn|p1a: Farigiraf|Protect\n|move|p2a: Raichu|Zap Cannon|p1b: Staraptor\n|-supereffective|p1b: Staraptor|1\n|-damage|p1b: Staraptor|0 fnt\n|faint|p1b: Staraptor\n|move|p2b: Basculegion|Wave Crash|p1a: Farigiraf\n|-activate|p1a: Farigiraf|move: Protect\n|\n|upkeep\n|\n|t:|1788298165\n|switch|p1b: Kingambit|Kingambit, L50, M|93/100\n|-damage|p1b: Kingambit|87/100|[from] Stealth Rock\n|turn|8\n|\n|t:|1788298188\n|move|p1b: Kingambit|Sucker Punch|p2a: Raichu\n|-damage|p2a: Raichu|30/100\n|-damage|p1b: Kingambit|77/100|[from] item: Life Orb\n|move|p2a: Raichu|Focus Blast|p1b: Kingambit\n|-supereffective|p1b: Kingambit|2\n|-damage|p1b: Kingambit|0 fnt\n|faint|p1b: Kingambit\n|move|p2b: Basculegion|Wave Crash|p1a: Farigiraf\n|-crit|p1a: Farigiraf\n|-damage|p1a: Farigiraf|0 fnt\n|faint|p1a: Farigiraf\n|-damage|p2b: Basculegion|19/100|[from] Recoil\n|-damage|p2b: Basculegion|9/100|[from] item: Life Orb\n|\n|win|daniiivgc\n","uploadtime":1788298189,"views":"0","formatid":"gen9championsvgc2026regmbbo3","rating":null,"private":0,"password":null}