{"id":"gen9championsvgc2026regmb-2674775964","format":"[Gen 9 Champions] VGC 2026 Reg M-B","players":["yfleshcatchy","olyrral2"],"log":"|j|☆yfleshcatchy\n|j|☆olyrral2\n|t:|1788404513\n|gametype|doubles\n|player|p1|yfleshcatchy|miku-flying|1477\n|player|p2|olyrral2|unknown|1559\n|gen|9\n|tier|[Gen 9 Champions] VGC 2026 Reg M-B\n|rated|\n|rule|Species Clause: Limit one of each Pokémon\n|rule|Item Clause: Limit 1 of each item\n|clearpoke\n|poke|p1|Steelix, L50, F|\n|poke|p1|Tyranitar, L50, M|\n|poke|p1|Grimmsnarl, L50, M|\n|poke|p1|Sinistcha-Masterpiece, L50|\n|poke|p1|Rotom-Wash, L50|\n|poke|p1|Delphox, L50, F|\n|poke|p2|Charizard, L50, M|\n|poke|p2|Venusaur, L50, M|\n|poke|p2|Pelipper, L50, M|\n|poke|p2|Swampert, L50, M|\n|poke|p2|Archaludon, L50, M|\n|poke|p2|Grimmsnarl, L50, M|\n|teampreview|4\n|inactive|Battle timer is ON: inactive players will automatically lose when time's up. (requested by olyrral2)\n|\n|t:|1788404572\n|teamsize|p1|4\n|teamsize|p2|4\n|start\n|switch|p1a: Steelix|Steelix, L50, F|100/100\n|switch|p1b: Grimmsnarl|Grimmsnarl, L50, M|100/100\n|switch|p2a: Grimmsnarl|Grimmsnarl, L50, M|100/100\n|switch|p2b: Charizard|Charizard, L50, M|100/100\n|turn|1\n|inactive|olyrral2 has 30 seconds left.\n|inactive|olyrral2 has 20 seconds left.\n|inactive|olyrral2 has 15 seconds left.\n|\n|t:|1788404614\n|detailschange|p2b: Charizard|Charizard-Mega-Y, L50, M\n|-mega|p2b: Charizard|Charizard|Charizardite Y\n|-weather|SunnyDay|[from] ability: Drought|[of] p2b: Charizard\n|detailschange|p1a: Steelix|Steelix-Mega, L50, F\n|-mega|p1a: Steelix|Steelix|Steelixite\n|move|p2a: Grimmsnarl|Reflect|p2a: Grimmsnarl\n|-sidestart|p2: olyrral2|Reflect\n|move|p1b: Grimmsnarl|Parting Shot|p2b: Charizard\n|-unboost|p2b: Charizard|atk|1\n|-unboost|p2b: Charizard|spa|1\n|\n|t:|1788404619\n|switch|p1b: Tyranitar|Tyranitar, L50, M|100/100|[from] Parting Shot\n|-weather|Sandstorm|[from] ability: Sand Stream|[of] p1b: Tyranitar\n|move|p2b: Charizard|Heat Wave|p1a: Steelix|[spread] p1a,p1b\n|-supereffective|p1a: Steelix|1\n|-resisted|p1b: Tyranitar|1\n|-damage|p1a: Steelix|37/100\n|-damage|p1b: Tyranitar|92/100\n|move|p1a: Steelix|Heavy Slam|p2a: Grimmsnarl\n|-supereffective|p2a: Grimmsnarl|1\n|-damage|p2a: Grimmsnarl|0 fnt\n|faint|p2a: Grimmsnarl\n|\n|-weather|Sandstorm|[upkeep]\n|-damage|p2b: Charizard|94/100|[from] Sandstorm\n|upkeep\n|\n|t:|1788404635\n|switch|p2a: Pelipper|Pelipper, L50, M|100/100\n|-weather|RainDance|[from] ability: Drizzle|[of] p2a: Pelipper\n|turn|2\n|\n|t:|1788404649\n|switch|p1b: Sinistcha|Sinistcha-Masterpiece, L50|100/100\n|-heal|p1a: Steelix|62/100|[from] ability: Hospitality|[of] p1b: Sinistcha\n|move|p1a: Steelix|Protect|p1a: Steelix\n|-singleturn|p1a: Steelix|Protect\n|move|p2a: Pelipper|Wide Guard|p2a: Pelipper\n|-singleturn|p2a: Pelipper|Wide Guard\n|move|p2b: Charizard|Weather Ball|p1a: Steelix\n|-activate|p1a: Steelix|move: Protect\n|\n|-weather|RainDance|[upkeep]\n|upkeep\n|turn|3\n|\n|t:|1788404663\n|switch|p2a: Archaludon|Archaludon, L50, M|100/100\n|switch|p1b: Tyranitar|Tyranitar, L50, M|92/100\n|-weather|Sandstorm|[from] ability: Sand Stream|[of] p1b: Tyranitar\n|switch|p1a: Grimmsnarl|Grimmsnarl, L50, M|100/100\n|move|p2b: Charizard|Hurricane|p1b: Tyranitar\n|-resisted|p1b: Tyranitar|1\n|-damage|p1b: Tyranitar|79/100\n|\n|-weather|Sandstorm|[upkeep]\n|-damage|p2b: Charizard|88/100|[from] Sandstorm\n|-damage|p1a: Grimmsnarl|94/100|[from] Sandstorm\n|upkeep\n|turn|4\n|\n|t:|1788404676\n|switch|p2b: Pelipper|Pelipper, L50, M|100/100\n|-weather|RainDance|[from] ability: Drizzle|[of] p2b: Pelipper\n|move|p1a: Grimmsnarl|Light Screen|p1a: Grimmsnarl\n|-sidestart|p1: yfleshcatchy|move: Light Screen\n|move|p2a: Archaludon|Electro Shot||[still]\n|-prepare|p2a: Archaludon|Electro Shot\n|-boost|p2a: Archaludon|spa|1\n|-anim|p2a: Archaludon|Electro Shot|p1a: Grimmsnarl\n|-damage|p1a: Grimmsnarl|55/100\n|move|p1b: Tyranitar|Knock Off|p2b: Pelipper\n|-damage|p2b: Pelipper|62/100\n|-enditem|p2b: Pelipper|Sitrus Berry|[from] move: Knock Off|[of] p1b: Tyranitar\n|\n|-weather|RainDance|[upkeep]\n|upkeep\n|turn|5\n|inactive|olyrral2 has 30 seconds left.\n|\n|t:|1788404710\n|switch|p1b: Steelix|Steelix-Mega, L50, F|62/100\n|move|p1a: Grimmsnarl|Parting Shot|p2b: Pelipper\n|-unboost|p2b: Pelipper|atk|1\n|-unboost|p2b: Pelipper|spa|1\n|\n|t:|1788404713\n|switch|p1a: Tyranitar|Tyranitar, L50, M|79/100|[from] Parting Shot\n|-weather|Sandstorm|[from] ability: Sand Stream|[of] p1a: Tyranitar\n|move|p2a: Archaludon|Electro Shot||[still]\n|-prepare|p2a: Archaludon|Electro Shot\n|-boost|p2a: Archaludon|spa|1\n|move|p2b: Pelipper|Hurricane|p1b: Steelix|[miss]\n|-miss|p2b: Pelipper|p1b: Steelix\n|\n|-weather|Sandstorm|[upkeep]\n|-damage|p2b: Pelipper|56/100|[from] Sandstorm\n|upkeep\n|turn|6\n|\n|t:|1788404726\n|switch|p2b: Charizard|Charizard-Mega-Y, L50, M|88/100\n|-weather|SunnyDay|[from] ability: Drought|[of] p2b: Charizard\n|switch|p1a: Sinistcha|Sinistcha-Masterpiece, L50|100/100\n|-heal|p1b: Steelix|86/100|[from] ability: Hospitality|[of] p1a: Sinistcha\n|move|p2a: Archaludon|Electro Shot|p1b: Steelix|[from] lockedmove\n|-immune|p1b: Steelix\n|move|p1b: Steelix|High Horsepower|p2a: Archaludon\n|-supereffective|p2a: Archaludon|1\n|-damage|p2a: Archaludon|46/100\n|-ability|p2a: Archaludon|Stamina|boost\n|-boost|p2a: Archaludon|def|1\n|\n|-weather|SunnyDay|[upkeep]\n|-heal|p2a: Archaludon|52/100|[from] item: Leftovers\n|upkeep\n|turn|7\n|\n|t:|1788404743\n|switch|p1a: Tyranitar|Tyranitar, L50, M|79/100\n|-weather|Sandstorm|[from] ability: Sand Stream|[of] p1a: Tyranitar\n|move|p2b: Charizard|Heat Wave|p1b: Steelix|[spread] p1a,p1b\n|-resisted|p1a: Tyranitar|1\n|-supereffective|p1b: Steelix|1\n|-damage|p1a: Tyranitar|71/100\n|-damage|p1b: Steelix|26/100\n|move|p2a: Archaludon|Flash Cannon|p1a: Tyranitar\n|-supereffective|p1a: Tyranitar|1\n|-damage|p1a: Tyranitar|16/100\n|move|p1b: Steelix|High Horsepower|p2a: Archaludon\n|-supereffective|p2a: Archaludon|1\n|-damage|p2a: Archaludon|7/100\n|-ability|p2a: Archaludon|Stamina|boost\n|-boost|p2a: Archaludon|def|1\n|\n|-weather|Sandstorm|[upkeep]\n|-damage|p2b: Charizard|82/100|[from] Sandstorm\n|-heal|p2a: Archaludon|13/100|[from] item: Leftovers\n|upkeep\n|turn|8\n|inactive|olyrral2 has 30 seconds left.\n|\n|t:|1788404771\n|switch|p1a: Sinistcha|Sinistcha-Masterpiece, L50|100/100\n|-heal|p1b: Steelix|51/100|[from] ability: Hospitality|[of] p1a: Sinistcha\n|move|p1b: Steelix|Wide Guard|p1b: Steelix\n|-singleturn|p1b: Steelix|Wide Guard\n|move|p2b: Charizard|Heat Wave|p1b: Steelix|[spread] \n|-activate|p1a: Sinistcha|move: Wide Guard\n|-activate|p1b: Steelix|move: Wide Guard\n|move|p2a: Archaludon|Flash Cannon|p1a: Sinistcha\n|-damage|p1a: Sinistcha|56/100\n|\n|-weather|Sandstorm|[upkeep]\n|-damage|p2b: Charizard|76/100|[from] Sandstorm\n|-damage|p1a: Sinistcha|50/100y|[from] Sandstorm\n|-enditem|p1a: Sinistcha|Sitrus Berry|[eat]\n|-heal|p1a: Sinistcha|74/100|[from] item: Sitrus Berry\n|-heal|p2a: Archaludon|19/100|[from] item: Leftovers\n|-sideend|p2: olyrral2|Reflect\n|upkeep\n|turn|9\n|\n|t:|1788404795\n|switch|p1b: Grimmsnarl|Grimmsnarl, L50, M|55/100\n|move|p2a: Archaludon|Protect|p2a: Archaludon\n|-singleturn|p2a: Archaludon|Protect\n|move|p2b: Charizard|Heat Wave|p1b: Grimmsnarl|[spread] p1a,p1b\n|-supereffective|p1a: Sinistcha|1\n|-crit|p1b: Grimmsnarl\n|-damage|p1a: Sinistcha|14/100\n|-damage|p1b: Grimmsnarl|0 fnt\n|faint|p1b: Grimmsnarl\n|move|p1a: Sinistcha|Trick Room|p1a: Sinistcha\n|-fieldstart|move: Trick Room|[of] p1a: Sinistcha\n|\n|-weather|Sandstorm|[upkeep]\n|-damage|p1a: Sinistcha|7/100|[from] Sandstorm\n|-damage|p2b: Charizard|71/100|[from] Sandstorm\n|-heal|p2a: Archaludon|25/100|[from] item: Leftovers\n|upkeep\n|\n|t:|1788404797\n|switch|p1b: Steelix|Steelix-Mega, L50, F|51/100\n|turn|10\n|inactive|olyrral2 has 30 seconds left.\n|\n|t:|1788404825\n|switch|p1a: Tyranitar|Tyranitar, L50, M|16/100\n|switch|p2a: Pelipper|Pelipper, L50, M|56/100\n|-weather|RainDance|[from] ability: Drizzle|[of] p2a: Pelipper\n|move|p1b: Steelix|Protect|p1b: Steelix\n|-singleturn|p1b: Steelix|Protect\n|move|p2b: Charizard|Protect||[still]\n|-fail|p2b: Charizard\n|\n|-weather|RainDance|[upkeep]\n|upkeep\n|turn|11\n|\n|t:|1788404849\n|move|p2a: Pelipper|Wide Guard|p2a: Pelipper\n|-singleturn|p2a: Pelipper|Wide Guard\n|move|p1b: Steelix|Heavy Slam|p2b: Charizard\n|-resisted|p2b: Charizard|1\n|-damage|p2b: Charizard|32/100\n|move|p1a: Tyranitar|Knock Off|p2b: Charizard\n|-damage|p2b: Charizard|0 fnt\n|faint|p2b: Charizard\n|\n|-weather|RainDance|[upkeep]\n|-sideend|p1: yfleshcatchy|move: Light Screen\n|upkeep\n|\n|t:|1788404855\n|switch|p2b: Archaludon|Archaludon, L50, M|25/100\n|turn|12\n|\n|t:|1788404861\n|move|p1b: Steelix|High Horsepower|p2b: Archaludon\n|-supereffective|p2b: Archaludon|1\n|-damage|p2b: Archaludon|0 fnt\n|faint|p2b: Archaludon\n|move|p1a: Tyranitar|Rock Slide|p2a: Pelipper\n|-supereffective|p2a: Pelipper|1\n|-crit|p2a: Pelipper\n|-damage|p2a: Pelipper|0 fnt\n|faint|p2a: Pelipper\n|\n|win|yfleshcatchy\n|raw|yfleshcatchy's rating: 1477 &rarr; <strong>1502</strong><br />(+25 for winning)\n|raw|olyrral2's rating: 1559 &rarr; <strong>1534</strong><br />(-25 for losing)\n","uploadtime":1788404878,"views":"1","formatid":"gen9championsvgc2026regmb","rating":1502,"private":0,"password":null}