{"id":"gen9championsvgc2026regmb-2674762482","format":"[Gen 9 Champions] VGC 2026 Reg M-B","players":["kanklez","ob0b"],"log":"|j|☆kanklez\n|j|☆ob0b\n|html|<table width=\"100%\"><tr><td align=\"left\">kanklez</td><td align=\"right\">ob0b</tr><tr><td align=\"left\"><i class=\"fa fa-circle\"></i> <i class=\"fa fa-circle-o\"></i> </td><td align=\"right\"><i class=\"fa fa-circle-o\"></i> <i class=\"fa fa-circle-o\"></i> </tr></table>\n|uhtml|bestof|<h2><strong>Game 2</strong> of <a href=\"/game-bestof3-gen9championsvgc2026regmb-2674760637\">a best-of-3</a></h2>\n|t:|1788402243\n|gametype|doubles\n|player|p1|kanklez|cynthia|\n|player|p2|ob0b|swimmer-gen4|\n|gen|9\n|tier|[Gen 9 Champions] VGC 2026 Reg M-B\n|rule|Species Clause: Limit one of each Pokémon\n|rule|Item Clause: Limit 1 of each item\n|raw|<div class=\"infobox\"><details class=\"readmore\" open><summary><strong>1 custom rule:</strong></summary> Best of = 3</details></div>\n|clearpoke\n|poke|p1|Aerodactyl, L50, F, shiny|\n|poke|p1|Politoed, L50, M, shiny|\n|poke|p1|Archaludon, L50, F|\n|poke|p1|Meganium, L50, F|\n|poke|p1|Sableye, L50, M|\n|poke|p1|Corviknight, L50, M, shiny|\n|poke|p2|Alakazam, L50, M, shiny|\n|poke|p2|Meowstic, L50, M, shiny|\n|poke|p2|Talonflame, L50, M|\n|poke|p2|Conkeldurr, L50, M|\n|poke|p2|Kingambit, L50, M, shiny|\n|poke|p2|Starmie, L50|\n|teampreview|4\n|inactive|Battle timer is ON: inactive players will automatically lose when time's up. (requested by ob0b)\nob0b rejected open team sheets.\n|j| Dakmaul\n|j| sunnydaysagain\n|inactiveoff|Battle timer is now OFF.\n|j| Dingdongpokemon\n|\n|t:|1788402268\n|teamsize|p1|4\n|teamsize|p2|4\n|start\n|switch|p1a: aguerOOO|Politoed, L50, M, shiny|100/100\n|switch|p1b: Z L A T A N|Archaludon, L50, F|100/100\n|switch|p2a: Wish I had a fork|Alakazam, L50, M, shiny|100/100\n|switch|p2b: Elephant|Meowstic, L50, M, shiny|100/100\n|-weather|RainDance|[from] ability: Drizzle|[of] p1a: aguerOOO\n|turn|1\n|j| fishyfishfish\n|j| bovineolympics\n|\n|t:|1788402297\n|switch|p1b: James Milner|Sableye, L50, M|100/100\n|detailschange|p2a: Wish I had a fork|Alakazam-Mega, L50, M, shiny\n|-mega|p2a: Wish I had a fork|Alakazam|Alakazite\n|-ability|p2a: Wish I had a fork|Prankster|Trace|[from] ability: Trace|[of] p1b: James Milner\n|move|p2b: Elephant|Fake Out|p1b: James Milner\n|-immune|p1b: James Milner\n|move|p2a: Wish I had a fork|Focus Blast|p1b: James Milner\n|-immune|p1b: James Milner\n|move|p1a: aguerOOO|Icy Wind|p2a: Wish I had a fork|[spread] p2a,p2b\n|-damage|p2a: Wish I had a fork|87/100\n|-damage|p2b: Elephant|86/100\n|-unboost|p2a: Wish I had a fork|spe|1\n|-unboost|p2b: Elephant|spe|1\n|\n|-weather|RainDance|[upkeep]\n|upkeep\n|turn|2\n|\n|t:|1788402323\n|move|p1b: James Milner|Fake Out|p2b: Elephant\n|-damage|p2b: Elephant|71/100\n|cant|p2b: Elephant|flinch\n|move|p2a: Wish I had a fork|Dazzling Gleam|p1a: aguerOOO|[spread] p1a,p1b\n|-supereffective|p1b: James Milner|1\n|-damage|p1a: aguerOOO|83/100\n|-damage|p1b: James Milner|9/100\n|move|p1a: aguerOOO|Muddy Water|p2b: Elephant|[spread] p2a,p2b\n|-damage|p2a: Wish I had a fork|41/100\n|-damage|p2b: Elephant|27/100\n|\n|-weather|RainDance|[upkeep]\n|-heal|p1a: aguerOOO|89/100|[from] item: Leftovers\n|upkeep\n|turn|3\n|\n|t:|1788402342\n|move|p2b: Elephant|Sunny Day|p2b: Elephant\n|-weather|SunnyDay\n|move|p1b: James Milner|Light Screen|p1b: James Milner\n|-sidestart|p1: kanklez|move: Light Screen\n|move|p2a: Wish I had a fork|Dazzling Gleam|p1b: James Milner|[spread] p1a,p1b\n|-supereffective|p1b: James Milner|1\n|-damage|p1a: aguerOOO|78/100\n|-damage|p1b: James Milner|0 fnt\n|faint|p1b: James Milner\n|move|p1a: aguerOOO|Muddy Water|p2b: Elephant|[spread] p2a,p2b\n|-damage|p2a: Wish I had a fork|27/100\n|-damage|p2b: Elephant|12/100\n|-unboost|p2b: Elephant|accuracy|1\n|\n|-weather|SunnyDay|[upkeep]\n|-heal|p1a: aguerOOO|84/100|[from] item: Leftovers\n|upkeep\n|\n|t:|1788402358\n|switch|p1b: Z L A T A N|Archaludon, L50, F|100/100\n|turn|4\n|\n|t:|1788402374\n|switch|p1a: Clint Dempsey|Aerodactyl, L50, F, shiny|100/100\n|-ability|p1a: Clint Dempsey|Pressure\n|move|p1b: Z L A T A N|Dark Pulse|p2a: Wish I had a fork\n|-supereffective|p2a: Wish I had a fork|1\n|-damage|p2a: Wish I had a fork|0 fnt\n|faint|p2a: Wish I had a fork\n|move|p2b: Elephant|Expanding Force|p1b: Z L A T A N\n|-resisted|p1b: Z L A T A N|1\n|-damage|p1b: Z L A T A N|83/100\n|-ability|p1b: Z L A T A N|Stamina|boost\n|-boost|p1b: Z L A T A N|def|1\n|\n|-weather|SunnyDay|[upkeep]\n|upkeep\n|\n|t:|1788402442\n|switch|p2a: Machimp|Conkeldurr, L50, M|100/100\n|turn|5\n|\n|t:|1788402501\n|switch|p1b: aguerOOO|Politoed, L50, M, shiny|84/100\n|-weather|RainDance|[from] ability: Drizzle|[of] p1b: aguerOOO\n|switch|p2b: Penguin|Talonflame, L50, M|100/100\n|detailschange|p1a: Clint Dempsey|Aerodactyl-Mega, L50, F, shiny\n|-mega|p1a: Clint Dempsey|Aerodactyl|Aerodactylite\n|move|p1a: Clint Dempsey|Tailwind|p1a: Clint Dempsey\n|-sidestart|p1: kanklez|move: Tailwind\n|move|p2a: Machimp|Drain Punch|p1b: aguerOOO\n|-damage|p1b: aguerOOO|25/100\n|\n|-weather|RainDance|[upkeep]\n|-heal|p1b: aguerOOO|31/100|[from] item: Leftovers\n|upkeep\n|turn|6\n|\n|t:|1788402546\n|move|p1b: aguerOOO|Helping Hand|p1a: Clint Dempsey\n|-singleturn|p1a: Clint Dempsey|Helping Hand|[of] p1b: aguerOOO\n|move|p2b: Penguin|Hurricane|p1a: Clint Dempsey\n|-resisted|p1a: Clint Dempsey|1\n|-damage|p1a: Clint Dempsey|82/100\n|move|p1a: Clint Dempsey|Rock Slide|p2a: Machimp|[spread] p2a,p2b\n|-resisted|p2a: Machimp|1\n|-supereffective|p2b: Penguin|2\n|-damage|p2a: Machimp|75/100\n|-damage|p2b: Penguin|0 fnt\n|faint|p2b: Penguin\n|cant|p2a: Machimp|flinch\n|\n|-weather|RainDance|[upkeep]\n|-heal|p1b: aguerOOO|37/100|[from] item: Leftovers\n|upkeep\n|\n|t:|1788402558\n|switch|p2b: Elephant|Meowstic, L50, M, shiny|12/100\n|turn|7\n|\n|t:|1788402581\n|move|p1a: Clint Dempsey|Protect|p1a: Clint Dempsey\n|-singleturn|p1a: Clint Dempsey|Protect\n|move|p2b: Elephant|Psychic Terrain|p2b: Elephant\n|-fieldstart|move: Psychic Terrain\n|move|p1b: aguerOOO|Muddy Water|p2b: Elephant|[spread] p2a,p2b\n|-damage|p2a: Machimp|30/100\n|-damage|p2b: Elephant|0 fnt\n|faint|p2b: Elephant\n|move|p2a: Machimp|Drain Punch|p1a: Clint Dempsey\n|-activate|p1a: Clint Dempsey|move: Protect\n|\n|-weather|RainDance|[upkeep]\n|-heal|p1b: aguerOOO|43/100|[from] item: Leftovers\n|-sideend|p1: kanklez|move: Light Screen\n|upkeep\n|turn|8\n|\n|t:|1788402613\n|move|p1a: Clint Dempsey|Crunch|p2a: Machimp\n|-resisted|p2a: Machimp|1\n|-damage|p2a: Machimp|12/100\n|move|p1b: aguerOOO|Muddy Water|p2a: Machimp\n|-damage|p2a: Machimp|0 fnt\n|faint|p2a: Machimp\n|\n|win|kanklez\n|c|☆kanklez|ggwp\n|l| sunnydaysagain\n|c|☆kanklez|scarf conkeldurr took me by surprise\n|c|☆kanklez|didn't think there was any way my scarf archaludon\n|c|☆ob0b|gg yo!\n|c|☆kanklez|would get outsped\n|l|☆ob0b\n|player|p2|\n|l| Dakmaul\n|j| seniledogs\n","uploadtime":1788402682,"views":"2","formatid":"gen9championsvgc2026regmb","rating":null,"private":0,"password":null}