{"id":"gen9championsvgc2026regmb-2674518314","format":"[Gen 9 Champions] VGC 2026 Reg M-B","players":["Mafinator","jorgearucas"],"log":"|j|☆Mafinator\n|j|☆jorgearucas\n|html|<table width=\"100%\"><tr><td align=\"left\">Mafinator</td><td align=\"right\">jorgearucas</tr><tr><td align=\"left\"><i class=\"fa fa-circle-o\"></i> <i class=\"fa fa-circle-o\"></i> </td><td align=\"right\"><i class=\"fa fa-circle-o\"></i> <i class=\"fa fa-circle-o\"></i> </tr></table>\n|uhtml|bestof|<h2><strong>Game 1</strong> of <a href=\"/game-bestof3-gen9championsvgc2026regmb-2674518313\">a best-of-3</a></h2>\n|t:|1788369226\n|gametype|doubles\n|player|p1|Mafinator|1|\n|player|p2|jorgearucas|lance|\n|gen|9\n|tier|[Gen 9 Champions] VGC 2026 Reg M-B\n|rule|Species Clause: Limit one of each Pokémon\n|rule|Item Clause: Limit 1 of each item\n|raw|<div class=\"infobox\"><details class=\"readmore\" open><summary><strong>1 custom rule:</strong></summary> Best of = 3</details></div>\n|clearpoke\n|poke|p1|Swampert, L50, F|\n|poke|p1|Sceptile, L50, M|\n|poke|p1|Politoed, L50, M|\n|poke|p1|Staraptor, L50, M|\n|poke|p1|Musharna, L50, F|\n|poke|p1|Meowscarada, L50, F|\n|poke|p2|Pelipper, L50, M|\n|poke|p2|Swampert, L50, M|\n|poke|p2|Charizard, L50, M, shiny|\n|poke|p2|Venusaur, L50, F|\n|poke|p2|Incineroar, L50, F|\n|poke|p2|Raichu, L50, M|\n|teampreview|4\n|j| farcono\n|l|☆Mafinator\n|player|p1|\n|l| farcono\n|\n|t:|1788369280\n|teamsize|p1|4\n|teamsize|p2|4\n|start\n|switch|p1a: Swampert|Swampert, L50, F|100/100\n|switch|p1b: Politoed|Politoed, L50, M|100/100\n|switch|p2a: Hercules|Incineroar, L50, F|100/100\n|switch|p2b: Zeus|Raichu, L50, M|100/100\n|-weather|RainDance|[from] ability: Drizzle|[of] p1b: Politoed\n|-ability|p2a: Hercules|Intimidate|boost\n|-unboost|p1a: Swampert|atk|1\n|-unboost|p1b: Politoed|atk|1\n|turn|1\n|j|☆Mafinator\n|player|p1|Mafinator|1|\n|j| farcono\n|l| farcono\n|\n|t:|1788369312\n|detailschange|p1a: Swampert|Swampert-Mega, L50, F\n|-mega|p1a: Swampert|Swampert|Swampertite\n|move|p1b: Politoed|Protect|p1b: Politoed\n|-singleturn|p1b: Politoed|Protect\n|move|p2a: Hercules|Fake Out|p1a: Swampert\n|-damage|p1a: Swampert|87/100\n|cant|p1a: Swampert|flinch\n|move|p2b: Zeus|Grass Knot|p1a: Swampert\n|-supereffective|p1a: Swampert|2\n|-damage|p1a: Swampert|0 fnt\n|faint|p1a: Swampert\n|\n|-weather|RainDance|[upkeep]\n|upkeep\n|j| farcono\n|\n|t:|1788369332\n|switch|p1a: Meowscarada|Meowscarada, L50, F|100/100\n|turn|2\n|\n|t:|1788369349\n|switch|p2a: Gaia|Venusaur, L50, F|100/100\n|move|p1a: Meowscarada|Quick Attack|p2b: Zeus\n|-crit|p2b: Zeus\n|-damage|p2b: Zeus|54/100\n|move|p2b: Zeus|Thunder|p1b: Politoed\n|-supereffective|p1b: Politoed|1\n|-damage|p1b: Politoed|39/100\n|move|p1b: Politoed|Muddy Water|p2a: Gaia|[spread] p2a\n|-miss|p1b: Politoed|p2b: Zeus\n|-resisted|p2a: Gaia|1\n|-damage|p2a: Gaia|82/100\n|\n|-weather|RainDance|[upkeep]\n|upkeep\n|turn|3\n|\n|t:|1788369386\n|switch|p2b: Hercules|Incineroar, L50, F|100/100\n|-ability|p2b: Hercules|Intimidate|boost\n|-unboost|p1a: Meowscarada|atk|1\n|-unboost|p1b: Politoed|atk|1\n|move|p1a: Meowscarada|Knock Off|p2b: Hercules\n|-resisted|p2b: Hercules|1\n|-damage|p2b: Hercules|86/100\n|-enditem|p2b: Hercules|Sitrus Berry|[from] move: Knock Off|[of] p1a: Meowscarada\n|move|p2a: Gaia|Sludge Wave|p1b: Politoed|[spread] p2b,p1a,p1b\n|-supereffective|p1a: Meowscarada|1\n|-damage|p2b: Hercules|55/100\n|-enditem|p1a: Meowscarada|Focus Sash\n|-damage|p1a: Meowscarada|1/100\n|-damage|p1b: Politoed|16/100\n|move|p1b: Politoed|Icy Wind|p2a: Gaia|[spread] p2b\n|-miss|p1b: Politoed|p2a: Gaia\n|-resisted|p2b: Hercules|1\n|-damage|p2b: Hercules|50/100g\n|-unboost|p2b: Hercules|spe|1\n|\n|-weather|RainDance|[upkeep]\n|upkeep\n|turn|4\n|\n|t:|1788369419\n|move|p1b: Politoed|Protect|p1b: Politoed\n|-singleturn|p1b: Politoed|Protect\n|move|p2b: Hercules|Fake Out|p1a: Meowscarada\n|-damage|p1a: Meowscarada|0 fnt\n|faint|p1a: Meowscarada\n|move|p2a: Gaia|Giga Drain|p1b: Politoed\n|-activate|p1b: Politoed|move: Protect\n|\n|-weather|RainDance|[upkeep]\n|upkeep\n|\n|t:|1788369429\n|switch|p1a: Staraptor|Staraptor, L50, M|100/100\n|-ability|p1a: Staraptor|Intimidate|boost\n|-unboost|p2a: Gaia|atk|1\n|-unboost|p2b: Hercules|atk|1\n|turn|5\n|\n|t:|1788369466\n|move|p2a: Gaia|Protect|p2a: Gaia\n|-singleturn|p2a: Gaia|Protect\n|move|p1a: Staraptor|Close Combat|p2b: Hercules\n|-supereffective|p2b: Hercules|1\n|-damage|p2b: Hercules|0 fnt\n|-unboost|p1a: Staraptor|def|1\n|-unboost|p1a: Staraptor|spd|1\n|faint|p2b: Hercules\n|move|p1b: Politoed|Muddy Water|p2a: Gaia\n|-activate|p2a: Gaia|move: Protect\n|\n|-weather|RainDance|[upkeep]\n|upkeep\n|\n|t:|1788369477\n|switch|p2b: Ares|Charizard, L50, M, shiny|100/100\n|turn|6\n|\n|t:|1788369500\n|detailschange|p2b: Ares|Charizard-Mega-Y, L50, M, shiny\n|-mega|p2b: Ares|Charizard|Charizardite Y\n|-weather|SunnyDay|[from] ability: Drought|[of] p2b: Ares\n|move|p1b: Politoed|Protect|p1b: Politoed\n|-singleturn|p1b: Politoed|Protect\n|move|p2a: Gaia|Giga Drain|p1b: Politoed\n|-activate|p1b: Politoed|move: Protect\n|move|p1a: Staraptor|Close Combat|p2a: Gaia\n|-resisted|p2a: Gaia|1\n|-damage|p2a: Gaia|53/100\n|-unboost|p1a: Staraptor|def|1\n|-unboost|p1a: Staraptor|spd|1\n|move|p2b: Ares|Heat Wave|p1b: Politoed|[spread] p1a\n|-activate|p1b: Politoed|move: Protect\n|-damage|p1a: Staraptor|0 fnt\n|faint|p1a: Staraptor\n|\n|-weather|SunnyDay|[upkeep]\n|upkeep\n|turn|7\n|j| Daedalo\n|\n|t:|1788369523\n|move|p2a: Gaia|Giga Drain|p1b: Politoed\n|-supereffective|p1b: Politoed|1\n|-damage|p1b: Politoed|0 fnt\n|-heal|p2a: Gaia|63/100|[from] drain|[of] p1b: Politoed\n|faint|p1b: Politoed\n|\n|win|jorgearucas\n||jorgearucas is ready for game 2.\n|inactive|Mafinator has 30 seconds to confirm battle start!\n|inactive|Mafinator has 20 seconds to confirm battle start!\n|l| farcono\n|l|☆Mafinator\n|player|p1|\n|inactive|Mafinator has 10 seconds to confirm battle start!\n|uhtml|next|Next: <a href=\"/battle-gen9championsvgc2026regmb-2674521272\"><strong>Game 2 of 3</strong></a>\n","uploadtime":1788369563,"views":"1","formatid":"gen9championsvgc2026regmb","rating":null,"private":0,"password":null}