{"id":"gen9championsvgc2026regmbbo3-2673844402","format":"[Gen 9 Champions] VGC 2026 Reg M-B (Bo3)","players":["biggiefloof","Dalucks89"],"log":"|j|☆biggiefloof\n|j|☆Dalucks89\n|html|<table width=\"100%\"><tr><td align=\"left\">biggiefloof</td><td align=\"right\">Dalucks89</tr><tr><td align=\"left\"><i class=\"fa fa-circle-o\"></i> <i class=\"fa fa-circle-o\"></i> </td><td align=\"right\"><i class=\"fa fa-circle-o\"></i> <i class=\"fa fa-circle-o\"></i> </tr></table>\n|uhtml|bestof|<h2><strong>Game 1</strong> of <a href=\"/game-bestof3-gen9championsvgc2026regmbbo3-2673844401\">a best-of-3</a></h2>\n|t:|1788267414\n|gametype|doubles\n|player|p1|biggiefloof|rocketgrunt|1082\n|player|p2|Dalucks89|265|1256\n|gen|9\n|tier|[Gen 9 Champions] VGC 2026 Reg M-B (Bo3)\n|rated|\n|rule|Species Clause: Limit one of each Pokémon\n|rule|Item Clause: Limit 1 of each item\n|clearpoke\n|poke|p1|Staraptor, L50, F, shiny|\n|poke|p1|Raichu, L50, F|\n|poke|p1|Kingambit, L50, M|\n|poke|p1|Basculegion, L50, M|\n|poke|p1|Arcanine-Hisui, L50, F|\n|poke|p1|Sylveon, L50, M, shiny|\n|poke|p2|Aerodactyl, L50, F|\n|poke|p2|Incineroar, L50, F|\n|poke|p2|Meganium, L50, F|\n|poke|p2|Basculegion, L50, M|\n|poke|p2|Gengar, L50, M|\n|poke|p2|Volcarona, L50, F|\n|teampreview|4\n|showteam|p1|Staraptor||Staraptite|Intimidate|CloseCombat,BraveBird,Protect,Tailwind|Jolly||F|||50|]Raichu||RaichuniteY|LightningRod|ZapCannon,FocusBlast,Protect,FakeOut|Timid||F|||50|]Kingambit||ChopleBerry|Defiant|KowtowCleave,IronHead,LowKick,SuckerPunch|Adamant||M|||50|]Basculegion||LifeOrb|Adaptability|WaveCrash,LastRespects,Protect,AquaJet|Adamant||M|||50|]Arcanine-Hisui||FocusSash|RockHead|HeadSmash,FlareBlitz,Protect,ExtremeSpeed|Jolly||F|||50|]Sylveon||FairyFeather|Pixilate|HyperVoice,HyperBeam,Detect,QuickAttack|Modest||M|||50|\n|showteam|p2|Aerodactyl||FocusSash|Unnerve|Protect,Tailwind,RockSlide,DualWingbeat|Jolly||F|||50|]Incineroar||Leftovers|Intimidate|FakeOut,FlareBlitz,PartingShot,Protect|Sassy||F|||50|]Meganium||Meganiumite|LeafGuard|SolarBeam,WeatherBall,Protect,DazzlingGleam|Modest||F|||50|]Basculegion||ChoiceScarf|Adaptability|LastRespects,WaveCrash,AquaJet,FlipTurn|Jolly||M|||50|]Gengar||Gengarite|CursedBody|Protect,ShadowBall,DestinyBond,PerishSong|Timid||M|||50|]Volcarona||SitrusBerry|FlameBody|Protect,RagePowder,Overheat,Uturn|Bold||F|||50|\n|inactive|Battle timer is ON: inactive players will automatically lose when time's up. (requested by Dalucks89)\n|\n|t:|1788267488\n|teamsize|p1|4\n|teamsize|p2|4\n|start\n|switch|p1a: Kingambit|Kingambit, L50, M|100/100\n|switch|p1b: Raichu|Raichu, L50, F|100/100\n|switch|p2a: Incineroar|Incineroar, L50, F|100/100\n|switch|p2b: Gengar|Gengar, L50, M|100/100\n|-ability|p2a: Incineroar|Intimidate|boost\n|-unboost|p1a: Kingambit|atk|1\n|-ability|p1a: Kingambit|Defiant|boost\n|-boost|p1a: Kingambit|atk|2\n|-unboost|p1b: Raichu|atk|1\n|turn|1\n|inactive|biggiefloof has 30 seconds left.\n|inactive|Dalucks89 has 30 seconds left.\n|\n|t:|1788267520\n|switch|p2a: Volcarona|Volcarona, L50, F|100/100\n|detailschange|p2b: Gengar|Gengar-Mega, L50, M\n|-mega|p2b: Gengar|Gengar|Gengarite\n|detailschange|p1b: Raichu|Raichu-Mega-Y, L50, F\n|-mega|p1b: Raichu|Raichu|Raichunite Y\n|move|p2b: Gengar|Protect|p2b: Gengar\n|-singleturn|p2b: Gengar|Protect\n|move|p1b: Raichu|Fake Out|p2a: Volcarona\n|-damage|p2a: Volcarona|95/100\n|move|p1a: Kingambit|Kowtow Cleave|p2b: Gengar\n|-activate|p2b: Gengar|move: Protect\n|\n|upkeep\n|turn|2\n|inactive|biggiefloof has 30 seconds left.\n|inactive|Dalucks89 has 30 seconds left.\n|\n|t:|1788267552\n|move|p2b: Gengar|Perish Song|p2b: Gengar\n|-start|p1a: Kingambit|perish3|[silent]\n|-start|p1b: Raichu|perish3|[silent]\n|-start|p2a: Volcarona|perish3|[silent]\n|-start|p2b: Gengar|perish3|[silent]\n|-fieldactivate|move: Perish Song\n|move|p1b: Raichu|Zap Cannon|p2a: Volcarona\n|-damage|p2a: Volcarona|43/100\n|-status|p2a: Volcarona|par\n|-enditem|p2a: Volcarona|Sitrus Berry|[eat]\n|-heal|p2a: Volcarona|68/100 par|[from] item: Sitrus Berry\n|move|p1a: Kingambit|Kowtow Cleave|p2b: Gengar\n|-supereffective|p2b: Gengar|1\n|-damage|p2b: Gengar|0 fnt\n|faint|p2b: Gengar\n|move|p2a: Volcarona|Overheat|p1a: Kingambit\n|-supereffective|p1a: Kingambit|1\n|-damage|p1a: Kingambit|0 fnt\n|-unboost|p2a: Volcarona|spa|2\n|faint|p1a: Kingambit\n|\n|-start|p1b: Raichu|perish3\n|-start|p2a: Volcarona|perish3\n|upkeep\n|inactive|biggiefloof has 30 seconds left.\n|\n|t:|1788267578\n|switch|p2b: Basculegion|Basculegion, L50, M|100/100\n|switch|p1a: Basculegion|Basculegion, L50, M|100/100\n|turn|3\n|\n|t:|1788267603\n|move|p1a: Basculegion|Protect|p1a: Basculegion\n|-singleturn|p1a: Basculegion|Protect\n|move|p2a: Volcarona|Rage Powder|p2a: Volcarona\n|-singleturn|p2a: Volcarona|move: Rage Powder\n|move|p2b: Basculegion|Last Respects|p1a: Basculegion\n|-activate|p1a: Basculegion|move: Protect\n|move|p1b: Raichu|Zap Cannon|p2a: Volcarona\n|-damage|p2a: Volcarona|11/100 par\n|\n|-start|p1b: Raichu|perish2\n|-start|p2a: Volcarona|perish2\n|upkeep\n|turn|4\n|\n|t:|1788267617\n|move|p2a: Volcarona|Rage Powder|p2a: Volcarona\n|-singleturn|p2a: Volcarona|move: Rage Powder\n|move|p1a: Basculegion|Aqua Jet|p2a: Volcarona\n|-supereffective|p2a: Volcarona|1\n|-damage|p2a: Volcarona|0 fnt\n|faint|p2a: Volcarona\n|-damage|p1a: Basculegion|90/100|[from] item: Life Orb\n|move|p2b: Basculegion|Last Respects|p1a: Basculegion\n|-supereffective|p1a: Basculegion|1\n|-damage|p1a: Basculegion|0 fnt\n|faint|p1a: Basculegion\n|move|p1b: Raichu|Zap Cannon|p2b: Basculegion\n|-supereffective|p2b: Basculegion|1\n|-damage|p2b: Basculegion|0 fnt\n|faint|p2b: Basculegion\n|\n|-start|p1b: Raichu|perish1\n|upkeep\n|\n|t:|1788267635\n|switch|p1a: Arcanine|Arcanine-Hisui, L50, F|100/100\n|switch|p2a: Incineroar|Incineroar, L50, F|100/100\n|-ability|p2a: Incineroar|Intimidate|boost\n|-unboost|p1a: Arcanine|atk|1\n|-unboost|p1b: Raichu|atk|1\n|turn|5\n|\n|t:|1788267646\n|move|p1a: Arcanine|Protect|p1a: Arcanine\n|-singleturn|p1a: Arcanine|Protect\n|move|p2a: Incineroar|Protect|p2a: Incineroar\n|-singleturn|p2a: Incineroar|Protect\n|move|p1b: Raichu|Focus Blast|p2a: Incineroar\n|-activate|p2a: Incineroar|move: Protect\n|\n|-start|p1b: Raichu|perish0\n|faint|p1b: Raichu\n|upkeep\n|turn|6\n|-message|Dalucks89 forfeited.\n|\n|win|biggiefloof\n|l|☆Dalucks89\n|player|p2|\n||Dalucks89 is ready for game 2.\n||biggiefloof is ready for game 2.\n|uhtml|next|Next: <a href=\"/battle-gen9championsvgc2026regmbbo3-2673845985\"><strong>Game 2 of 3</strong></a>\n","uploadtime":1788268030,"views":"2","formatid":"gen9championsvgc2026regmbbo3","rating":null,"private":0,"password":null}