{"id":"gen9championsvgc2026regmbbo3-2674731255","format":"[Gen 9 Champions] VGC 2026 Reg M-B (Bo3)","players":["Kevin-V8","svnzv"],"log":"|j|☆Kevin-V8\n|j|☆svnzv\n|html|<table width=\"100%\"><tr><td align=\"left\">Kevin-V8</td><td align=\"right\">svnzv</tr><tr><td align=\"left\"><i class=\"fa fa-circle\"></i> <i class=\"fa fa-circle-o\"></i> </td><td align=\"right\"><i class=\"fa fa-circle-o\"></i> <i class=\"fa fa-circle\"></i> </tr></table>\n|uhtml|bestof|<h2><strong>Game 3</strong> of <a href=\"/game-bestof3-gen9championsvgc2026regmbbo3-2674727791\">a best-of-3</a></h2>\n|t:|1788397378\n|gametype|doubles\n|player|p1|Kevin-V8|ethan|1187\n|player|p2|svnzv|iris-gen5bw2|1256\n|gen|9\n|tier|[Gen 9 Champions] VGC 2026 Reg M-B (Bo3)\n|rated|\n|rule|Species Clause: Limit one of each Pokémon\n|rule|Item Clause: Limit 1 of each item\n|clearpoke\n|poke|p1|Tyranitar, L50, M|\n|poke|p1|Excadrill, L50, M|\n|poke|p1|Whimsicott, L50, F|\n|poke|p1|Floette-Eternal, L50, F|\n|poke|p1|Incineroar, L50, M|\n|poke|p1|Sinistcha, L50|\n|poke|p2|Blaziken, L50, F, shiny|\n|poke|p2|Kingambit, L50, M|\n|poke|p2|Garchomp, L50, F|\n|poke|p2|Incineroar, L50, F|\n|poke|p2|Vivillon-High Plains, L50, F|\n|poke|p2|Gardevoir, L50, F|\n|teampreview|4\n|showteam|p1|Tyranitar||FocusSash|SandStream|KnockOff,RockSlide,LowKick,Protect|Adamant||M|||50|]Excadrill||LifeOrb|SandRush|HighHorsepower,IronHead,RockTomb,Protect|Adamant||M|||50|]Whimsicott||OccaBerry|Prankster|Moonblast,Encore,Tailwind,LightScreen|Calm||F|||50|]Floette-Eternal||Floettite|FlowerVeil|Moonblast,DazzlingGleam,CalmMind,Protect|Modest||F|||50|]Incineroar||SitrusBerry|Intimidate|FlareBlitz,FakeOut,PartingShot,HelpingHand|Impish||M|||50|]Sinistcha||Leftovers|Hospitality|ShadowBall,RagePowder,TrickRoom,Protect|Calm|||||50|\n|showteam|p2|Blaziken||Blazikenite|SpeedBoost|FlareBlitz,CloseCombat,RockSlide,Detect|Adamant||F|||50|]Kingambit||ChopleBerry|Defiant|KowtowCleave,SuckerPunch,IronHead,LowKick|Brave||M|||50|]Garchomp||SitrusBerry|RoughSkin|DragonClaw,Earthquake,RockTomb,Protect|Jolly||F|||50|]Incineroar||PasshoBerry|Intimidate|FlareBlitz,ThroatChop,PartingShot,FakeOut|Careful||F|||50|]Vivillon-High Plains||FocusSash|CompoundEyes|RagePowder,Hurricane,SleepPowder,Protect|Naive||F|||50|]Gardevoir||Gardevoirite|Synchronize|Psychic,HyperVoice,TrickRoom,Protect|Bold||F|||50|\n|inactive|Battle timer is ON: inactive players will automatically lose when time's up. (requested by Kevin-V8)\n|inactive|svnzv also wants the timer to be on.\n|inactive|Kevin-V8 has 60 seconds left.\n|inactive|svnzv has 60 seconds left.\n|inactive|Kevin-V8 has 30 seconds left.\n|inactive|svnzv has 30 seconds left.\n|inactive|Kevin-V8 has 20 seconds left.\n|inactive|svnzv has 20 seconds left.\n|inactive|Kevin-V8 has 15 seconds left.\n|inactive|svnzv has 15 seconds left.\n|\n|t:|1788397457\n|teamsize|p1|4\n|teamsize|p2|4\n|start\n|switch|p1a: Incineroar|Incineroar, L50, M|100/100\n|switch|p1b: Floette|Floette-Eternal, L50, F|100/100\n|switch|p2a: Vivillon|Vivillon-High Plains, L50, F|100/100\n|switch|p2b: Blaziken|Blaziken, L50, F, shiny|100/100\n|-ability|p1a: Incineroar|Intimidate|boost\n|-unboost|p2a: Vivillon|atk|1\n|-unboost|p2b: Blaziken|atk|1\n|turn|1\n|\n|t:|1788397477\n|switch|p2b: Incineroar|Incineroar, L50, F|100/100\n|-ability|p2b: Incineroar|Intimidate|boost\n|-unboost|p1a: Incineroar|atk|1\n|-unboost|p1b: Floette|atk|1\n|switch|p1a: Whimsicott|Whimsicott, L50, F|100/100\n|detailschange|p1b: Floette|Floette-Mega, L50, F\n|-mega|p1b: Floette|Floette|Floettite\n|-ability|p1b: Floette|Fairy Aura\n|move|p2a: Vivillon|Sleep Powder|p1b: Floette\n|-status|p1b: Floette|slp|[from] move: Sleep Powder\n|cant|p1b: Floette|slp\n|\n|upkeep\n|turn|2\n|\n|t:|1788397499\n|move|p1a: Whimsicott|Encore|p2a: Vivillon\n|-start|p2a: Vivillon|Encore\n|move|p2a: Vivillon|Sleep Powder|p1b: Floette\n|-fail|p1b: Floette|slp\n|cant|p1b: Floette|slp\n|move|p2b: Incineroar|Flare Blitz|p1b: Floette\n|-damage|p1b: Floette|49/100 slp\n|-damage|p2b: Incineroar|85/100|[from] Recoil\n|\n|upkeep\n|turn|3\n|\n|t:|1788397518\n|switch|p2a: Kingambit|Kingambit, L50, M|100/100\n|move|p1a: Whimsicott|Tailwind|p1a: Whimsicott\n|-sidestart|p1: Kevin-V8|move: Tailwind\n|-curestatus|p1b: Floette|slp|[msg]\n|move|p1b: Floette|Moonblast|p2b: Incineroar\n|-damage|p2b: Incineroar|23/100\n|move|p2b: Incineroar|Parting Shot|p1b: Floette\n|-unboost|p1b: Floette|atk|1\n|-unboost|p1b: Floette|spa|1\n|\n|t:|1788397539\n|switch|p2b: Blaziken|Blaziken, L50, F, shiny|100/100|[from] Parting Shot\n|\n|upkeep\n|turn|4\n|\n|t:|1788397564\n|switch|p1b: Excadrill|Excadrill, L50, M|100/100\n|move|p2b: Blaziken|Detect|p2b: Blaziken\n|-singleturn|p2b: Blaziken|Protect\n|move|p1a: Whimsicott|Moonblast|p2b: Blaziken\n|-activate|p2b: Blaziken|move: Protect\n|move|p2a: Kingambit|Iron Head|p1a: Whimsicott\n|-supereffective|p1a: Whimsicott|1\n|-damage|p1a: Whimsicott|0 fnt\n|faint|p1a: Whimsicott\n|\n|-ability|p2b: Blaziken|Speed Boost|boost\n|-boost|p2b: Blaziken|spe|1\n|upkeep\n|\n|t:|1788397576\n|switch|p1a: Floette|Floette-Mega, L50, F|49/100\n|-ability|p1a: Floette|Fairy Aura\n|turn|5\n|\n|t:|1788397596\n|switch|p2b: Incineroar|Incineroar, L50, F|23/100\n|-ability|p2b: Incineroar|Intimidate|boost\n|-unboost|p1a: Floette|atk|1\n|-unboost|p1b: Excadrill|atk|1\n|move|p2a: Kingambit|Sucker Punch|p1b: Excadrill\n|-damage|p1b: Excadrill|51/100\n|move|p1a: Floette|Calm Mind|p1a: Floette\n|-boost|p1a: Floette|spa|1\n|-boost|p1a: Floette|spd|1\n|move|p1b: Excadrill|High Horsepower|p2b: Incineroar\n|-supereffective|p2b: Incineroar|1\n|-damage|p2b: Incineroar|0 fnt\n|faint|p2b: Incineroar\n|-damage|p1b: Excadrill|42/100|[from] item: Life Orb\n|\n|upkeep\n|\n|t:|1788397612\n|switch|p2b: Blaziken|Blaziken, L50, F, shiny|100/100\n|turn|6\n|\n|t:|1788397621\n|move|p2b: Blaziken|Detect|p2b: Blaziken\n|-singleturn|p2b: Blaziken|Protect\n|move|p2a: Kingambit|Sucker Punch|p1b: Excadrill\n|-damage|p1b: Excadrill|0 fnt\n|faint|p1b: Excadrill\n|move|p1a: Floette|Dazzling Gleam|p2b: Blaziken|[spread] p2a\n|-activate|p2b: Blaziken|move: Protect\n|-damage|p2a: Kingambit|38/100\n|\n|-sideend|p1: Kevin-V8|move: Tailwind\n|-ability|p2b: Blaziken|Speed Boost|boost\n|-boost|p2b: Blaziken|spe|1\n|upkeep\n|\n|t:|1788397632\n|switch|p1b: Incineroar|Incineroar, L50, M|100/100\n|-ability|p1b: Incineroar|Intimidate|boost\n|-unboost|p2a: Kingambit|atk|1\n|-ability|p2a: Kingambit|Defiant|boost\n|-boost|p2a: Kingambit|atk|2\n|-unboost|p2b: Blaziken|atk|1\n|turn|7\n|\n|t:|1788397639\n|detailschange|p2b: Blaziken|Blaziken-Mega, L50, F, shiny\n|-mega|p2b: Blaziken|Blaziken|Blazikenite\n|move|p1b: Incineroar|Fake Out|p2b: Blaziken\n|-damage|p2b: Blaziken|86/100\n|cant|p2b: Blaziken|flinch\n|move|p1a: Floette|Dazzling Gleam|p2b: Blaziken|[spread] p2a,p2b\n|-damage|p2a: Kingambit|0 fnt\n|-damage|p2b: Blaziken|0 fnt\n|faint|p2a: Kingambit\n|faint|p2b: Blaziken\n|\n|upkeep\n|\n|t:|1788397647\n|switch|p2b: Vivillon|Vivillon-High Plains, L50, F|100/100\n|turn|8\n|-message|svnzv forfeited.\n|\n|win|Kevin-V8\n|raw|Kevin-V8's rating: 1187 &rarr; <strong>1217</strong><br />(+30 for winning)\n|raw|svnzv's rating: 1256 &rarr; <strong>1226</strong><br />(-30 for losing)\n|l|☆svnzv\n|player|p2|\n|c|☆Kevin-V8|i think you shouldve sucker the floette\n","uploadtime":1788397738,"views":"5","formatid":"gen9championsvgc2026regmbbo3","rating":1217,"private":0,"password":null}