{"id":"gen9championsvgc2026regmbbo3-2673612853","format":"[Gen 9 Champions] VGC 2026 Reg M-B (Bo3)","players":["Luma Tactas","sahhr"],"log":"|j|☆Luma Tactas\n|j|‽sahhr\n|html|<table width=\"100%\"><tr><td align=\"left\">Luma Tactas</td><td align=\"right\">sahhr</tr><tr><td align=\"left\"><i class=\"fa fa-circle-o\"></i> <i class=\"fa fa-circle-o\"></i> </td><td align=\"right\"><i class=\"fa fa-circle-o\"></i> <i class=\"fa fa-circle-o\"></i> </tr></table>\n|uhtml|bestof|<h2><strong>Game 1</strong> of <a href=\"/game-bestof3-gen9championsvgc2026regmbbo3-2673612850\">a best-of-3</a></h2>\n|t:|1788221274\n|gametype|doubles\n|player|p1|Luma Tactas|acetrainerf|1070\n|player|p2|sahhr|266|1129\n|gen|9\n|tier|[Gen 9 Champions] VGC 2026 Reg M-B (Bo3)\n|rated|\n|rule|Species Clause: Limit one of each Pokémon\n|rule|Item Clause: Limit 1 of each item\n|clearpoke\n|poke|p1|Gardevoir, L50, F, shiny|\n|poke|p1|Sneasler, L50, M|\n|poke|p1|Sinistcha, L50|\n|poke|p1|Rotom-Wash, L50|\n|poke|p1|Talonflame, L50, M|\n|poke|p1|Garchomp, L50, F|\n|poke|p2|Sableye, L50, F|\n|poke|p2|Archaludon, L50, F|\n|poke|p2|Sinistcha, L50|\n|poke|p2|Dragonite, L50, M|\n|poke|p2|Pelipper, L50, F|\n|poke|p2|Basculegion, L50, M|\n|teampreview|4\n|showteam|p1|Gardevoir||Gardevoirite|Synchronize|HyperVoice,Psychic,TrickRoom,Protect|Modest||F|||50|]Sneasler||WhiteHerb|Unburden|FakeOut,CloseCombat,DireClaw,Protect|Jolly||M|||50|]Sinistcha||SitrusBerry|Hospitality|MatchaGotcha,RagePowder,StrengthSap,TrickRoom|Bold|||||50|]Rotom-Wash||Leftovers|Levitate|Thunderbolt,WillOWisp,HydroPump,Protect|Modest|||||50|]Talonflame||FocusSash|GaleWings|Tailwind,DualWingbeat,FlareBlitz,Protect|Jolly||M|||50|]Garchomp||LifeOrb|RoughSkin|StompingTantrum,RockSlide,Earthquake,Protect|Jolly||F|||50|\n|showteam|p2|Sableye||RoseliBerry|Prankster|Reflect,LightScreen,Quash,RainDance|Sassy||F|||50|]Archaludon||Leftovers|Stamina|FlashCannon,DracoMeteor,ElectroShot,DragonPulse|Modest||F|||50|]Sinistcha||KasibBerry|Hospitality|RagePowder,MatchaGotcha,LifeDew,TrickRoom|Sassy|||||50|]Dragonite||Dragoninite|InnerFocus|Flamethrower,Hurricane,DracoMeteor,Tailwind|Modest||M|||50|]Pelipper||SitrusBerry|Drizzle|Tailwind,WeatherBall,Hurricane,WideGuard|Bold||F|||50|]Basculegion||ChoiceScarf|Adaptability|FlipTurn,WaveCrash,LastRespects,AquaJet|Jolly||M|||50|\n|\n|t:|1788221336\n|teamsize|p1|4\n|teamsize|p2|4\n|start\n|switch|p1a: Ophelia|Gardevoir, L50, F, shiny|100/100\n|switch|p1b: Morganucodon|Talonflame, L50, M|100/100\n|switch|p2a: Sableye|Sableye, L50, F|100/100\n|switch|p2b: Archaludon|Archaludon, L50, F|100/100\n|turn|1\n|\n|t:|1788221363\n|detailschange|p1a: Ophelia|Gardevoir-Mega, L50, F, shiny\n|-mega|p1a: Ophelia|Gardevoir|Gardevoirite\n|move|p1b: Morganucodon|Tailwind|p1b: Morganucodon\n|-sidestart|p1: Luma Tactas|move: Tailwind\n|move|p2a: Sableye|Rain Dance|p2a: Sableye\n|-weather|RainDance\n|move|p1a: Ophelia|Hyper Voice|p2b: Archaludon|[spread] p2a,p2b\n|-supereffective|p2a: Sableye|1\n|-enditem|p2a: Sableye|Roseli Berry|[eat]\n|-enditem|p2a: Sableye|Roseli Berry|[weaken]\n|-damage|p2a: Sableye|42/100\n|-damage|p2b: Archaludon|41/100\n|-ability|p2b: Archaludon|Stamina|boost\n|-boost|p2b: Archaludon|def|1\n|move|p2b: Archaludon|Electro Shot||[still]\n|-prepare|p2b: Archaludon|Electro Shot\n|-boost|p2b: Archaludon|spa|1\n|-anim|p2b: Archaludon|Electro Shot|p1b: Morganucodon\n|-supereffective|p1b: Morganucodon|1\n|-enditem|p1b: Morganucodon|Focus Sash\n|-damage|p1b: Morganucodon|1/100\n|\n|-weather|RainDance|[upkeep]\n|-heal|p2b: Archaludon|47/100|[from] item: Leftovers\n|upkeep\n|turn|2\n|\n|t:|1788221389\n|switch|p1b: Iron Mugulis|Sinistcha, L50|100/100\n|switch|p2a: Sinistcha|Sinistcha, L50|100/100\n|-heal|p2b: Archaludon|72/100|[from] ability: Hospitality|[of] p2a: Sinistcha\n|move|p1a: Ophelia|Protect|p1a: Ophelia\n|-singleturn|p1a: Ophelia|Protect\n|move|p2b: Archaludon|Electro Shot||[still]\n|-prepare|p2b: Archaludon|Electro Shot\n|-boost|p2b: Archaludon|spa|1\n|-anim|p2b: Archaludon|Electro Shot|p1a: Ophelia\n|-activate|p1a: Ophelia|move: Protect\n|\n|-weather|RainDance|[upkeep]\n|-heal|p2b: Archaludon|78/100|[from] item: Leftovers\n|upkeep\n|turn|3\n|\n|t:|1788221431\n|switch|p2a: Sableye|Sableye, L50, F|42/100\n|move|p1b: Iron Mugulis|Rage Powder|p1b: Iron Mugulis\n|-singleturn|p1b: Iron Mugulis|move: Rage Powder\n|move|p1a: Ophelia|Hyper Voice|p2b: Archaludon|[spread] p2a,p2b\n|-supereffective|p2a: Sableye|1\n|-damage|p2a: Sableye|0 fnt\n|-damage|p2b: Archaludon|25/100\n|-ability|p2b: Archaludon|Stamina|boost\n|-boost|p2b: Archaludon|def|1\n|faint|p2a: Sableye\n|move|p2b: Archaludon|Flash Cannon|p1b: Iron Mugulis\n|-damage|p1b: Iron Mugulis|3/100\n|-enditem|p1b: Iron Mugulis|Sitrus Berry|[eat]\n|-heal|p1b: Iron Mugulis|28/100|[from] item: Sitrus Berry\n|\n|-weather|RainDance|[upkeep]\n|-heal|p2b: Archaludon|31/100|[from] item: Leftovers\n|upkeep\n|\n|t:|1788221451\n|switch|p2a: Sinistcha|Sinistcha, L50|100/100\n|-heal|p2b: Archaludon|56/100|[from] ability: Hospitality|[of] p2a: Sinistcha\n|turn|4\n|\n|t:|1788221470\n|move|p1b: Iron Mugulis|Rage Powder|p1b: Iron Mugulis\n|-singleturn|p1b: Iron Mugulis|move: Rage Powder\n|move|p1a: Ophelia|Hyper Voice|p2b: Archaludon|[spread] p2a,p2b\n|-damage|p2a: Sinistcha|50/100g\n|-damage|p2b: Archaludon|0 fnt\n|faint|p2b: Archaludon\n|move|p2a: Sinistcha|Life Dew|p2a: Sinistcha\n|-heal|p2a: Sinistcha|75/100\n|\n|-weather|RainDance|[upkeep]\n|-sideend|p1: Luma Tactas|move: Tailwind\n|upkeep\n|\n|t:|1788221481\n|switch|p2b: Dragonite|Dragonite, L50, M|100/100\n|turn|5\n|\n|t:|1788221521\n|detailschange|p2b: Dragonite|Dragonite-Mega, L50, M\n|-mega|p2b: Dragonite|Dragonite|Dragoninite\n|move|p2b: Dragonite|Flamethrower|p1a: Ophelia\n|-damage|p1a: Ophelia|86/100\n|move|p1b: Iron Mugulis|Strength Sap|p2b: Dragonite\n|-unboost|p2b: Dragonite|atk|1\n|-heal|p1b: Iron Mugulis|100/100\n|move|p2a: Sinistcha|Matcha Gotcha|p1b: Iron Mugulis|[spread] p1a,p1b\n|-resisted|p1b: Iron Mugulis|1\n|-damage|p1a: Ophelia|67/100\n|-heal|p2a: Sinistcha|85/100|[from] drain|[of] p1a: Ophelia\n|-damage|p1b: Iron Mugulis|84/100\n|-heal|p2a: Sinistcha|93/100|[from] drain|[of] p1b: Iron Mugulis\n|-status|p1a: Ophelia|brn\n|move|p1a: Ophelia|Trick Room|p1a: Ophelia\n|-fieldstart|move: Trick Room|[of] p1a: Ophelia\n|\n|-weather|none\n|-damage|p1a: Ophelia|61/100 brn|[from] brn\n|upkeep\n|turn|6\n|\n|t:|1788221557\n|move|p1b: Iron Mugulis|Rage Powder|p1b: Iron Mugulis\n|-singleturn|p1b: Iron Mugulis|move: Rage Powder\n|move|p1a: Ophelia|Hyper Voice|p2b: Dragonite|[spread] p2a,p2b\n|-crit|p2a: Sinistcha\n|-supereffective|p2b: Dragonite|1\n|-damage|p2a: Sinistcha|25/100\n|-damage|p2b: Dragonite|55/100\n|move|p2b: Dragonite|Hurricane|p1b: Iron Mugulis\n|-supereffective|p1b: Iron Mugulis|1\n|-damage|p1b: Iron Mugulis|0 fnt\n|faint|p1b: Iron Mugulis\n|move|p2a: Sinistcha|Trick Room|p2a: Sinistcha\n|-fieldend|move: Trick Room\n|\n|-damage|p1a: Ophelia|56/100 brn|[from] brn\n|upkeep\n|\n|t:|1788221575\n|switch|p1b: Morganucodon|Talonflame, L50, M|1/100\n|turn|7\n|\n|t:|1788221584\n|move|p1a: Ophelia|Protect|p1a: Ophelia\n|-singleturn|p1a: Ophelia|Protect\n|move|p1b: Morganucodon|Flare Blitz|p2a: Sinistcha\n|-supereffective|p2a: Sinistcha|1\n|-damage|p2a: Sinistcha|0 fnt\n|faint|p2a: Sinistcha\n|-damage|p1b: Morganucodon|0 fnt|[from] Recoil\n|faint|p1b: Morganucodon\n|move|p2b: Dragonite|Hurricane|p1a: Ophelia\n|-activate|p1a: Ophelia|move: Protect\n|\n|-damage|p1a: Ophelia|50/100g brn|[from] brn\n|upkeep\n|\n|t:|1788221595\n|switch|p1b: Motorwash|Rotom-Wash, L50|100/100\n|turn|8\n|\n|t:|1788221606\n|move|p2b: Dragonite|Hurricane|p1a: Ophelia\n|-damage|p1a: Ophelia|0 fnt\n|faint|p1a: Ophelia\n|move|p1b: Motorwash|Thunderbolt|p2b: Dragonite\n|-damage|p2b: Dragonite|16/100\n|\n|upkeep\n|turn|9\n|\n|t:|1788221619\n|move|p2b: Dragonite|Draco Meteor|p1b: Motorwash\n|-damage|p1b: Motorwash|19/100\n|-unboost|p2b: Dragonite|spa|2\n|move|p1b: Motorwash|Thunderbolt|p2b: Dragonite\n|-damage|p2b: Dragonite|0 fnt\n|faint|p2b: Dragonite\n|\n|win|Luma Tactas\n||Luma Tactas is ready for game 2.\n|l|‽sahhr\n|player|p2|\n|inactive|sahhr has 30 seconds to confirm battle start!\n|inactive|sahhr has 20 seconds to confirm battle start!\n|inactive|sahhr has 10 seconds to confirm battle start!\n|uhtml|next|Next: <a href=\"/battle-gen9championsvgc2026regmbbo3-2673615295\"><strong>Game 2 of 3</strong></a>\n","uploadtime":1788222379,"views":"2","formatid":"gen9championsvgc2026regmbbo3","rating":null,"private":0,"password":null}