{"id":"gen9championsvgc2026regmbbo3-2674803575","format":"[Gen 9 Champions] VGC 2026 Reg M-B (Bo3)","players":["Dismissed1412","Raucla"],"log":"|j|☆Dismissed1412\n|j|☆Raucla\n|html|<table width=\"100%\"><tr><td align=\"left\">Dismissed1412</td><td align=\"right\">Raucla</tr><tr><td align=\"left\"><i class=\"fa fa-circle\"></i> <i class=\"fa fa-circle-o\"></i> </td><td align=\"right\"><i class=\"fa fa-circle-o\"></i> <i class=\"fa fa-circle-o\"></i> </tr></table>\n|uhtml|bestof|<h2><strong>Game 2</strong> of <a href=\"/game-bestof3-gen9championsvgc2026regmbbo3-2674801565\">a best-of-3</a></h2>\n|t:|1788409933\n|gametype|doubles\n|player|p1|Dismissed1412|ethan|1027\n|player|p2|Raucla|101|1007\n|gen|9\n|tier|[Gen 9 Champions] VGC 2026 Reg M-B (Bo3)\n|rated|\n|rule|Species Clause: Limit one of each Pokémon\n|rule|Item Clause: Limit 1 of each item\n|clearpoke\n|poke|p1|Charizard, L50, M, shiny|\n|poke|p1|Venusaur, L50, M|\n|poke|p1|Basculegion, L50, M|\n|poke|p1|Pelipper, L50, F|\n|poke|p1|Grimmsnarl, L50, M|\n|poke|p1|Archaludon, L50, M, shiny|\n|poke|p2|Pelipper, L50, M, shiny|\n|poke|p2|Swampert, L50, M|\n|poke|p2|Archaludon, L50, M|\n|poke|p2|Toxapex, L50, M|\n|poke|p2|Mamoswine, L50, F|\n|poke|p2|Glimmora, L50, M|\n|teampreview|4\n|showteam|p1|Charizard||CharizarditeY|Blaze|HeatWave,SolarBeam,Protect,WeatherBall|Modest||M|||50|]Venusaur||LifeOrb|Chlorophyll|SludgeBomb,EarthPower,SleepPowder,GigaDrain|Modest||M|||50|]Basculegion||ChoiceScarf|Adaptability|WaveCrash,LastRespects,FlipTurn,AquaJet|Careful||M|||50|]Pelipper||SitrusBerry|Drizzle|Hurricane,Tailwind,WeatherBall,WideGuard|Modest||F|||50|]Grimmsnarl||LightClay|Prankster|LightScreen,Reflect,SpiritBreak,PartingShot|Careful||M|||50|]Archaludon||Leftovers|Stamina|DragonPulse,ElectroShot,FlashCannon,Protect|Calm||M|||50|\n|showteam|p2|Pelipper||DampRock|Drizzle|Hurricane,HydroPump,Protect,IceBeam|Modest||M|||50|]Swampert||Swampertite|Torrent|WaveCrash,Earthquake,IcePunch,PoisonJab|Adamant||M|||50|]Archaludon||LifeOrb|Stamina|ElectroShot,FlashCannon,AuraSphere,DragonPulse|Timid||M|||50|]Toxapex||Leftovers|Regenerator|BanefulBunker,Haze,WideGuard,Infestation|Bold||M|||50|]Mamoswine||FocusSash|Oblivious|IceShard,Earthquake,StealthRock,Protect|Jolly||F|||50|]Glimmora||Glimmoranite|ToxicDebris|PowerGem,MortalSpin,Memento,EnergyBall|Naive||M|||50|\n|\n|t:|1788409989\n|teamsize|p1|4\n|teamsize|p2|4\n|start\n|switch|p1a: Grimmsnarl|Grimmsnarl, L50, M|100/100\n|switch|p1b: Pelipper|Pelipper, L50, F|100/100\n|switch|p2a: Pelipper|Pelipper, L50, M, shiny|100/100\n|switch|p2b: Mamoswine|Mamoswine, L50, F|100/100\n|-weather|RainDance|[from] ability: Drizzle|[of] p1b: Pelipper\n|turn|1\n|\n|t:|1788410015\n|move|p2a: Pelipper|Protect|p2a: Pelipper\n|-singleturn|p2a: Pelipper|Protect\n|move|p1a: Grimmsnarl|Reflect|p1a: Grimmsnarl\n|-sidestart|p1: Dismissed1412|Reflect\n|move|p2b: Mamoswine|Stealth Rock|p1b: Pelipper\n|-sidestart|p1: Dismissed1412|move: Stealth Rock\n|move|p1b: Pelipper|Tailwind|p1b: Pelipper\n|-sidestart|p1: Dismissed1412|move: Tailwind\n|\n|-weather|RainDance|[upkeep]\n|upkeep\n|turn|2\n|\n|t:|1788410053\n|switch|p2b: Swampert|Swampert, L50, M|100/100\n|switch|p2a: Archaludon|Archaludon, L50, M|100/100\n|move|p1b: Pelipper|Weather Ball|p2b: Swampert\n|-damage|p2b: Swampert|47/100\n|move|p1a: Grimmsnarl|Spirit Break|p2a: Archaludon\n|-damage|p2a: Archaludon|74/100\n|-unboost|p2a: Archaludon|spa|1\n|-ability|p2a: Archaludon|Stamina|boost\n|-boost|p2a: Archaludon|def|1\n|\n|-weather|RainDance|[upkeep]\n|upkeep\n|turn|3\n|\n|t:|1788410090\n|switch|p1b: Venusaur|Venusaur, L50, M|100/100\n|-damage|p1b: Venusaur|87/100|[from] Stealth Rock\n|detailschange|p2b: Swampert|Swampert-Mega, L50, M\n|-mega|p2b: Swampert|Swampert|Swampertite\n|move|p1a: Grimmsnarl|Light Screen|p1a: Grimmsnarl\n|-sidestart|p1: Dismissed1412|move: Light Screen\n|move|p2b: Swampert|Wave Crash|p1a: Grimmsnarl\n|-damage|p1a: Grimmsnarl|27/100\n|-damage|p2b: Swampert|24/100|[from] Recoil\n|move|p2a: Archaludon|Electro Shot||[still]\n|-prepare|p2a: Archaludon|Electro Shot\n|-boost|p2a: Archaludon|spa|1\n|-anim|p2a: Archaludon|Electro Shot|p1a: Grimmsnarl\n|-damage|p1a: Grimmsnarl|0 fnt\n|faint|p1a: Grimmsnarl\n|-damage|p2a: Archaludon|64/100|[from] item: Life Orb\n|\n|-weather|RainDance|[upkeep]\n|upkeep\n|\n|t:|1788410110\n|switch|p1a: Charizard|Charizard, L50, M, shiny|100/100\n|-damage|p1a: Charizard|50/100g|[from] Stealth Rock\n|turn|4\n|\n|t:|1788410128\n|switch|p2b: Mamoswine|Mamoswine, L50, F|100/100\n|switch|p2a: Pelipper|Pelipper, L50, M, shiny|100/100\n|detailschange|p1a: Charizard|Charizard-Mega-Y, L50, M, shiny\n|-mega|p1a: Charizard|Charizard|Charizardite Y\n|-weather|SunnyDay|[from] ability: Drought|[of] p1a: Charizard\n|move|p1b: Venusaur|Earth Power|p2a: Pelipper\n|-immune|p2a: Pelipper\n|move|p1a: Charizard|Heat Wave|p2a: Pelipper|[spread] p2a,p2b\n|-resisted|p2a: Pelipper|1\n|-supereffective|p2b: Mamoswine|1\n|-damage|p2a: Pelipper|55/100\n|-enditem|p2b: Mamoswine|Focus Sash\n|-damage|p2b: Mamoswine|1/100\n|\n|-weather|SunnyDay|[upkeep]\n|-sideend|p1: Dismissed1412|move: Tailwind\n|upkeep\n|turn|5\n|\n|t:|1788410170\n|move|p2b: Mamoswine|Ice Shard|p1b: Venusaur\n|-supereffective|p1b: Venusaur|1\n|-damage|p1b: Venusaur|48/100\n|move|p1b: Venusaur|Giga Drain|p2a: Pelipper\n|-damage|p2a: Pelipper|0 fnt\n|-heal|p1b: Venusaur|78/100|[from] drain|[of] p2a: Pelipper\n|faint|p2a: Pelipper\n|-damage|p1b: Venusaur|69/100|[from] item: Life Orb\n|move|p1a: Charizard|Heat Wave|p2b: Mamoswine\n|-supereffective|p2b: Mamoswine|1\n|-damage|p2b: Mamoswine|0 fnt\n|faint|p2b: Mamoswine\n|\n|-weather|SunnyDay|[upkeep]\n|upkeep\n|\n|t:|1788410188\n|switch|p2b: Swampert|Swampert-Mega, L50, M|24/100\n|switch|p2a: Archaludon|Archaludon, L50, M|64/100\n|turn|6\n|\n|t:|1788410220\n|move|p1b: Venusaur|Earth Power|p2a: Archaludon\n|-supereffective|p2a: Archaludon|1\n|-damage|p2a: Archaludon|0 fnt\n|faint|p2a: Archaludon\n|-damage|p1b: Venusaur|59/100|[from] item: Life Orb\n|move|p1a: Charizard|Solar Beam||[still]\n|-prepare|p1a: Charizard|Solar Beam\n|-anim|p1a: Charizard|Solar Beam|p2b: Swampert\n|-supereffective|p2b: Swampert|2\n|-damage|p2b: Swampert|0 fnt\n|faint|p2b: Swampert\n|\n|win|Dismissed1412\n|raw|Dismissed1412's rating: 1027 &rarr; <strong>1061</strong><br />(+34 for winning)\n|raw|Raucla's rating: 1007 &rarr; <strong>1000</strong><br />(-7 for losing)\n|c|☆Dismissed1412|ggs\n","uploadtime":1788410237,"views":"13","formatid":"gen9championsvgc2026regmbbo3","rating":1000,"private":0,"password":null}