{"id":"gen9championsvgc2026regmb-2674657378","format":"[Gen 9 Champions] VGC 2026 Reg M-B","players":["prealpha7","tdanks"],"log":"|j|☆prealpha7\n|j|☆tdanks\n|t:|1788386122\n|gametype|doubles\n|player|p1|prealpha7|ghetsis|1377\n|player|p2|tdanks|bruno|1404\n|gen|9\n|tier|[Gen 9 Champions] VGC 2026 Reg M-B\n|rated|\n|rule|Species Clause: Limit one of each Pokémon\n|rule|Item Clause: Limit 1 of each item\n|clearpoke\n|poke|p1|Charizard, L50, M|\n|poke|p1|Venusaur, L50, F|\n|poke|p1|Pelipper, L50, M|\n|poke|p1|Archaludon, L50, M|\n|poke|p1|Grimmsnarl, L50, M|\n|poke|p1|Swampert, L50, M|\n|poke|p2|Sceptile, L50, M|\n|poke|p2|Rotom-Heat, L50|\n|poke|p2|Basculegion, L50, M|\n|poke|p2|Aerodactyl, L50, M|\n|poke|p2|Garchomp, L50, M|\n|poke|p2|Floette-Eternal, L50, F|\n|teampreview|4\n|inactive|Battle timer is ON: inactive players will automatically lose when time's up. (requested by prealpha7)\n|inactive|tdanks has 60 seconds left.\n|c|☆prealpha7|Glhf\nprealpha7 rejected open team sheets.\n|inactive|tdanks has 30 seconds left.\n|c|☆tdanks|gl hf\n|inactive|tdanks has 20 seconds left.\n|inactive|tdanks has 15 seconds left.\n|inactive|tdanks has 10 seconds left.\n|\n|t:|1788386209\n|teamsize|p1|4\n|teamsize|p2|4\n|start\n|switch|p1a: Grimmsnarl|Grimmsnarl, L50, M|100/100\n|switch|p1b: Archaludon|Archaludon, L50, M|100/100\n|switch|p2a: Aerodactyl|Aerodactyl, L50, M|100/100\n|switch|p2b: Basculegion|Basculegion, L50, M|100/100\n|-ability|p2a: Aerodactyl|Unnerve\n|turn|1\n|\n|t:|1788386234\n|switch|p2b: Rotom|Rotom-Heat, L50|100/100\n|move|p1a: Grimmsnarl|Reflect|p1a: Grimmsnarl\n|-sidestart|p1: prealpha7|Reflect\n|move|p2a: Aerodactyl|Tailwind|p2a: Aerodactyl\n|-sidestart|p2: tdanks|move: Tailwind\n|move|p1b: Archaludon|Flash Cannon|p2a: Aerodactyl\n|-supereffective|p2a: Aerodactyl|1\n|-enditem|p2a: Aerodactyl|Focus Sash\n|-damage|p2a: Aerodactyl|1/100\n|\n|upkeep\n|turn|2\n|\n|t:|1788386253\n|move|p1b: Archaludon|Protect|p1b: Archaludon\n|-singleturn|p1b: Archaludon|Protect\n|move|p1a: Grimmsnarl|Light Screen|p1a: Grimmsnarl\n|-sidestart|p1: prealpha7|move: Light Screen\n|move|p2b: Rotom|Overheat|p1b: Archaludon\n|-activate|p1b: Archaludon|move: Protect\n|move|p2a: Aerodactyl|Rock Slide|p1a: Grimmsnarl|[spread] p1a\n|-activate|p1b: Archaludon|move: Protect\n|-damage|p1a: Grimmsnarl|81/100\n|\n|upkeep\n|turn|3\n|\n|t:|1788386281\n|move|p1a: Grimmsnarl|Parting Shot|p2b: Rotom\n|-unboost|p2b: Rotom|atk|1\n|-unboost|p2b: Rotom|spa|1\n|\n|t:|1788386283\n|switch|p1a: Pelipper|Pelipper, L50, M|100/100|[from] Parting Shot\n|-weather|RainDance|[from] ability: Drizzle|[of] p1a: Pelipper\n|move|p2b: Rotom|Overheat|p1b: Archaludon\n|-damage|p1b: Archaludon|87/100\n|-unboost|p2b: Rotom|spa|2\n|-ability|p1b: Archaludon|Stamina|boost\n|-boost|p1b: Archaludon|def|1\n|move|p2a: Aerodactyl|Rock Slide|p1a: Pelipper|[spread] p1a,p1b\n|-supereffective|p1a: Pelipper|1\n|-resisted|p1b: Archaludon|1\n|-damage|p1a: Pelipper|73/100\n|-damage|p1b: Archaludon|83/100\n|-ability|p1b: Archaludon|Stamina|boost\n|-boost|p1b: Archaludon|def|1\n|cant|p1b: Archaludon|flinch\n|\n|-weather|RainDance|[upkeep]\n|-heal|p1b: Archaludon|89/100|[from] item: Leftovers\n|upkeep\n|turn|4\n|inactive|prealpha7 has 30 seconds left.\n|inactive|tdanks has 30 seconds left.\n|\n|t:|1788386314\n|switch|p2b: Basculegion|Basculegion, L50, M|100/100\n|move|p2a: Aerodactyl|Rock Slide|p1b: Archaludon|[spread] p1a,p1b\n|-supereffective|p1a: Pelipper|1\n|-resisted|p1b: Archaludon|1\n|-damage|p1a: Pelipper|41/100\n|-damage|p1b: Archaludon|86/100\n|-ability|p1b: Archaludon|Stamina|boost\n|-boost|p1b: Archaludon|def|1\n|move|p1b: Archaludon|Electro Shot||[still]\n|-prepare|p1b: Archaludon|Electro Shot\n|-boost|p1b: Archaludon|spa|1\n|-anim|p1b: Archaludon|Electro Shot|p2a: Aerodactyl\n|-supereffective|p2a: Aerodactyl|1\n|-damage|p2a: Aerodactyl|0 fnt\n|-enditem|p1a: Pelipper|Sitrus Berry|[eat]\n|-heal|p1a: Pelipper|66/100|[from] item: Sitrus Berry\n|faint|p2a: Aerodactyl\n|move|p1a: Pelipper|Hurricane|p2b: Basculegion\n|-damage|p2b: Basculegion|54/100\n|\n|-weather|RainDance|[upkeep]\n|-heal|p1b: Archaludon|92/100|[from] item: Leftovers\n|-sideend|p2: tdanks|move: Tailwind\n|upkeep\n|inactive|tdanks has 30 seconds left.\n|inactive|tdanks has 20 seconds left.\n|\n|t:|1788386353\n|switch|p2a: Rotom|Rotom-Heat, L50|100/100\n|turn|5\n|\n|t:|1788386370\n|switch|p1a: Swampert|Swampert, L50, M|100/100\n|move|p2a: Rotom|Volt Switch|p1a: Swampert\n|-immune|p1a: Swampert\n|move|p2b: Basculegion|Wave Crash|p1b: Archaludon\n|-resisted|p1b: Archaludon|1\n|-damage|p1b: Archaludon|79/100\n|-ability|p1b: Archaludon|Stamina|boost\n|-boost|p1b: Archaludon|def|1\n|-damage|p2b: Basculegion|49/100|[from] Recoil\n|-enditem|p2b: Basculegion|Sitrus Berry|[eat]\n|-heal|p2b: Basculegion|74/100|[from] item: Sitrus Berry\n|move|p1b: Archaludon|Electro Shot||[still]\n|-prepare|p1b: Archaludon|Electro Shot\n|-boost|p1b: Archaludon|spa|1\n|-anim|p1b: Archaludon|Electro Shot|p2b: Basculegion\n|-supereffective|p2b: Basculegion|1\n|-crit|p2b: Basculegion\n|-damage|p2b: Basculegion|0 fnt\n|faint|p2b: Basculegion\n|\n|-weather|RainDance|[upkeep]\n|-heal|p1b: Archaludon|85/100|[from] item: Leftovers\n|upkeep\n|\n|t:|1788386389\n|switch|p2b: Sceptile|Sceptile, L50, M|100/100\n|turn|6\n|\n|t:|1788386409\n|detailschange|p2b: Sceptile|Sceptile-Mega, L50, M\n|-mega|p2b: Sceptile|Sceptile|Sceptilite\n|move|p1a: Swampert|Protect|p1a: Swampert\n|-singleturn|p1a: Swampert|Protect\n|move|p2a: Rotom|Volt Switch|p2b: Sceptile\n|-ability|p2b: Sceptile|Lightning Rod|boost\n|-boost|p2b: Sceptile|spa|1\n|move|p2b: Sceptile|Energy Ball|p1a: Swampert\n|-activate|p1a: Swampert|move: Protect\n|move|p1b: Archaludon|Dragon Pulse|p2b: Sceptile\n|-supereffective|p2b: Sceptile|1\n|-damage|p2b: Sceptile|0 fnt\n|faint|p2b: Sceptile\n|\n|-weather|RainDance|[upkeep]\n|-heal|p1b: Archaludon|91/100|[from] item: Leftovers\n|upkeep\n|turn|7\n|-message|tdanks forfeited.\n|\n|win|prealpha7\n|raw|prealpha7's rating: 1377 &rarr; <strong>1399</strong><br />(+22 for winning)\n|raw|tdanks's rating: 1404 &rarr; <strong>1382</strong><br />(-22 for losing)\n|l|☆tdanks\n|player|p2|\n","uploadtime":1788386421,"views":"1","formatid":"gen9championsvgc2026regmb","rating":1382,"private":0,"password":null}