{"id":"gen9championsvgc2026regmbbo3-2674059581","format":"[Gen 9 Champions] VGC 2026 Reg M-B (Bo3)","players":["DINOLONK","caZISA"],"log":"|j|☆DINOLONK\n|j|☆caZISA\n|html|<table width=\"100%\"><tr><td align=\"left\">DINOLONK</td><td align=\"right\">caZISA</tr><tr><td align=\"left\"><i class=\"fa fa-circle-o\"></i> <i class=\"fa fa-circle-o\"></i> </td><td align=\"right\"><i class=\"fa fa-circle-o\"></i> <i class=\"fa fa-circle-o\"></i> </tr></table>\n|uhtml|bestof|<h2><strong>Game 1</strong> of <a href=\"/game-bestof3-gen9championsvgc2026regmbbo3-2674059580\">a best-of-3</a></h2>\n|t:|1788293768\n|gametype|doubles\n|player|p1|DINOLONK|parasollady-gen4|1357\n|player|p2|caZISA|red|1536\n|gen|9\n|tier|[Gen 9 Champions] VGC 2026 Reg M-B (Bo3)\n|rated|\n|rule|Species Clause: Limit one of each Pokémon\n|rule|Item Clause: Limit 1 of each item\n|clearpoke\n|poke|p1|Dragonite, L50, M|\n|poke|p1|Sneasler, L50, M|\n|poke|p1|Kingambit, L50, F|\n|poke|p1|Basculegion, L50, M|\n|poke|p1|Whimsicott, L50, M|\n|poke|p1|Floette-Eternal, L50, F|\n|poke|p2|Charizard, L50, F, shiny|\n|poke|p2|Floette-Eternal, L50, F|\n|poke|p2|Garchomp, L50, F|\n|poke|p2|Venusaur, L50, M|\n|poke|p2|Incineroar, L50, F|\n|poke|p2|Sneasler, L50, M|\n|teampreview|4\n|showteam|p1|Dragonite||Dragoninite|InnerFocus|DragonPulse,HeatWave,Thunderbolt,Protect|Modest||M|||50|]Sneasler||WhiteHerb|Unburden|DireClaw,CloseCombat,RockSlide,FakeOut|Jolly||M|||50|]Kingambit||ChopleBerry|Defiant|KowtowCleave,SuckerPunch,LowKick,IronHead|Adamant||F|||50|]Basculegion||LifeOrb|Adaptability|WaveCrash,LastRespects,AquaJet,Protect|Adamant||M|||50|]Whimsicott||FocusSash|Prankster|Moonblast,Tailwind,Encore,Protect|Timid||M|||50|]Floette-Eternal||Floettite|FlowerVeil|Moonblast,DazzlingGleam,LightofRuin,Protect|Timid||F|||50|\n|showteam|p2|Charizard||CharizarditeY|Blaze|HeatWave,WeatherBall,SolarBeam,Protect|Modest||F|||50|]Floette-Eternal||Floettite|FlowerVeil|Moonblast,DrainingKiss,CalmMind,Protect|Timid||F|||50|]Garchomp||ChoiceScarf|RoughSkin|DragonClaw,RockSlide,Earthquake,StompingTantrum|Adamant||F|||50|]Venusaur||WideLens|Chlorophyll|EarthPower,SludgeBomb,SleepPowder,Protect|Modest||M|||50|]Incineroar||SitrusBerry|Intimidate|FakeOut,FlareBlitz,ThroatChop,PartingShot|Careful||F|||50|]Sneasler||WhiteHerb|Unburden|FakeOut,DireClaw,CloseCombat,Protect|Jolly||M|||50|\n|inactive|Battle timer is ON: inactive players will automatically lose when time's up. (requested by DINOLONK)\n|inactive|caZISA has 60 seconds left.\n|\n|t:|1788293807\n|teamsize|p1|4\n|teamsize|p2|4\n|start\n|switch|p1a: Dragonite|Dragonite, L50, M|100/100\n|switch|p1b: Sneasler|Sneasler, L50, M|100/100\n|switch|p2a: Saphira|Charizard, L50, F, shiny|100/100\n|switch|p2b: Tigre Toño|Incineroar, L50, F|100/100\n|-ability|p2b: Tigre Toño|Intimidate|boost\n|-fail|p1a: Dragonite|unboost|Attack|[from] ability: Inner Focus|[of] p1a: Dragonite\n|-unboost|p1b: Sneasler|atk|1\n|-enditem|p1b: Sneasler|White Herb\n|-clearnegativeboost|p1b: Sneasler|[silent]\n|turn|1\n|inactive|caZISA has 30 seconds left.\n|inactive|caZISA has 20 seconds left.\n|inactive|caZISA has 15 seconds left.\n|\n|t:|1788293850\n|switch|p2a: Sharkboy|Garchomp, L50, F|100/100\n|detailschange|p1a: Dragonite|Dragonite-Mega, L50, M\n|-mega|p1a: Dragonite|Dragonite|Dragoninite\n|move|p2b: Tigre Toño|Fake Out|p1a: Dragonite\n|-crit|p1a: Dragonite\n|-damage|p1a: Dragonite|92/100\n|move|p1b: Sneasler|Rock Slide|p2b: Tigre Toño|[spread] p2a,p2b\n|-resisted|p2a: Sharkboy|1\n|-supereffective|p2b: Tigre Toño|1\n|-damage|p2a: Sharkboy|90/100\n|-damage|p2b: Tigre Toño|64/100\n|cant|p1a: Dragonite|flinch\n|\n|upkeep\n|turn|2\n|\n|t:|1788293865\n|switch|p2b: Rene|Venusaur, L50, M|100/100\n|move|p1a: Dragonite|Protect|p1a: Dragonite\n|-singleturn|p1a: Dragonite|Protect\n|move|p1b: Sneasler|Close Combat|p2b: Rene\n|-resisted|p2b: Rene|1\n|-damage|p2b: Rene|56/100\n|-unboost|p1b: Sneasler|def|1\n|-unboost|p1b: Sneasler|spd|1\n|move|p2a: Sharkboy|Dragon Claw|p1a: Dragonite\n|-activate|p1a: Dragonite|move: Protect\n|\n|upkeep\n|turn|3\n|\n|t:|1788293877\n|switch|p1a: Kingambit|Kingambit, L50, F|100/100\n|move|p1b: Sneasler|Dire Claw|p2b: Rene\n|-damage|p2b: Rene|0 fnt\n|faint|p2b: Rene\n|move|p2a: Sharkboy|Dragon Claw|p1a: Kingambit\n|-resisted|p1a: Kingambit|1\n|-damage|p1a: Kingambit|82/100\n|\n|upkeep\n|\n|t:|1788293884\n|switch|p2b: Saphira|Charizard, L50, F, shiny|100/100\n|turn|4\n|\n|t:|1788293897\n|move|p2b: Saphira|Protect|p2b: Saphira\n|-singleturn|p2b: Saphira|Protect\n|move|p1a: Kingambit|Sucker Punch||[still]\n|-fail|p1a: Kingambit\n|move|p1b: Sneasler|Rock Slide|p2b: Saphira|[spread] p2a\n|-activate|p2b: Saphira|move: Protect\n|-resisted|p2a: Sharkboy|1\n|-damage|p2a: Sharkboy|80/100\n|move|p2a: Sharkboy|Dragon Claw|p1b: Sneasler\n|-damage|p1b: Sneasler|0 fnt\n|faint|p1b: Sneasler\n|\n|upkeep\n|\n|t:|1788293909\n|switch|p1b: Dragonite|Dragonite-Mega, L50, M|92/100\n|turn|5\n|\n|t:|1788293919\n|detailschange|p2b: Saphira|Charizard-Mega-Y, L50, F, shiny\n|-mega|p2b: Saphira|Charizard|Charizardite Y\n|-weather|SunnyDay|[from] ability: Drought|[of] p2b: Saphira\n|move|p1a: Kingambit|Sucker Punch|p2b: Saphira\n|-damage|p2b: Saphira|52/100\n|move|p2a: Sharkboy|Dragon Claw|p1b: Dragonite\n|-supereffective|p1b: Dragonite|1\n|-damage|p1b: Dragonite|8/100\n|move|p2b: Saphira|Weather Ball|p1a: Kingambit\n|-supereffective|p1a: Kingambit|1\n|-crit|p1a: Kingambit\n|-damage|p1a: Kingambit|0 fnt\n|faint|p1a: Kingambit\n|move|p1b: Dragonite|Thunderbolt|p2b: Saphira\n|-supereffective|p2b: Saphira|1\n|-damage|p2b: Saphira|0 fnt\n|faint|p2b: Saphira\n|\n|-weather|SunnyDay|[upkeep]\n|upkeep\n|\n|t:|1788293927\n|switch|p2b: Tigre Toño|Incineroar, L50, F|64/100\n|switch|p1a: Basculegion|Basculegion, L50, M|100/100\n|-ability|p2b: Tigre Toño|Intimidate|boost\n|-unboost|p1a: Basculegion|atk|1\n|-unboost|p1b: Dragonite|atk|1\n|turn|6\n|\n|t:|1788293939\n|move|p2a: Sharkboy|Dragon Claw|p1a: Basculegion\n|-damage|p1a: Basculegion|44/100\n|move|p1b: Dragonite|Dragon Pulse|p2a: Sharkboy\n|-supereffective|p2a: Sharkboy|1\n|-damage|p2a: Sharkboy|0 fnt\n|faint|p2a: Sharkboy\n|move|p1a: Basculegion|Last Respects|p2b: Tigre Toño\n|-resisted|p2b: Tigre Toño|1\n|-damage|p2b: Tigre Toño|25/100\n|-enditem|p2b: Tigre Toño|Sitrus Berry|[eat]\n|-heal|p2b: Tigre Toño|50/100g|[from] item: Sitrus Berry\n|-damage|p1a: Basculegion|34/100|[from] item: Life Orb\n|move|p2b: Tigre Toño|Throat Chop|p1a: Basculegion\n|-supereffective|p1a: Basculegion|1\n|-damage|p1a: Basculegion|0 fnt\n|faint|p1a: Basculegion\n|\n|-weather|SunnyDay|[upkeep]\n|upkeep\n|turn|7\n|\n|t:|1788293957\n|move|p1b: Dragonite|Dragon Pulse|p2b: Tigre Toño\n|-damage|p2b: Tigre Toño|8/100\n|move|p2b: Tigre Toño|Throat Chop|p1b: Dragonite\n|-crit|p1b: Dragonite\n|-damage|p1b: Dragonite|0 fnt\n|faint|p1b: Dragonite\n|\n|win|caZISA\n","uploadtime":1788293958,"views":"4","formatid":"gen9championsvgc2026regmbbo3","rating":null,"private":0,"password":null}