{"id":"gen9championsvgc2026regmb-2674297188","format":"[Gen 9 Champions] VGC 2026 Reg M-B","players":["cayen lee","hybread_"],"log":"|j|☆cayen lee\n|j|☆hybread_\n|t:|1788334674\n|gametype|doubles\n|player|p1|cayen lee|iris|1150\n|player|p2|hybread_|skierf-gen4dp|1208\n|gen|9\n|tier|[Gen 9 Champions] VGC 2026 Reg M-B\n|rated|\n|rule|Species Clause: Limit one of each Pokémon\n|rule|Item Clause: Limit 1 of each item\n|clearpoke\n|poke|p1|Staraptor, L50, F|\n|poke|p1|Clefable, L50, F|\n|poke|p1|Garchomp, L50, M|\n|poke|p1|Whimsicott, L50, F, shiny|\n|poke|p1|Gholdengo, L50|\n|poke|p1|Chandelure, L50, M, shiny|\n|poke|p2|Gallade, L50, M|\n|poke|p2|Hatterene, L50, F|\n|poke|p2|Meowstic, L50, M|\n|poke|p2|Incineroar, L50, M|\n|poke|p2|Kingambit, L50, M|\n|poke|p2|Rotom-Wash, L50|\n|teampreview|4\n|\n|t:|1788334698\n|teamsize|p1|4\n|teamsize|p2|4\n|start\n|switch|p1a: Staraptor|Staraptor, L50, F|100/100\n|switch|p1b: Clefable|Clefable, L50, F|100/100\n|switch|p2a: Incineroar|Incineroar, L50, M|100/100\n|switch|p2b: Meowstic|Meowstic, L50, M|100/100\n|-ability|p1a: Staraptor|Intimidate|boost\n|-unboost|p2a: Incineroar|atk|1\n|-unboost|p2b: Meowstic|atk|1\n|-ability|p2a: Incineroar|Intimidate|boost\n|-unboost|p1a: Staraptor|atk|1\n|-unboost|p1b: Clefable|atk|1\n|turn|1\n|\n|t:|1788334716\n|detailschange|p1a: Staraptor|Staraptor-Mega, L50, F\n|-mega|p1a: Staraptor|Staraptor|Staraptite\n|detailschange|p2b: Meowstic|Meowstic-M-Mega, L50, M\n|-mega|p2b: Meowstic|Meowstic|Meowsticite\n|-ability|p2b: Meowstic|Unaware|Trace|[from] ability: Trace|[of] p1b: Clefable\n|move|p2a: Incineroar|Fake Out|p1a: Staraptor\n|-damage|p1a: Staraptor|89/100\n|move|p1b: Clefable|Follow Me|p1b: Clefable\n|-singleturn|p1b: Clefable|move: Follow Me\n|cant|p1a: Staraptor|flinch\n|move|p2b: Meowstic|Psychic Terrain|p2b: Meowstic\n|-fieldstart|move: Psychic Terrain\n|\n|upkeep\n|turn|2\n|\n|t:|1788334736\n|move|p1a: Staraptor|Close Combat|p2a: Incineroar\n|-supereffective|p2a: Incineroar|1\n|-damage|p2a: Incineroar|1/100\n|-boost|p1a: Staraptor|def|1\n|-boost|p1a: Staraptor|spd|1\n|-enditem|p2a: Incineroar|Sitrus Berry|[eat]\n|-heal|p2a: Incineroar|25/100|[from] item: Sitrus Berry\n|move|p2b: Meowstic|Expanding Force|p1b: Clefable|[spread] p1a,p1b\n|-supereffective|p1a: Staraptor|1\n|-crit|p1a: Staraptor\n|-damage|p1a: Staraptor|0 fnt\n|-damage|p1b: Clefable|50/100g\n|faint|p1a: Staraptor\n|move|p2a: Incineroar|Parting Shot|p1b: Clefable\n|-unboost|p1b: Clefable|atk|1\n|-unboost|p1b: Clefable|spa|1\n|\n|t:|1788334750\n|switch|p2a: Kingambit|Kingambit, L50, M|100/100|[from] Parting Shot\n|move|p1b: Clefable|Charm|p1: Staraptor|[notarget]\n|-fail|p1b: Clefable\n|\n|upkeep\n|\n|t:|1788334756\n|switch|p1a: Garchomp|Garchomp, L50, M|100/100\n|turn|3\n|\n|t:|1788334782\n|switch|p2a: Hatterene|Hatterene, L50, F|100/100\n|move|p2b: Meowstic|Protect|p2b: Meowstic\n|-singleturn|p2b: Meowstic|Protect\n|move|p1a: Garchomp|Earthquake|p2b: Meowstic|[spread] p1b,p2a\n|-activate|p2b: Meowstic|move: Protect\n|-damage|p1b: Clefable|1/100\n|-damage|p2a: Hatterene|48/100\n|move|p1b: Clefable|Moonblast|p2a: Hatterene\n|-damage|p2a: Hatterene|26/100\n|\n|upkeep\n|turn|4\n|\n|t:|1788334805\n|move|p2a: Hatterene|Helping Hand|p2b: Meowstic\n|-singleturn|p2b: Meowstic|Helping Hand|[of] p2a: Hatterene\n|move|p1a: Garchomp|Protect|p1a: Garchomp\n|-singleturn|p1a: Garchomp|Protect\n|move|p2b: Meowstic|Expanding Force|p1b: Clefable|[spread] p1b\n|-activate|p1a: Garchomp|move: Protect\n|-damage|p1b: Clefable|0 fnt\n|faint|p1b: Clefable\n|\n|upkeep\n|\n|t:|1788334814\n|switch|p1b: Gholdengo|Gholdengo, L50|100/100\n|turn|5\n|\n|t:|1788334831\n|move|p2b: Meowstic|Protect|p2b: Meowstic\n|-singleturn|p2b: Meowstic|Protect\n|move|p1a: Garchomp|Rock Slide|p2a: Hatterene|[spread] p2a\n|-activate|p2b: Meowstic|move: Protect\n|-damage|p2a: Hatterene|4/100\n|move|p1b: Gholdengo|Shadow Ball|p2b: Meowstic\n|-activate|p2b: Meowstic|move: Protect\n|cant|p2a: Hatterene|flinch\n|\n|-fieldend|move: Psychic Terrain\n|upkeep\n|turn|6\n|\n|t:|1788334845\n|switch|p2b: Incineroar|Incineroar, L50, M|25/100\n|-ability|p2b: Incineroar|Intimidate|boost\n|-unboost|p1a: Garchomp|atk|1\n|-unboost|p1b: Gholdengo|atk|1\n|-enditem|p1b: Gholdengo|White Herb\n|-clearnegativeboost|p1b: Gholdengo|[silent]\n|move|p1a: Garchomp|Rock Slide|p2b: Incineroar|[spread] p2a,p2b\n|-supereffective|p2b: Incineroar|1\n|-damage|p2a: Hatterene|0 fnt\n|-damage|p2b: Incineroar|0 fnt\n|faint|p2a: Hatterene\n|faint|p2b: Incineroar\n|move|p1b: Gholdengo|Shadow Ball|p2: Hatterene|[notarget]\n|-fail|p1b: Gholdengo\n|\n|upkeep\n|\n|t:|1788334858\n|switch|p2b: Kingambit|Kingambit, L50, M|100/100\n|switch|p2a: Meowstic|Meowstic-M-Mega, L50, M|100/100\n|-ability|p2a: Meowstic|Good as Gold|Trace|[from] ability: Trace|[of] p1b: Gholdengo\n|turn|7\n|\n|t:|1788334869\n|move|p1b: Gholdengo|Protect|p1b: Gholdengo\n|-singleturn|p1b: Gholdengo|Protect\n|move|p2a: Meowstic|Fake Out|p1a: Garchomp\n|-damage|p1a: Garchomp|95/100\n|-damage|p2a: Meowstic|88/100|[from] ability: Rough Skin|[of] p1a: Garchomp\n|move|p2b: Kingambit|Sucker Punch||[still]\n|-fail|p2b: Kingambit\n|cant|p1a: Garchomp|flinch\n|\n|upkeep\n|turn|8\n|\n|t:|1788334899\n|move|p1b: Gholdengo|Protect||[still]\n|-fail|p1b: Gholdengo\n|move|p2a: Meowstic|Protect|p2a: Meowstic\n|-singleturn|p2a: Meowstic|Protect\n|move|p2b: Kingambit|Sucker Punch||[still]\n|-fail|p2b: Kingambit\n|move|p1a: Garchomp|Earthquake|p2b: Kingambit|[spread] p1b,p2b\n|-activate|p2a: Meowstic|move: Protect\n|-supereffective|p1b: Gholdengo|1\n|-supereffective|p2b: Kingambit|1\n|-damage|p1b: Gholdengo|36/100\n|-damage|p2b: Kingambit|59/100\n|\n|upkeep\n|turn|9\n|\n|t:|1788334916\n|move|p1b: Gholdengo|Protect|p1b: Gholdengo\n|-singleturn|p1b: Gholdengo|Protect\n|move|p2b: Kingambit|Protect|p2b: Kingambit\n|-singleturn|p2b: Kingambit|Protect\n|move|p1a: Garchomp|Earthquake|p2a: Meowstic|[spread] p2a\n|-activate|p1b: Gholdengo|move: Protect\n|-activate|p2b: Kingambit|move: Protect\n|-damage|p2a: Meowstic|49/100\n|move|p2a: Meowstic|Expanding Force|p1a: Garchomp\n|-damage|p1a: Garchomp|37/100\n|\n|upkeep\n|turn|10\n|\n|t:|1788334933\n|move|p1a: Garchomp|Protect|p1a: Garchomp\n|-singleturn|p1a: Garchomp|Protect\n|move|p2b: Kingambit|Sucker Punch|p1b: Gholdengo\n|-supereffective|p1b: Gholdengo|1\n|-damage|p1b: Gholdengo|0 fnt\n|faint|p1b: Gholdengo\n|move|p2a: Meowstic|Expanding Force|p1a: Garchomp\n|-activate|p1a: Garchomp|move: Protect\n|\n|upkeep\n|turn|11\n|-message|cayen lee forfeited.\n|\n|win|hybread_\n|raw|cayen lee's rating: 1150 &rarr; <strong>1129</strong><br />(-21 for losing)\n|raw|hybread_'s rating: 1208 &rarr; <strong>1229</strong><br />(+21 for winning)\n|l|☆cayen lee\n|player|p1|\n","uploadtime":1788334945,"views":"4","formatid":"gen9championsvgc2026regmb","rating":1129,"private":0,"password":null}