{"id":"gen9championsvgc2026regmb-2674380095","format":"[Gen 9 Champions] VGC 2026 Reg M-B","players":["iyasih","Jakel69"],"log":"|j|☆iyasih\n|j|☆Jakel69\n|t:|1788352055\n|gametype|doubles\n|player|p1|iyasih|170|1300\n|player|p2|Jakel69|steven|1307\n|gen|9\n|tier|[Gen 9 Champions] VGC 2026 Reg M-B\n|rated|\n|rule|Species Clause: Limit one of each Pokémon\n|rule|Item Clause: Limit 1 of each item\n|clearpoke\n|poke|p1|Archaludon, L50, F|\n|poke|p1|Maushold-Four, L50|\n|poke|p1|Sinistcha-Masterpiece, L50|\n|poke|p1|Araquanid, L50, M|\n|poke|p1|Pelipper, L50, F|\n|poke|p1|Swampert, L50, F|\n|poke|p2|Floette-Eternal, L50, F|\n|poke|p2|Sneasler, L50, F|\n|poke|p2|Basculegion, L50, M|\n|poke|p2|Dragonite, L50, M|\n|poke|p2|Garchomp, L50, M|\n|poke|p2|Kingambit, L50, M, shiny|\n|teampreview|4\niyasih rejected open team sheets.\n|\n|t:|1788352100\n|teamsize|p1|4\n|teamsize|p2|4\n|start\n|switch|p1a: Archaludon|Archaludon, L50, F|100/100\n|switch|p1b: Maushold|Maushold-Four, L50|100/100\n|switch|p2a: Sneasler|Sneasler, L50, F|100/100\n|switch|p2b: Kingambit|Kingambit, L50, M, shiny|100/100\n|turn|1\n|\n|t:|1788352147\n|move|p1a: Archaludon|Protect|p1a: Archaludon\n|-singleturn|p1a: Archaludon|Protect\n|move|p2a: Sneasler|Fake Out|p1b: Maushold\n|-damage|p1b: Maushold|77/100\n|cant|p1b: Maushold|flinch\n|move|p2b: Kingambit|Kowtow Cleave|p1b: Maushold\n|-damage|p1b: Maushold|11/100\n|\n|upkeep\n|turn|2\n|\n|t:|1788352177\n|switch|p1b: Pelipper|Pelipper, L50, F|100/100\n|-weather|RainDance|[from] ability: Drizzle|[of] p1b: Pelipper\n|switch|p2b: Garchomp|Garchomp, L50, M|100/100\n|move|p2a: Sneasler|Feint|p1b: Pelipper\n|-damage|p1b: Pelipper|88/100\n|move|p1a: Archaludon|Electro Shot||[still]\n|-prepare|p1a: Archaludon|Electro Shot\n|-boost|p1a: Archaludon|spa|1\n|-anim|p1a: Archaludon|Electro Shot|p2a: Sneasler\n|-damage|p2a: Sneasler|25/100\n|\n|-weather|RainDance|[upkeep]\n|upkeep\n|turn|3\n|\n|t:|1788352199\n|move|p1a: Archaludon|Protect|p1a: Archaludon\n|-singleturn|p1a: Archaludon|Protect\n|move|p2b: Garchomp|Stomping Tantrum|p1a: Archaludon\n|-activate|p1a: Archaludon|move: Protect\n|move|p2a: Sneasler|Close Combat|p1a: Archaludon\n|-activate|p1a: Archaludon|move: Protect\n|move|p1b: Pelipper|Tailwind|p1b: Pelipper\n|-sidestart|p1: iyasih|move: Tailwind\n|\n|-weather|RainDance|[upkeep]\n|upkeep\n|turn|4\n|\n|t:|1788352222\n|move|p1a: Archaludon|Dragon Pulse|p2b: Garchomp\n|-supereffective|p2b: Garchomp|1\n|-damage|p2b: Garchomp|0 fnt\n|faint|p2b: Garchomp\n|move|p2a: Sneasler|Close Combat|p1a: Archaludon\n|-supereffective|p1a: Archaludon|1\n|-damage|p1a: Archaludon|8/100\n|-unboost|p2a: Sneasler|def|1\n|-unboost|p2a: Sneasler|spd|1\n|-ability|p1a: Archaludon|Stamina|boost\n|-boost|p1a: Archaludon|def|1\n|move|p1b: Pelipper|Hurricane|p2a: Sneasler\n|-supereffective|p2a: Sneasler|1\n|-damage|p2a: Sneasler|0 fnt\n|faint|p2a: Sneasler\n|\n|-weather|RainDance|[upkeep]\n|-heal|p1a: Archaludon|15/100|[from] item: Leftovers\n|upkeep\n|\n|t:|1788352242\n|switch|p2a: Kingambit|Kingambit, L50, M, shiny|100/100\n|switch|p2b: Floette|Floette-Eternal, L50, F|100/100\n|turn|5\n|\n|t:|1788352262\n|switch|p1b: Maushold|Maushold-Four, L50|11/100\n|move|p1a: Archaludon|Protect|p1a: Archaludon\n|-singleturn|p1a: Archaludon|Protect\n|move|p2b: Floette|Protect|p2b: Floette\n|-singleturn|p2b: Floette|Protect\n|move|p2a: Kingambit|Low Kick|p1a: Archaludon\n|-activate|p1a: Archaludon|move: Protect\n|\n|-weather|RainDance|[upkeep]\n|-heal|p1a: Archaludon|21/100|[from] item: Leftovers\n|upkeep\n|turn|6\n|\n|t:|1788352298\n|detailschange|p2b: Floette|Floette-Mega, L50, F\n|-mega|p2b: Floette|Floette|Floettite\n|-ability|p2b: Floette|Fairy Aura\n|move|p1b: Maushold|Follow Me|p1b: Maushold\n|-singleturn|p1b: Maushold|move: Follow Me\n|move|p1a: Archaludon|Flash Cannon|p2b: Floette\n|-supereffective|p2b: Floette|1\n|-damage|p2b: Floette|9/100\n|move|p2b: Floette|Dazzling Gleam|p1a: Archaludon|[spread] p1a,p1b\n|-damage|p1a: Archaludon|0 fnt\n|-damage|p1b: Maushold|0 fnt\n|faint|p1a: Archaludon\n|faint|p1b: Maushold\n|move|p2a: Kingambit|Kowtow Cleave|p1: Archaludon|[notarget]\n|-fail|p2a: Kingambit\n|\n|-weather|none\n|-sideend|p1: iyasih|move: Tailwind\n|upkeep\n|\n|t:|1788352313\n|switch|p1b: Swampert|Swampert, L50, F|100/100\n|switch|p1a: Pelipper|Pelipper, L50, F|88/100\n|-weather|RainDance|[from] ability: Drizzle|[of] p1a: Pelipper\n|turn|7\n|\n|t:|1788352338\n|detailschange|p1b: Swampert|Swampert-Mega, L50, F\n|-mega|p1b: Swampert|Swampert|Swampertite\n|move|p2b: Floette|Protect|p2b: Floette\n|-singleturn|p2b: Floette|Protect\n|move|p2a: Kingambit|Sucker Punch|p1a: Pelipper\n|-damage|p1a: Pelipper|47/100\n|move|p1b: Swampert|Earthquake|p2b: Floette|[spread] p2a\n|-activate|p2b: Floette|move: Protect\n|-immune|p1a: Pelipper\n|-supereffective|p2a: Kingambit|1\n|-damage|p2a: Kingambit|29/100\n|move|p1a: Pelipper|Surf|p2b: Floette|[spread] p1b,p2a\n|-activate|p2b: Floette|move: Protect\n|-damage|p1b: Swampert|72/100\n|-damage|p2a: Kingambit|3/100\n|\n|-weather|RainDance|[upkeep]\n|upkeep\n|turn|8\n|\n|t:|1788352382\n|move|p2a: Kingambit|Sucker Punch|p1b: Swampert\n|-damage|p1b: Swampert|44/100\n|move|p1b: Swampert|Earthquake|p2b: Floette|[spread] p2a,p2b\n|-immune|p1a: Pelipper\n|-supereffective|p2a: Kingambit|1\n|-damage|p2a: Kingambit|0 fnt\n|-damage|p2b: Floette|0 fnt\n|faint|p2a: Kingambit\n|faint|p2b: Floette\n|\n|win|iyasih\n|raw|iyasih's rating: 1300 &rarr; <strong>1326</strong><br />(+26 for winning)\n|raw|Jakel69's rating: 1307 &rarr; <strong>1287</strong><br />(-20 for losing)\n|l|☆iyasih\n|player|p1|\n","uploadtime":1788352519,"views":"9","formatid":"gen9championsvgc2026regmb","rating":1287,"private":0,"password":null}