{"id":"gen9championsvgc2026regmb-2674272906","format":"[Gen 9 Champions] VGC 2026 Reg M-B","players":["klongapoke","Sores"],"log":"|j|☆klongapoke\n|j|☆Sores\n|t:|1788328611\n|gametype|doubles\n|player|p1|klongapoke|ingo|1678\n|player|p2|Sores|veteran|1687\n|gen|9\n|tier|[Gen 9 Champions] VGC 2026 Reg M-B\n|rated|\n|rule|Species Clause: Limit one of each Pokémon\n|rule|Item Clause: Limit 1 of each item\n|clearpoke\n|poke|p1|Gholdengo, L50|\n|poke|p1|Staraptor, L50, M|\n|poke|p1|Tyranitar, L50, F|\n|poke|p1|Farigiraf, L50, F|\n|poke|p1|Whimsicott, L50, F, shiny|\n|poke|p1|Excadrill, L50, F, shiny|\n|poke|p2|Arcanine-Hisui, L50, M|\n|poke|p2|Whimsicott, L50, F|\n|poke|p2|Floette-Eternal, L50, F|\n|poke|p2|Sneasler, L50, M|\n|poke|p2|Basculegion, L50, M|\n|poke|p2|Dragonite, L50, M, shiny|\n|teampreview|4\n|inactive|Battle timer is ON: inactive players will automatically lose when time's up. (requested by klongapoke)\n|inactive|klongapoke has 60 seconds left.\n|inactive|Sores has 60 seconds left.\n|\n|t:|1788328649\n|teamsize|p1|4\n|teamsize|p2|4\n|start\n|switch|p1a: Gholdengo|Gholdengo, L50|100/100\n|switch|p1b: Excadrill|Excadrill, L50, F, shiny|100/100\n|switch|p2a: Arcanine|Arcanine-Hisui, L50, M|100/100\n|switch|p2b: Basculegion|Basculegion, L50, M|100/100\n|turn|1\n|\n|t:|1788328671\n|move|p2b: Basculegion|Protect|p2b: Basculegion\n|-singleturn|p2b: Basculegion|Protect\n|move|p2a: Arcanine|Flare Blitz|p1a: Gholdengo\n|-supereffective|p1a: Gholdengo|1\n|-damage|p1a: Gholdengo|0 fnt\n|faint|p1a: Gholdengo\n|move|p1b: Excadrill|High Horsepower|p2a: Arcanine\n|-supereffective|p2a: Arcanine|2\n|-enditem|p2a: Arcanine|Focus Sash\n|-damage|p2a: Arcanine|1/100\n|\n|upkeep\n|\n|t:|1788328683\n|switch|p1a: Staraptor|Staraptor, L50, M|100/100\n|-ability|p1a: Staraptor|Intimidate|boost\n|-unboost|p2a: Arcanine|atk|1\n|-unboost|p2b: Basculegion|atk|1\n|turn|2\n|\n|t:|1788328692\n|detailschange|p1a: Staraptor|Staraptor-Mega, L50, M\n|-mega|p1a: Staraptor|Staraptor|Staraptite\n|move|p1b: Excadrill|Protect|p1b: Excadrill\n|-singleturn|p1b: Excadrill|Protect\n|move|p2a: Arcanine|Extreme Speed|p1b: Excadrill\n|-activate|p1b: Excadrill|move: Protect\n|move|p2b: Basculegion|Aqua Jet|p1b: Excadrill\n|-activate|p1b: Excadrill|move: Protect\n|move|p1a: Staraptor|Close Combat|p2a: Arcanine\n|-supereffective|p2a: Arcanine|1\n|-damage|p2a: Arcanine|0 fnt\n|-boost|p1a: Staraptor|def|1\n|-boost|p1a: Staraptor|spd|1\n|faint|p2a: Arcanine\n|\n|upkeep\n|\n|t:|1788328701\n|switch|p2a: Floette|Floette-Eternal, L50, F|100/100\n|turn|3\n|\n|t:|1788328718\n|detailschange|p2a: Floette|Floette-Mega, L50, F\n|-mega|p2a: Floette|Floette|Floettite\n|-ability|p2a: Floette|Fairy Aura\n|move|p1a: Staraptor|Protect|p1a: Staraptor\n|-singleturn|p1a: Staraptor|Protect\n|move|p2a: Floette|Protect|p2a: Floette\n|-singleturn|p2a: Floette|Protect\n|move|p2b: Basculegion|Wave Crash|p1b: Excadrill\n|-supereffective|p1b: Excadrill|1\n|-damage|p1b: Excadrill|0 fnt\n|faint|p1b: Excadrill\n|-damage|p2b: Basculegion|67/100|[from] Recoil\n|-damage|p2b: Basculegion|57/100|[from] item: Life Orb\n|\n|upkeep\n|\n|t:|1788328727\n|switch|p1b: Farigiraf|Farigiraf, L50, F|100/100\n|turn|4\n|\n|t:|1788328744\n|move|p1a: Staraptor|Brave Bird|p2a: Floette\n|-damage|p2a: Floette|22/100\n|-damage|p1a: Staraptor|79/100|[from] Recoil\n|move|p2a: Floette|Moonblast|p1a: Staraptor\n|-supereffective|p1a: Staraptor|1\n|-damage|p1a: Staraptor|0 fnt\n|faint|p1a: Staraptor\n|move|p2b: Basculegion|Wave Crash|p1b: Farigiraf\n|-damage|p1b: Farigiraf|41/100\n|-enditem|p1b: Farigiraf|Sitrus Berry|[eat]\n|-heal|p1b: Farigiraf|66/100|[from] item: Sitrus Berry\n|-damage|p2b: Basculegion|36/100|[from] Recoil\n|-damage|p2b: Basculegion|26/100|[from] item: Life Orb\n|move|p1b: Farigiraf|Psychic|p2a: Floette\n|-damage|p2a: Floette|0 fnt\n|faint|p2a: Floette\n|\n|upkeep\n|\n|t:|1788328755\n|switch|p2a: Sneasler|Sneasler, L50, M|100/100\n|turn|5\n|\n|t:|1788328759\n|move|p2a: Sneasler|Close Combat|p1b: Farigiraf\n|-damage|p1b: Farigiraf|17/100\n|-unboost|p2a: Sneasler|def|1\n|-unboost|p2a: Sneasler|spd|1\n|-enditem|p2a: Sneasler|White Herb\n|-clearnegativeboost|p2a: Sneasler|[silent]\n|move|p2b: Basculegion|Wave Crash|p1b: Farigiraf\n|-damage|p1b: Farigiraf|0 fnt\n|faint|p1b: Farigiraf\n|-damage|p2b: Basculegion|20/100y|[from] Recoil\n|-damage|p2b: Basculegion|10/100|[from] item: Life Orb\n|\n|win|Sores\n|raw|klongapoke's rating: 1678 &rarr; <strong>1659</strong><br />(-19 for losing)\n|raw|Sores's rating: 1687 &rarr; <strong>1706</strong><br />(+19 for winning)\n|l|☆klongapoke\n|player|p1|\n","uploadtime":1788328901,"views":"8","formatid":"gen9championsvgc2026regmb","rating":1659,"private":0,"password":null}