{"id":"gen9championsvgc2026regmbbo3-2674575323","format":"[Gen 9 Champions] VGC 2026 Reg M-B (Bo3)","players":["fvevfvfv","hugoggg"],"log":"|j|☆fvevfvfv\n|j|☆hugoggg\n|html|<table width=\"100%\"><tr><td align=\"left\">fvevfvfv</td><td align=\"right\">hugoggg</tr><tr><td align=\"left\"><i class=\"fa fa-circle\"></i> <i class=\"fa fa-circle-o\"></i> </td><td align=\"right\"><i class=\"fa fa-circle-o\"></i> <i class=\"fa fa-circle\"></i> </tr></table>\n|uhtml|bestof|<h2><strong>Game 3</strong> of <a href=\"/game-bestof3-gen9championsvgc2026regmbbo3-2674571408\">a best-of-3</a></h2>\n|t:|1788375753\n|gametype|doubles\n|player|p1|fvevfvfv|265|\n|player|p2|hugoggg|102|\n|gen|9\n|tier|[Gen 9 Champions] VGC 2026 Reg M-B (Bo3)\n|rule|Species Clause: Limit one of each Pokémon\n|rule|Item Clause: Limit 1 of each item\n|clearpoke\n|poke|p1|Charizard, L50, F, shiny|\n|poke|p1|Whimsicott, L50, M, shiny|\n|poke|p1|Garchomp, L50, F, shiny|\n|poke|p1|Floette-Eternal, L50, F|\n|poke|p1|Basculegion, L50, M, shiny|\n|poke|p1|Kingambit, L50, F, shiny|\n|poke|p2|Froslass, L50, F|\n|poke|p2|Dragonite, L50, F, shiny|\n|poke|p2|Sneasler, L50, F|\n|poke|p2|Arcanine-Hisui, L50, F|\n|poke|p2|Gholdengo, L50|\n|poke|p2|Kingambit, L50, M|\n|teampreview|4\n|showteam|p1|Charizard||CharizarditeY|Blaze|HeatWave,WeatherBall,AncientPower,Protect|Timid||F|||50|]Whimsicott||FocusSash|Prankster|Moonblast,Tailwind,Encore,Protect|Timid||M|||50|]Garchomp||SitrusBerry|RoughSkin|DragonClaw,Earthquake,RockSlide,Protect|Jolly||F|||50|]Floette-Eternal||Floettite|FlowerVeil|Moonblast,DazzlingGleam,LightofRuin,Protect|Modest||F|||50|]Basculegion||LifeOrb|Adaptability|WaveCrash,LastRespects,AquaJet,Protect|Adamant||M|||50|]Kingambit||OccaBerry|Defiant|KowtowCleave,SuckerPunch,IronHead,LowKick|Adamant||F|||50|\n|showteam|p2|Froslass||Froslassite|CursedBody|Blizzard,ShadowBall,AuroraVeil,Protect|Modest||F|||50|]Dragonite||Dragoninite|InnerFocus|DragonPulse,Flamethrower,Tailwind,Protect|Modest||F|||50|]Sneasler||WhiteHerb|Unburden|CloseCombat,GunkShot,FakeOut,Protect|Adamant||F|||50|]Arcanine-Hisui||FocusSash|RockHead|HeadSmash,FlareBlitz,ExtremeSpeed,Protect|Adamant||F|||50|]Gholdengo||ChoiceScarf|GoodasGold|MakeItRain,ShadowBall,Thunderbolt,Trick|Modest|||||50|]Kingambit||LifeOrb|Defiant|KowtowCleave,SuckerPunch,SwordsDance,Protect|Adamant||M|||50|\n|\n|t:|1788375797\n|teamsize|p1|4\n|teamsize|p2|4\n|start\n|switch|p1a: Whimsicott|Whimsicott, L50, M, shiny|100/100\n|switch|p1b: Garchomp|Garchomp, L50, F, shiny|100/100\n|switch|p2a: Streetcat|Sneasler, L50, F|100/100\n|switch|p2b: Villain|Kingambit, L50, M|100/100\n|turn|1\n|\n|t:|1788375841\n|move|p2a: Streetcat|Fake Out|p1b: Garchomp\n|-damage|p1b: Garchomp|87/100\n|-damage|p2a: Streetcat|88/100|[from] ability: Rough Skin|[of] p1b: Garchomp\n|move|p1a: Whimsicott|Moonblast|p2b: Villain\n|-damage|p2b: Villain|63/100\n|-unboost|p2b: Villain|spa|1\n|-ability|p2b: Villain|Defiant|boost\n|-boost|p2b: Villain|atk|2\n|cant|p1b: Garchomp|flinch\n|move|p2b: Villain|Swords Dance|p2b: Villain\n|-boost|p2b: Villain|atk|2\n|\n|upkeep\n|turn|2\n|c|☆fvevfvfv|holy\n|\n|t:|1788375876\n|switch|p1b: Basculegion|Basculegion, L50, M, shiny|100/100\n|move|p1a: Whimsicott|Protect|p1a: Whimsicott\n|-singleturn|p1a: Whimsicott|Protect\n|move|p2b: Villain|Sucker Punch||[still]\n|-fail|p2b: Villain\n|move|p2a: Streetcat|Gunk Shot|p1a: Whimsicott\n|-activate|p1a: Whimsicott|move: Protect\n|\n|upkeep\n|turn|3\n|\n|t:|1788375911\n|move|p1b: Basculegion|Aqua Jet|p2b: Villain\n|-damage|p2b: Villain|38/100\n|-damage|p1b: Basculegion|90/100|[from] item: Life Orb\n|move|p2b: Villain|Sucker Punch||[still]\n|-fail|p2b: Villain\n|move|p1a: Whimsicott|Moonblast|p2b: Villain\n|-damage|p2b: Villain|4/100\n|move|p2a: Streetcat|Gunk Shot|p1a: Whimsicott\n|-supereffective|p1a: Whimsicott|2\n|-enditem|p1a: Whimsicott|Focus Sash\n|-damage|p1a: Whimsicott|1/100\n|\n|upkeep\n|turn|4\n|\n|t:|1788375936\n|switch|p2a: Stuckmoth|Froslass, L50, F|100/100\n|move|p2b: Villain|Protect|p2b: Villain\n|-singleturn|p2b: Villain|Protect\n|move|p1a: Whimsicott|Tailwind|p1a: Whimsicott\n|-sidestart|p1: fvevfvfv|move: Tailwind\n|move|p1b: Basculegion|Aqua Jet|p2b: Villain\n|-activate|p2b: Villain|move: Protect\n|\n|upkeep\n|turn|5\n|\n|t:|1788375965\n|detailschange|p2a: Stuckmoth|Froslass-Mega, L50, F\n|-mega|p2a: Stuckmoth|Froslass|Froslassite\n|-weather|Snowscape|[from] ability: Snow Warning|[of] p2a: Stuckmoth\n|move|p1b: Basculegion|Protect|p1b: Basculegion\n|-singleturn|p1b: Basculegion|Protect\n|move|p2b: Villain|Sucker Punch||[still]\n|-fail|p2b: Villain\n|move|p1a: Whimsicott|Moonblast|p2b: Villain\n|-crit|p2b: Villain\n|-damage|p2b: Villain|0 fnt\n|faint|p2b: Villain\n|move|p2a: Stuckmoth|Shadow Ball|p1b: Basculegion\n|-activate|p1b: Basculegion|move: Protect\n|\n|-weather|Snowscape|[upkeep]\n|upkeep\n|\n|t:|1788375969\n|switch|p2b: Animal|Arcanine-Hisui, L50, F|100/100\n|turn|6\n|\n|t:|1788375993\n|switch|p1a: Garchomp|Garchomp, L50, F, shiny|87/100\n|move|p2b: Animal|Extreme Speed|p1a: Garchomp\n|-damage|p1a: Garchomp|63/100\n|-damage|p2b: Animal|87/100|[from] ability: Rough Skin|[of] p1a: Garchomp\n|move|p1b: Basculegion|Last Respects|p2a: Stuckmoth\n|-supereffective|p2a: Stuckmoth|1\n|-damage|p2a: Stuckmoth|23/100\n|-damage|p1b: Basculegion|80/100|[from] item: Life Orb\n|move|p2a: Stuckmoth|Shadow Ball|p1b: Basculegion\n|-supereffective|p1b: Basculegion|1\n|-damage|p1b: Basculegion|0 fnt\n|faint|p1b: Basculegion\n|\n|-weather|Snowscape|[upkeep]\n|upkeep\n|\n|t:|1788376012\n|switch|p1b: Charizard|Charizard, L50, F, shiny|100/100\n|turn|7\n|\n|t:|1788376024\n|switch|p2a: Streetcat|Sneasler, L50, F|88/100\n|detailschange|p1b: Charizard|Charizard-Mega-Y, L50, F, shiny\n|-mega|p1b: Charizard|Charizard|Charizardite Y\n|-weather|SunnyDay|[from] ability: Drought|[of] p1b: Charizard\n|move|p2b: Animal|Protect|p2b: Animal\n|-singleturn|p2b: Animal|Protect\n|move|p1a: Garchomp|Earthquake|p2a: Streetcat|[spread] p2a\n|-activate|p2b: Animal|move: Protect\n|-immune|p1b: Charizard\n|-supereffective|p2a: Streetcat|1\n|-damage|p2a: Streetcat|4/100\n|move|p1b: Charizard|Heat Wave|p2b: Animal|[spread] p2a\n|-activate|p2b: Animal|move: Protect\n|-damage|p2a: Streetcat|0 fnt\n|faint|p2a: Streetcat\n|\n|-weather|SunnyDay|[upkeep]\n|-sideend|p1: fvevfvfv|move: Tailwind\n|upkeep\n|\n|t:|1788376034\n|switch|p2a: Stuckmoth|Froslass-Mega, L50, F|23/100\n|-weather|Snowscape|[from] ability: Snow Warning|[of] p2a: Stuckmoth\n|turn|8\n|\n|t:|1788376057\n|move|p2b: Animal|Extreme Speed|p1b: Charizard\n|-damage|p1b: Charizard|64/100\n|move|p2a: Stuckmoth|Blizzard|p1b: Charizard|[spread] p1a,p1b\n|-supereffective|p1a: Garchomp|2\n|-damage|p1a: Garchomp|0 fnt\n|-damage|p1b: Charizard|23/100\n|faint|p1a: Garchomp\n|move|p1b: Charizard|Heat Wave|p2a: Stuckmoth|[spread] p2a\n|-miss|p1b: Charizard|p2b: Animal\n|-supereffective|p2a: Stuckmoth|1\n|-damage|p2a: Stuckmoth|0 fnt\n|faint|p2a: Stuckmoth\n|\n|-weather|Snowscape|[upkeep]\n|upkeep\n|\n|t:|1788376070\n|switch|p1a: Whimsicott|Whimsicott, L50, M, shiny|1/100\n|turn|9\n|\n|t:|1788376130\n|move|p1b: Charizard|Protect|p1b: Charizard\n|-singleturn|p1b: Charizard|Protect\n|move|p2b: Animal|Extreme Speed|p1b: Charizard\n|-activate|p1b: Charizard|move: Protect\n|move|p1a: Whimsicott|Moonblast|p2b: Animal\n|-resisted|p2b: Animal|1\n|-damage|p2b: Animal|67/100\n|-unboost|p2b: Animal|spa|1\n|\n|-weather|Snowscape|[upkeep]\n|upkeep\n|turn|10\n|\n|t:|1788376155\n|move|p1b: Charizard|Protect||[still]\n|-fail|p1b: Charizard\n|move|p2b: Animal|Extreme Speed|p1b: Charizard\n|-damage|p1b: Charizard|0 fnt\n|faint|p1b: Charizard\n|move|p1a: Whimsicott|Moonblast|p2b: Animal\n|-resisted|p2b: Animal|1\n|-damage|p2b: Animal|43/100\n|\n|-weather|Snowscape|[upkeep]\n|upkeep\n|turn|11\n|\n|t:|1788376169\n|move|p1a: Whimsicott|Protect|p1a: Whimsicott\n|-singleturn|p1a: Whimsicott|Protect\n|move|p2b: Animal|Extreme Speed|p1a: Whimsicott\n|-activate|p1a: Whimsicott|move: Protect\n|\n|-weather|Snowscape|[upkeep]\n|upkeep\n|turn|12\n|inactive|Battle timer is ON: inactive players will automatically lose when time's up. (requested by hugoggg)\n|\n|t:|1788376222\n|move|p1a: Whimsicott|Protect||[still]\n|-fail|p1a: Whimsicott\n|move|p2b: Animal|Extreme Speed|p1a: Whimsicott\n|-damage|p1a: Whimsicott|0 fnt\n|faint|p1a: Whimsicott\n|\n|win|hugoggg\n|l|☆fvevfvfv\n|player|p1|\n|c|☆hugoggg|ggwp, sorry for all the rng\n","uploadtime":1788376279,"views":"8","formatid":"gen9championsvgc2026regmbbo3","rating":null,"private":0,"password":null}