{"id":"gen9championsvgc2026regmb-2674736070","format":"[Gen 9 Champions] VGC 2026 Reg M-B","players":["asdfpilot","zomemrok"],"log":"|j|☆asdfpilot\n|j|☆zomemrok\n|html|<table width=\"100%\"><tr><td align=\"left\">asdfpilot</td><td align=\"right\">zomemrok</tr><tr><td align=\"left\"><i class=\"fa fa-circle-o\"></i> <i class=\"fa fa-circle-o\"></i> </td><td align=\"right\"><i class=\"fa fa-circle-o\"></i> <i class=\"fa fa-circle-o\"></i> </tr></table>\n|uhtml|bestof|<h2><strong>Game 1</strong> of <a href=\"/game-bestof3-gen9championsvgc2026regmb-2674736069\">a best-of-3</a></h2>\n|t:|1788398137\n|gametype|doubles\n|player|p1|asdfpilot|101|\n|player|p2|zomemrok|clown|\n|gen|9\n|tier|[Gen 9 Champions] VGC 2026 Reg M-B\n|rule|Species Clause: Limit one of each Pokémon\n|rule|Item Clause: Limit 1 of each item\n|raw|<div class=\"infobox\"><details class=\"readmore\" open><summary><strong>1 custom rule:</strong></summary> Best of = 3</details></div>\n|clearpoke\n|poke|p1|Archaludon, L50, F|\n|poke|p1|Sableye, L50, M|\n|poke|p1|Dragonite, L50, F|\n|poke|p1|Pelipper, L50, F|\n|poke|p1|Lycanroc-Dusk, L50, F|\n|poke|p1|Swampert, L50, F|\n|poke|p2|Metagross, L50, shiny|\n|poke|p2|Sylveon, L50, F, shiny|\n|poke|p2|Manectric, L50, F, shiny|\n|poke|p2|Talonflame, L50, F|\n|poke|p2|Zoroark-Hisui, L50, F|\n|poke|p2|Hydreigon, L50, F|\n|teampreview|4\nzomemrok rejected open team sheets.\n|inactive|Battle timer is ON: inactive players will automatically lose when time's up. (requested by asdfpilot)\n|j| wubbawubba123\n|\n|t:|1788398172\n|teamsize|p1|4\n|teamsize|p2|4\n|start\n|switch|p1a: Sableye|Sableye, L50, M|100/100\n|switch|p1b: Archaludon|Archaludon, L50, F|100/100\n|switch|p2a: 張り切っていこう!|Talonflame, L50, F|100/100\n|switch|p2b: バクシンバクシンバクシン バクシン|Manectric, L50, F, shiny|100/100\n|turn|1\n|inactive|asdfpilot has 30 seconds left.\n|\n|t:|1788398203\n|move|p2a: 張り切っていこう!|Protect|p2a: 張り切っていこう!\n|-singleturn|p2a: 張り切っていこう!|Protect\n|move|p2b: バクシンバクシンバクシン バクシン|Protect|p2b: バクシンバクシンバクシン バクシン\n|-singleturn|p2b: バクシンバクシンバクシン バクシン|Protect\n|move|p1a: Sableye|Light Screen|p1a: Sableye\n|-sidestart|p1: asdfpilot|move: Light Screen\n|move|p1b: Archaludon|Dragon Pulse|p2b: バクシンバクシンバクシン バクシン\n|-activate|p2b: バクシンバクシンバクシン バクシン|move: Protect\n|\n|upkeep\n|turn|2\n|j| pokemonomekop\n|\n|t:|1788398229\n|move|p2a: 張り切っていこう!|Tailwind|p2a: 張り切っていこう!\n|-sidestart|p2: zomemrok|move: Tailwind\n|move|p1a: Sableye|Encore|p2b: バクシンバクシンバクシン バクシン\n|-start|p2b: バクシンバクシンバクシン バクシン|Encore\n|move|p2b: バクシンバクシンバクシン バクシン|Protect||[still]\n|-fail|p2b: バクシンバクシンバクシン バクシン\n|move|p1b: Archaludon|Dragon Pulse|p2a: 張り切っていこう!\n|-damage|p2a: 張り切っていこう!|31/100\n|\n|upkeep\n|turn|3\n|inactive|asdfpilot has 30 seconds left.\n|inactive|zomemrok has 30 seconds left.\n|inactive|zomemrok has 20 seconds left.\n|inactive|zomemrok has 15 seconds left.\n|\n|t:|1788398271\n|switch|p2a: テイオーテイオーテイオーテイオー|Hydreigon, L50, F|100/100\n|switch|p2b: これが諦めないってことだトカイテイオ|Metagross, L50, shiny|100/100\n|move|p1a: Sableye|Rain Dance|p1a: Sableye\n|-weather|RainDance\n|move|p1b: Archaludon|Dragon Pulse|p2b: これが諦めないってことだトカイテイオ\n|-resisted|p2b: これが諦めないってことだトカイテイオ|1\n|-damage|p2b: これが諦めないってことだトカイテイオ|71/100\n|\n|-weather|RainDance|[upkeep]\n|upkeep\n|turn|4\n|inactive|asdfpilot has 30 seconds left.\n|inactive|asdfpilot has 20 seconds left.\n|inactive|asdfpilot has 15 seconds left.\n|\n|t:|1788398314\n|detailschange|p2b: これが諦めないってことだトカイテイオ|Metagross-Mega, L50, shiny\n|-mega|p2b: これが諦めないってことだトカイテイオ|Metagross|Metagrossite\n|move|p1a: Sableye|Will-O-Wisp|p2b: これが諦めないってことだトカイテイオ\n|-status|p2b: これが諦めないってことだトカイテイオ|brn\n|move|p2b: これが諦めないってことだトカイテイオ|Earthquake|p1b: Archaludon|[spread] p1a,p1b\n|-immune|p2a: テイオーテイオーテイオーテイオー|[from] ability: Levitate\n|-supereffective|p1b: Archaludon|1\n|-damage|p1a: Sableye|86/100\n|-damage|p1b: Archaludon|79/100\n|-ability|p1b: Archaludon|Stamina|boost\n|-boost|p1b: Archaludon|def|1\n|move|p2a: テイオーテイオーテイオーテイオー|Draco Meteor|p1b: Archaludon\n|-damage|p1b: Archaludon|0 fnt\n|-unboost|p2a: テイオーテイオーテイオーテイオー|spa|2\n|faint|p1b: Archaludon\n|-damage|p2a: テイオーテイオーテイオーテイオー|90/100|[from] item: Life Orb\n|\n|-weather|RainDance|[upkeep]\n|-damage|p2b: これが諦めないってことだトカイテイオ|65/100 brn|[from] brn\n|upkeep\n|\n|t:|1788398333\n|switch|p1b: Lycanroc|Lycanroc-Dusk, L50, F|100/100\n|turn|5\n|inactive|zomemrok has 30 seconds left.\n|inactive|zomemrok has 20 seconds left.\n|\n|t:|1788398369\n|switch|p2b: バクシンバクシンバクシン バクシン|Manectric, L50, F, shiny|100/100\n|switch|p1a: Dragonite|Dragonite, L50, F|100/100\n|move|p2a: テイオーテイオーテイオーテイオー|Draco Meteor|p1b: Lycanroc\n|-damage|p1b: Lycanroc|58/100\n|-unboost|p2a: テイオーテイオーテイオーテイオー|spa|2\n|-damage|p2a: テイオーテイオーテイオーテイオー|80/100|[from] item: Life Orb\n|move|p1b: Lycanroc|Play Rough|p2a: テイオーテイオーテイオーテイオー\n|-supereffective|p2a: テイオーテイオーテイオーテイオー|2\n|-damage|p2a: テイオーテイオーテイオーテイオー|0 fnt\n|faint|p2a: テイオーテイオーテイオーテイオー\n|-damage|p1b: Lycanroc|49/100|[from] item: Life Orb\n|\n|-weather|RainDance|[upkeep]\n|-sideend|p1: asdfpilot|move: Light Screen\n|-sideend|p2: zomemrok|move: Tailwind\n|upkeep\n|inactive|zomemrok has 30 seconds left.\n|inactive|zomemrok has 20 seconds left.\n|\n|t:|1788398405\n|switch|p2a: 張り切っていこう!|Talonflame, L50, F|31/100\n|turn|6\n|inactive|asdfpilot has 30 seconds left.\n|\n|t:|1788398433\n|detailschange|p1a: Dragonite|Dragonite-Mega, L50, F\n|-mega|p1a: Dragonite|Dragonite|Dragoninite\n|move|p2a: 張り切っていこう!|Upper Hand|p1b: Lycanroc\n|-supereffective|p1b: Lycanroc|1\n|-damage|p1b: Lycanroc|0 fnt\n|faint|p1b: Lycanroc\n|move|p2b: バクシンバクシンバクシン バクシン|Thunder|p1a: Dragonite\n|-damage|p1a: Dragonite|77/100\n|-status|p1a: Dragonite|par\n|move|p1a: Dragonite|Draco Meteor|p2b: バクシンバクシンバクシン バクシン|[miss]\n|-miss|p1a: Dragonite|p2b: バクシンバクシンバクシン バクシン\n|\n|-weather|RainDance|[upkeep]\n|upkeep\n|\n|t:|1788398439\n|switch|p1b: Sableye|Sableye, L50, M|86/100\n|turn|7\n|inactive|zomemrok has 30 seconds left.\n|inactive|zomemrok has 20 seconds left.\n|inactive|zomemrok has 15 seconds left.\n|\n|t:|1788398480\n|move|p1b: Sableye|Encore|p2a: 張り切っていこう!\n|-start|p2a: 張り切っていこう!|Encore\n|move|p2a: 張り切っていこう!|Upper Hand||[still]\n|-fail|p2a: 張り切っていこう!\n|move|p2b: バクシンバクシンバクシン バクシン|Thunder|p1a: Dragonite\n|-damage|p1a: Dragonite|32/100 par\n|move|p1a: Dragonite|Hurricane|p2b: バクシンバクシンバクシン バクシン\n|-resisted|p2b: バクシンバクシンバクシン バクシン|1\n|-damage|p2b: バクシンバクシンバクシン バクシン|27/100\n|\n|-weather|none\n|upkeep\n|turn|8\n|\n|t:|1788398503\n|move|p2a: 張り切っていこう!|Upper Hand||[still]\n|-fail|p2a: 張り切っていこう!\n|move|p1b: Sableye|Light Screen|p1b: Sableye\n|-sidestart|p1: asdfpilot|move: Light Screen\n|move|p2b: バクシンバクシンバクシン バクシン|Thunder|p1a: Dragonite\n|-damage|p1a: Dragonite|1/100 par\n|move|p1a: Dragonite|Flamethrower|p2b: バクシンバクシンバクシン バクシン\n|-damage|p2b: バクシンバクシンバクシン バクシン|0 fnt\n|faint|p2b: バクシンバクシンバクシン バクシン\n|\n|upkeep\n|\n|t:|1788398513\n|switch|p2b: これが諦めないってことだトカイテイオ|Metagross-Mega, L50, shiny|65/100 brn\n|turn|9\n|\n|t:|1788398524\n|move|p2a: 張り切っていこう!|Upper Hand||[still]\n|-fail|p2a: 張り切っていこう!\n|move|p1b: Sableye|Encore||[still]\n|-fail|p1b: Sableye\n|move|p2b: これが諦めないってことだトカイテイオ|Iron Head|p1a: Dragonite\n|-damage|p1a: Dragonite|0 fnt\n|faint|p1a: Dragonite\n|\n|-damage|p2b: これが諦めないってことだトカイテイオ|60/100 brn|[from] brn\n|-end|p2a: 張り切っていこう!|Encore\n|upkeep\n|turn|10\n|\n|t:|1788398545\n|move|p1b: Sableye|Rain Dance|p1b: Sableye\n|-weather|RainDance\n|move|p2a: 張り切っていこう!|Brave Bird|p1b: Sableye\n|-damage|p1b: Sableye|40/100\n|-enditem|p1b: Sableye|Sitrus Berry|[eat]\n|-heal|p1b: Sableye|64/100|[from] item: Sitrus Berry\n|-damage|p2a: 張り切っていこう!|16/100|[from] Recoil\n|move|p2b: これが諦めないってことだトカイテイオ|Iron Head|p1b: Sableye\n|-damage|p1b: Sableye|40/100\n|\n|-weather|RainDance|[upkeep]\n|-damage|p2b: これが諦めないってことだトカイテイオ|54/100 brn|[from] brn\n|upkeep\n|turn|11\n|\n|t:|1788398564\n|move|p1b: Sableye|Encore|p2a: 張り切っていこう!\n|-start|p2a: 張り切っていこう!|Encore\n|move|p2a: 張り切っていこう!|Brave Bird|p1b: Sableye\n|-damage|p1b: Sableye|0 fnt\n|faint|p1b: Sableye\n|-damage|p2a: 張り切っていこう!|2/100|[from] Recoil\n|\n|win|zomemrok\n||asdfpilot is ready for game 2.\n||zomemrok is ready for game 2.\n|uhtml|next|Next: <a href=\"/battle-gen9championsvgc2026regmb-2674738875\"><strong>Game 2 of 3</strong></a>\n|l| pokemonomekop\n","uploadtime":1788399484,"views":"6","formatid":"gen9championsvgc2026regmb","rating":null,"private":0,"password":null}