{"id":"gen9championsvgc2026regmb-2674691994","format":"[Gen 9 Champions] VGC 2026 Reg M-B","players":["randomtieflinggirl","Rarere"],"log":"|j|☆randomtieflinggirl\n|j|☆Rarere\n|t:|1788391320\n|gametype|doubles\n|player|p1|randomtieflinggirl|170|1188\n|player|p2|Rarere|cynthia-gen4|1121\n|gen|9\n|tier|[Gen 9 Champions] VGC 2026 Reg M-B\n|rated|\n|rule|Species Clause: Limit one of each Pokémon\n|rule|Item Clause: Limit 1 of each item\n|clearpoke\n|poke|p1|Lycanroc-Dusk, L50, M|\n|poke|p1|Froslass, L50, F|\n|poke|p1|Scovillain, L50, F|\n|poke|p1|Basculegion, L50, M|\n|poke|p1|Kingambit, L50, F|\n|poke|p1|Sneasler, L50, M|\n|poke|p2|Oranguru, L50, F|\n|poke|p2|Mawile, L50, F|\n|poke|p2|Sneasler, L50, M|\n|poke|p2|Maushold-Four, L50|\n|poke|p2|Charizard, L50, M|\n|poke|p2|Primarina, L50, M|\n|teampreview|4\n|inactive|Battle timer is ON: inactive players will automatically lose when time's up. (requested by Rarere)\nrandomtieflinggirl has agreed to open team sheets.\n|\n|t:|1788391339\n|teamsize|p1|4\n|teamsize|p2|4\n|start\n|switch|p1a: Scovillain|Scovillain, L50, F|100/100\n|switch|p1b: Kingambit|Kingambit, L50, F|100/100\n|switch|p2a: Sneasler|Sneasler, L50, M|100/100\n|switch|p2b: Primarina|Primarina, L50, M|100/100\n|-ability|p2a: Sneasler|Pressure\n|turn|1\n|inactive|Rarere has 30 seconds left.\n|\n|t:|1788391369\n|detailschange|p1a: Scovillain|Scovillain-Mega, L50, F\n|-mega|p1a: Scovillain|Scovillain|Scovillainite\n|move|p1b: Kingambit|Protect|p1b: Kingambit\n|-singleturn|p1b: Kingambit|Protect\n|move|p2a: Sneasler|Fake Out|p1b: Kingambit\n|-activate|p1b: Kingambit|move: Protect\n|move|p1a: Scovillain|Giga Drain|p2b: Primarina\n|-supereffective|p2b: Primarina|1\n|-damage|p2b: Primarina|37/100\n|move|p2b: Primarina|Icy Wind|p1b: Kingambit|[spread] p1a\n|-activate|p1b: Kingambit|move: Protect\n|-damage|p1a: Scovillain|76/100\n|-unboost|p1a: Scovillain|spe|1\n|-status|p2b: Primarina|brn|[from] ability: Spicy Spray|[of] p1a: Scovillain\n|-damage|p2b: Primarina|28/100 brn|[from] item: Life Orb\n|\n|-damage|p2b: Primarina|22/100 brn|[from] brn\n|upkeep\n|turn|2\n|\n|t:|1788391388\n|move|p1a: Scovillain|Rage Powder|p1a: Scovillain\n|-singleturn|p1a: Scovillain|move: Rage Powder\n|move|p2a: Sneasler|Close Combat|p1a: Scovillain\n|-damage|p1a: Scovillain|22/100\n|-unboost|p2a: Sneasler|def|1\n|-unboost|p2a: Sneasler|spd|1\n|-status|p2a: Sneasler|brn|[from] ability: Spicy Spray|[of] p1a: Scovillain\n|move|p2b: Primarina|Icy Wind|p1b: Kingambit|[spread] p1b\n|-miss|p2b: Primarina|p1a: Scovillain\n|-resisted|p1b: Kingambit|1\n|-damage|p1b: Kingambit|91/100\n|-unboost|p1b: Kingambit|spe|1\n|-ability|p1b: Kingambit|Defiant|boost\n|-boost|p1b: Kingambit|atk|2\n|-damage|p2b: Primarina|12/100 brn|[from] item: Life Orb\n|move|p1b: Kingambit|Swords Dance|p1b: Kingambit\n|-boost|p1b: Kingambit|atk|2\n|\n|-damage|p2a: Sneasler|94/100 brn|[from] brn\n|-damage|p2b: Primarina|6/100 brn|[from] brn\n|upkeep\n|turn|3\n|\n|t:|1788391408\n|move|p1a: Scovillain|Protect|p1a: Scovillain\n|-singleturn|p1a: Scovillain|Protect\n|move|p1b: Kingambit|Sucker Punch|p2a: Sneasler\n|-resisted|p2a: Sneasler|1\n|-damage|p2a: Sneasler|0 fnt\n|faint|p2a: Sneasler\n|move|p2b: Primarina|Moonblast|p1b: Kingambit\n|-damage|p1b: Kingambit|26/100\n|-damage|p2b: Primarina|0 fnt|[from] item: Life Orb\n|faint|p2b: Primarina\n|\n|upkeep\n|\n|t:|1788391417\n|switch|p2a: Maushold|Maushold-Four, L50|100/100\n|switch|p2b: Charizard|Charizard, L50, M|100/100\n|turn|4\n|\n|t:|1788391428\n|detailschange|p2b: Charizard|Charizard-Mega-X, L50, M\n|-mega|p2b: Charizard|Charizard|Charizardite X\n|move|p2a: Maushold|Protect|p2a: Maushold\n|-singleturn|p2a: Maushold|Protect\n|move|p1a: Scovillain|Rage Powder|p1a: Scovillain\n|-singleturn|p1a: Scovillain|move: Rage Powder\n|move|p1b: Kingambit|Sucker Punch|p2b: Charizard\n|-damage|p2b: Charizard|0 fnt\n|faint|p2b: Charizard\n|\n|upkeep\n|turn|5\n|-message|Rarere forfeited.\n|\n|win|randomtieflinggirl\n|raw|randomtieflinggirl's rating: 1188 &rarr; <strong>1208</strong><br />(+20 for winning)\n|raw|Rarere's rating: 1121 &rarr; <strong>1101</strong><br />(-20 for losing)\n|l|☆Rarere\n|player|p2|\n|c|☆randomtieflinggirl|gg\n","uploadtime":1788391443,"views":"0","formatid":"gen9championsvgc2026regmb","rating":1101,"private":0,"password":null}