{"id":"gen9championsvgc2026regmbbo3-2673458826","format":"[Gen 9 Champions] VGC 2026 Reg M-B (Bo3)","players":["Benny0000","chaos damage"],"log":"|j|☆Benny0000\n|j|☆chaos damage\n|html|<table width=\"100%\"><tr><td align=\"left\">Benny0000</td><td align=\"right\">chaos damage</tr><tr><td align=\"left\"><i class=\"fa fa-circle-o\"></i> <i class=\"fa fa-circle-o\"></i> </td><td align=\"right\"><i class=\"fa fa-circle-o\"></i> <i class=\"fa fa-circle-o\"></i> </tr></table>\n|uhtml|bestof|<h2><strong>Game 1</strong> of <a href=\"/game-bestof3-gen9championsvgc2026regmbbo3-2673458825\">a best-of-3</a></h2>\n|t:|1788200264\n|gametype|doubles\n|player|p1|Benny0000|265|1311\n|player|p2|chaos damage|workerice|1120\n|gen|9\n|tier|[Gen 9 Champions] VGC 2026 Reg M-B (Bo3)\n|rated|\n|rule|Species Clause: Limit one of each Pokémon\n|rule|Item Clause: Limit 1 of each item\n|clearpoke\n|poke|p1|Incineroar, L50, M|\n|poke|p1|Floette-Eternal, L50, F|\n|poke|p1|Sneasler, L50, M|\n|poke|p1|Sinistcha, L50|\n|poke|p1|Kingambit, L50, M|\n|poke|p1|Garchomp, L50, M|\n|poke|p2|Espathra, L50, F, shiny|\n|poke|p2|Archaludon, L50, F, shiny|\n|poke|p2|Politoed, L50, F|\n|poke|p2|Basculegion, L50, M|\n|poke|p2|Meganium, L50, F|\n|poke|p2|Staraptor, L50, F|\n|teampreview|4\n|showteam|p1|Incineroar||Leftovers|Intimidate|FakeOut,HelpingHand,PartingShot,FlareBlitz|Sassy||M|||50|]Floette-Eternal||Floettite|FlowerVeil|CalmMind,DrainingKiss,DazzlingGleam,Protect|Timid||F|||50|]Sneasler||FocusSash|PoisonTouch|FakeOut,Coaching,CloseCombat,DireClaw|Jolly||M|||50|]Sinistcha||SitrusBerry|Hospitality|RagePowder,TrickRoom,MatchaGotcha,Protect|Bold|||||50|]Kingambit||BlackGlasses|Defiant|SwordsDance,SuckerPunch,KowtowCleave,Protect|Adamant||M|||50|]Garchomp||Garchompite|RoughSkin|Earthquake,StompingTantrum,RockSlide,Protect|Jolly||M|||50|\n|showteam|p2|Espathra||Leftovers|SpeedBoost|Psychic,CalmMind,BatonPass,Protect|Bold||F|||50|]Archaludon||ChopleBerry|Stamina|DragonPulse,ElectroShot,FlashCannon,Protect|Calm||F|||50|]Politoed||SitrusBerry|Drizzle|WeatherBall,Surf,PsychUp,IcyWind|Timid||F|||50|]Basculegion||ChoiceScarf|Adaptability|FlipTurn,LastRespects,WaveCrash,AquaJet|Adamant||M|||50|]Meganium||Meganiumite|Overgrow|SolarBeam,WeatherBall,Synthesis,Protect|Bold||F|||50|]Staraptor||Staraptite|Intimidate|CloseCombat,BraveBird,Roost,Protect|Adamant||F|||50|\n|inactive|Battle timer is ON: inactive players will automatically lose when time's up. (requested by chaos damage)\n|inactive|Benny0000 has 60 seconds left.\n|inactive|chaos damage has 60 seconds left.\n|inactive|Benny0000 has 30 seconds left.\n|inactive|Benny0000 has 20 seconds left.\n|\n|t:|1788200338\n|teamsize|p1|4\n|teamsize|p2|4\n|start\n|switch|p1a: Incineroar|Incineroar, L50, M|100/100\n|switch|p1b: Floette|Floette-Eternal, L50, F|100/100\n|switch|p2a: Politoed|Politoed, L50, F|100/100\n|switch|p2b: Archaludon|Archaludon, L50, F, shiny|100/100\n|-weather|RainDance|[from] ability: Drizzle|[of] p2a: Politoed\n|-ability|p1a: Incineroar|Intimidate|boost\n|-unboost|p2a: Politoed|atk|1\n|-unboost|p2b: Archaludon|atk|1\n|turn|1\n|inactive|Benny0000 has 30 seconds left.\n|inactive|Benny0000 has 20 seconds left.\n|\n|t:|1788200374\n|detailschange|p1b: Floette|Floette-Mega, L50, F\n|-mega|p1b: Floette|Floette|Floettite\n|-ability|p1b: Floette|Fairy Aura\n|move|p1a: Incineroar|Fake Out|p2b: Archaludon\n|-resisted|p2b: Archaludon|1\n|-damage|p2b: Archaludon|96/100\n|-ability|p2b: Archaludon|Stamina|boost\n|-boost|p2b: Archaludon|def|1\n|move|p1b: Floette|Calm Mind|p1b: Floette\n|-boost|p1b: Floette|spa|1\n|-boost|p1b: Floette|spd|1\n|move|p2a: Politoed|Icy Wind|p1b: Floette|[spread] p1a,p1b\n|-resisted|p1a: Incineroar|1\n|-damage|p1a: Incineroar|97/100\n|-damage|p1b: Floette|95/100\n|-unboost|p1a: Incineroar|spe|1\n|-unboost|p1b: Floette|spe|1\n|cant|p2b: Archaludon|flinch\n|\n|-weather|RainDance|[upkeep]\n|-heal|p1a: Incineroar|100/100|[from] item: Leftovers\n|upkeep\n|turn|2\n|inactive|Benny0000 has 30 seconds left.\n|inactive|chaos damage has 30 seconds left.\n|inactive|Benny0000 has 20 seconds left.\n|\n|t:|1788200411\n|move|p1b: Floette|Protect|p1b: Floette\n|-singleturn|p1b: Floette|Protect\n|move|p2a: Politoed|Weather Ball|p1a: Incineroar\n|-supereffective|p1a: Incineroar|1\n|-damage|p1a: Incineroar|30/100\n|move|p2b: Archaludon|Electro Shot||[still]\n|-prepare|p2b: Archaludon|Electro Shot\n|-boost|p2b: Archaludon|spa|1\n|-anim|p2b: Archaludon|Electro Shot|p1b: Floette\n|-activate|p1b: Floette|move: Protect\n|move|p1a: Incineroar|Parting Shot|p2b: Archaludon\n|-unboost|p2b: Archaludon|atk|1\n|-unboost|p2b: Archaludon|spa|1\n|\n|t:|1788200426\n|switch|p1a: Sneasler|Sneasler, L50, M|100/100|[from] Parting Shot\n|\n|-weather|RainDance|[upkeep]\n|upkeep\n|turn|3\n|inactive|chaos damage has 30 seconds left.\n|\n|t:|1788200457\n|move|p1a: Sneasler|Close Combat|p2b: Archaludon\n|-supereffective|p2b: Archaludon|1\n|-enditem|p2b: Archaludon|Chople Berry|[eat]\n|-enditem|p2b: Archaludon|Chople Berry|[weaken]\n|-damage|p2b: Archaludon|65/100\n|-unboost|p1a: Sneasler|def|1\n|-unboost|p1a: Sneasler|spd|1\n|-ability|p2b: Archaludon|Stamina|boost\n|-boost|p2b: Archaludon|def|1\n|move|p2a: Politoed|Surf|p1a: Sneasler|[spread] p2b,p1a,p1b\n|-resisted|p2b: Archaludon|1\n|-damage|p2b: Archaludon|53/100\n|-damage|p1a: Sneasler|35/100\n|-damage|p1b: Floette|78/100\n|-ability|p2b: Archaludon|Stamina|boost\n|-boost|p2b: Archaludon|def|1\n|move|p1b: Floette|Dazzling Gleam|p2a: Politoed|[spread] p2a,p2b\n|-damage|p2a: Politoed|44/100\n|-damage|p2b: Archaludon|4/100\n|-ability|p2b: Archaludon|Stamina|boost\n|-boost|p2b: Archaludon|def|1\n|-enditem|p2a: Politoed|Sitrus Berry|[eat]\n|-heal|p2a: Politoed|69/100|[from] item: Sitrus Berry\n|move|p2b: Archaludon|Electro Shot||[still]\n|-prepare|p2b: Archaludon|Electro Shot\n|-boost|p2b: Archaludon|spa|1\n|-anim|p2b: Archaludon|Electro Shot|p1a: Sneasler\n|-damage|p1a: Sneasler|0 fnt\n|faint|p1a: Sneasler\n|\n|-weather|RainDance|[upkeep]\n|upkeep\n|inactive|Benny0000 has 30 seconds left.\n|\n|t:|1788200490\n|switch|p1a: Sinistcha|Sinistcha, L50|100/100\n|-heal|p1b: Floette|100/100|[from] ability: Hospitality|[of] p1a: Sinistcha\n|turn|4\n|\n|t:|1788200511\n|move|p2a: Politoed|Psych Up|p1b: Floette\n|-copyboost|p2a: Politoed|p1b: Floette|[from] move: Psych Up\n|move|p1b: Floette|Dazzling Gleam|p2b: Archaludon|[spread] p2a,p2b\n|-damage|p2a: Politoed|34/100\n|-damage|p2b: Archaludon|0 fnt\n|faint|p2b: Archaludon\n|move|p1a: Sinistcha|Matcha Gotcha|p2a: Politoed\n|-supereffective|p2a: Politoed|1\n|-crit|p2a: Politoed\n|-damage|p2a: Politoed|0 fnt\n|faint|p2a: Politoed\n|\n|-weather|RainDance|[upkeep]\n|upkeep\n|\n|t:|1788200520\n|switch|p2a: Basculegion|Basculegion, L50, M|100/100\n|switch|p2b: Meganium|Meganium, L50, F|100/100\n|turn|5\n|\n|t:|1788200544\n|detailschange|p2b: Meganium|Meganium-Mega, L50, F\n|-mega|p2b: Meganium|Meganium|Meganiumite\n|move|p1b: Floette|Protect|p1b: Floette\n|-singleturn|p1b: Floette|Protect\n|move|p1a: Sinistcha|Protect|p1a: Sinistcha\n|-singleturn|p1a: Sinistcha|Protect\n|move|p2a: Basculegion|Last Respects|p1b: Floette\n|-activate|p1b: Floette|move: Protect\n|move|p2b: Meganium|Weather Ball|p1a: Sinistcha\n|-activate|p1a: Sinistcha|move: Protect\n|\n|-weather|none\n|upkeep\n|turn|6\n|inactive|Benny0000 has 30 seconds left.\n|\n|t:|1788200576\n|move|p1a: Sinistcha|Rage Powder|p1a: Sinistcha\n|-singleturn|p1a: Sinistcha|move: Rage Powder\n|move|p2a: Basculegion|Last Respects|p1a: Sinistcha\n|-supereffective|p1a: Sinistcha|1\n|-damage|p1a: Sinistcha|0 fnt\n|faint|p1a: Sinistcha\n|move|p1b: Floette|Dazzling Gleam|p2a: Basculegion|[spread] p2a,p2b\n|-damage|p2a: Basculegion|26/100\n|-damage|p2b: Meganium|49/100\n|move|p2b: Meganium|Weather Ball|p1b: Floette\n|-damage|p1b: Floette|76/100\n|\n|upkeep\n|\n|t:|1788200588\n|switch|p1a: Incineroar|Incineroar, L50, M|30/100\n|-ability|p1a: Incineroar|Intimidate|boost\n|-unboost|p2a: Basculegion|atk|1\n|-unboost|p2b: Meganium|atk|1\n|turn|7\n|\n|t:|1788200604\n|move|p2b: Meganium|Protect|p2b: Meganium\n|-singleturn|p2b: Meganium|Protect\n|move|p1a: Incineroar|Fake Out|p2b: Meganium\n|-activate|p2b: Meganium|move: Protect\n|move|p2a: Basculegion|Last Respects|p1b: Floette\n|-damage|p1b: Floette|3/100\n|move|p1b: Floette|Dazzling Gleam|p2b: Meganium|[spread] p2a\n|-activate|p2b: Meganium|move: Protect\n|-damage|p2a: Basculegion|0 fnt\n|faint|p2a: Basculegion\n|\n|-heal|p1a: Incineroar|36/100|[from] item: Leftovers\n|upkeep\n|turn|8\n|\n|t:|1788200626\n|move|p1b: Floette|Dazzling Gleam|p2b: Meganium\n|-damage|p2b: Meganium|0 fnt\n|faint|p2b: Meganium\n|\n|win|Benny0000\n","uploadtime":1788200626,"views":"8","formatid":"gen9championsvgc2026regmbbo3","rating":null,"private":0,"password":null}