{"id":"gen9championsvgc2026regmbbo3-2674767853","format":"[Gen 9 Champions] VGC 2026 Reg M-B (Bo3)","players":["jomivgc","cjflex8"],"log":"|j|☆jomivgc\n|j|☆cjflex8\n|html|<table width=\"100%\"><tr><td align=\"left\">jomivgc</td><td align=\"right\">cjflex8</tr><tr><td align=\"left\"><i class=\"fa fa-circle-o\"></i> <i class=\"fa fa-circle-o\"></i> </td><td align=\"right\"><i class=\"fa fa-circle-o\"></i> <i class=\"fa fa-circle-o\"></i> </tr></table>\n|uhtml|bestof|<h2><strong>Game 1</strong> of <a href=\"/game-bestof3-gen9championsvgc2026regmbbo3-2674767852\">a best-of-3</a></h2>\n|t:|1788403130\n|gametype|doubles\n|player|p1|jomivgc|emmet|1267\n|player|p2|cjflex8|265|1210\n|gen|9\n|tier|[Gen 9 Champions] VGC 2026 Reg M-B (Bo3)\n|rated|\n|rule|Species Clause: Limit one of each Pokémon\n|rule|Item Clause: Limit 1 of each item\n|clearpoke\n|poke|p1|Raichu, L50, M|\n|poke|p1|Staraptor, L50, F|\n|poke|p1|Arcanine-Hisui, L50, M, shiny|\n|poke|p1|Farigiraf, L50, M|\n|poke|p1|Sylveon, L50, F|\n|poke|p1|Kingambit, L50, M|\n|poke|p2|Blaziken, L50, M|\n|poke|p2|Talonflame, L50, F|\n|poke|p2|Basculegion, L50, M|\n|poke|p2|Tsareena, L50, F|\n|poke|p2|Zoroark-Hisui, L50, M|\n|poke|p2|Empoleon, L50, M|\n|teampreview|4\n|showteam|p1|Raichu||RaichuniteY|LightningRod|ZapCannon,FocusBlast,FakeOut,Protect|Timid||M|||50|]Staraptor||Staraptite|Intimidate|CloseCombat,BraveBird,Tailwind,Protect|Jolly||F|||50|]Arcanine-Hisui||FocusSash|RockHead|FlareBlitz,HeadSmash,ExtremeSpeed,Protect|Jolly||M|||50|]Farigiraf||SitrusBerry|ArmorTail|Psychic,HelpingHand,TrickRoom,Protect|Calm||M|||50|]Sylveon||FairyFeather|Pixilate|HyperVoice,QuickAttack,HyperBeam,Detect|Modest||F|||50|]Kingambit||LifeOrb|Defiant|KowtowCleave,SuckerPunch,SwordsDance,Protect|Adamant||M|||50|\n|showteam|p2|Blaziken||Blazikenite|SpeedBoost|CloseCombat,FlareBlitz,Protect,RockSlide|Adamant||M|||50|]Talonflame||FocusSash|GaleWings|DualWingbeat,FlareBlitz,Protect,Tailwind|Jolly||F|||50|]Basculegion||ChoiceScarf|Adaptability|AquaJet,WaveCrash,LastRespects,FlipTurn|Jolly||M|||50|]Tsareena||WideLens|QueenlyMajesty|TropKick,HighJumpKick,TripleAxel,Protect|Adamant||F|||50|]Zoroark-Hisui||LifeOrb|Illusion|HyperVoice,BitterMalice,Protect,IcyWind|Timid||M|||50|]Empoleon||Leftovers|Competitive|FlashCannon,VacuumWave,HydroPump,Protect|Modest||M|||50|\n|inactive|Battle timer is ON: inactive players will automatically lose when time's up. (requested by jomivgc)\n|inactive|jomivgc has 60 seconds left.\n|\n|t:|1788403175\n|teamsize|p1|4\n|teamsize|p2|4\n|start\n|switch|p1a: Raichu|Raichu, L50, M|100/100\n|switch|p1b: Kingambit|Kingambit, L50, M|100/100\n|switch|p2a: Tsareena|Tsareena, L50, F|100/100\n|switch|p2b: Empoleon|Empoleon, L50, M|100/100\n|turn|1\n|inactive|cjflex8 has 30 seconds left.\n|inactive|cjflex8 has 20 seconds left.\n|inactive|cjflex8 has 15 seconds left.\n|\n|t:|1788403216\n|detailschange|p1a: Raichu|Raichu-Mega-Y, L50, M\n|-mega|p1a: Raichu|Raichu|Raichunite Y\n|move|p2b: Empoleon|Protect|p2b: Empoleon\n|-singleturn|p2b: Empoleon|Protect\n|move|p1b: Kingambit|Protect|p1b: Kingambit\n|-singleturn|p1b: Kingambit|Protect\n|move|p1a: Raichu|Zap Cannon|p2b: Empoleon\n|-activate|p2b: Empoleon|move: Protect\n|move|p2a: Tsareena|Hyper Voice|p1a: Raichu|[spread] p1a\n|-activate|p1b: Kingambit|move: Protect\n|-damage|p1a: Raichu|47/100\n|-damage|p2a: Tsareena|90/100|[from] item: Life Orb\n|\n|upkeep\n|turn|2\n|inactive|cjflex8 has 30 seconds left.\n|\n|t:|1788403245\n|move|p2a: Tsareena|Protect|p2a: Tsareena\n|-singleturn|p2a: Tsareena|Protect\n|move|p2b: Empoleon|Vacuum Wave|p1b: Kingambit\n|-supereffective|p1b: Kingambit|2\n|-damage|p1b: Kingambit|42/100\n|move|p1b: Kingambit|Sucker Punch||[still]\n|-fail|p1b: Kingambit\n|move|p1a: Raichu|Zap Cannon|p2b: Empoleon\n|-supereffective|p2b: Empoleon|1\n|-damage|p2b: Empoleon|0 fnt\n|faint|p2b: Empoleon\n|\n|upkeep\n|\n|t:|1788403260\n|switch|p2b: Blaziken|Blaziken, L50, M|100/100\n|turn|3\n|\n|t:|1788403283\n|switch|p1a: Staraptor|Staraptor, L50, F|100/100\n|-ability|p1a: Staraptor|Intimidate|boost\n|-unboost|p2a: Tsareena|atk|1\n|-unboost|p2b: Blaziken|atk|1\n|switch|p2a: Tsareena|Tsareena, L50, F|100/100\n|move|p2b: Blaziken|Protect|p2b: Blaziken\n|-singleturn|p2b: Blaziken|Protect\n|move|p1b: Kingambit|Sucker Punch||[still]\n|cant|p2a: Tsareena|ability: Queenly Majesty|Sucker Punch|[of] p1b: Kingambit\n|\n|-ability|p2b: Blaziken|Speed Boost|boost\n|-boost|p2b: Blaziken|spe|1\n|upkeep\n|turn|4\n|\n|t:|1788403304\n|switch|p2a: Tsareena|Tsareena, L50, F|90/100\n|detailschange|p2b: Blaziken|Blaziken-Mega, L50, M\n|-mega|p2b: Blaziken|Blaziken|Blazikenite\n|move|p2b: Blaziken|Close Combat|p1b: Kingambit\n|-supereffective|p1b: Kingambit|2\n|-damage|p1b: Kingambit|0 fnt\n|-unboost|p2b: Blaziken|def|1\n|-unboost|p2b: Blaziken|spd|1\n|faint|p1b: Kingambit\n|move|p1a: Staraptor|Tailwind|p1a: Staraptor\n|-sidestart|p1: jomivgc|move: Tailwind\n|\n|-ability|p2b: Blaziken|Speed Boost|boost\n|-boost|p2b: Blaziken|spe|1\n|upkeep\n|\n|t:|1788403318\n|switch|p1b: Raichu|Raichu-Mega-Y, L50, M|47/100\n|turn|5\n|\n|t:|1788403336\n|move|p2b: Blaziken|Protect|p2b: Blaziken\n|-singleturn|p2b: Blaziken|Protect\n|move|p2a: Tsareena|Protect|p2a: Tsareena\n|-singleturn|p2a: Tsareena|Protect\n|move|p1b: Raichu|Zap Cannon|p2b: Blaziken\n|-activate|p2b: Blaziken|move: Protect\n|move|p1a: Staraptor|Brave Bird|p2a: Tsareena\n|-activate|p2a: Tsareena|move: Protect\n|\n|-ability|p2b: Blaziken|Speed Boost|boost\n|-boost|p2b: Blaziken|spe|1\n|upkeep\n|turn|6\n|inactive|cjflex8 has 30 seconds left.\n|inactive|cjflex8 has 20 seconds left.\n|inactive|cjflex8 has 15 seconds left.\n|inactive|cjflex8 has 10 seconds left.\n|inactive|cjflex8 has 5 seconds left.\n|\n|t:|1788403390\n|move|p1b: Raichu|Protect|p1b: Raichu\n|-singleturn|p1b: Raichu|Protect\n|move|p2b: Blaziken|Close Combat|p1b: Raichu\n|-activate|p1b: Raichu|move: Protect\n|move|p1a: Staraptor|Brave Bird|p2b: Blaziken\n|-supereffective|p2b: Blaziken|1\n|-damage|p2b: Blaziken|0 fnt\n|faint|p2b: Blaziken\n|-damage|p1a: Staraptor|70/100|[from] Recoil\n|move|p2a: Tsareena|Icy Wind|p1b: Raichu|[spread] p1a\n|-activate|p1b: Raichu|move: Protect\n|-supereffective|p1a: Staraptor|1\n|-crit|p1a: Staraptor\n|-damage|p1a: Staraptor|0 fnt\n|faint|p1a: Staraptor\n|-damage|p2a: Tsareena|80/100|[from] item: Life Orb\n|\n|upkeep\n|\n|t:|1788403401\n|switch|p1a: Arcanine|Arcanine-Hisui, L50, M, shiny|100/100\n|switch|p2b: Tsareena|Tsareena, L50, F|100/100\n|turn|7\n|inactive|cjflex8 has 30 seconds left.\n|inactive|cjflex8 has 20 seconds left.\n|inactive|cjflex8 has 15 seconds left.\n|inactive|cjflex8 has 10 seconds left.\n|\n|t:|1788403450\n|move|p2a: Tsareena|Protect|p2a: Tsareena\n|-singleturn|p2a: Tsareena|Protect\n|move|p2b: Tsareena|Protect|p2b: Tsareena\n|-singleturn|p2b: Tsareena|Protect\n|move|p1b: Raichu|Zap Cannon|p2a: Tsareena\n|-activate|p2a: Tsareena|move: Protect\n|move|p1a: Arcanine|Flare Blitz|p2b: Tsareena\n|-activate|p2b: Tsareena|move: Protect\n|\n|-sideend|p1: jomivgc|move: Tailwind\n|upkeep\n|turn|8\n|\n|t:|1788403463\n|move|p1b: Raichu|Zap Cannon|p2a: Tsareena\n|-damage|p2a: Tsareena|0 fnt\n|replace|p2a: Zoroark|Zoroark-Hisui, L50, M\n|-end|p2a: Zoroark|Illusion\n|faint|p2a: Zoroark\n|move|p1a: Arcanine|Flare Blitz|p2b: Tsareena\n|-supereffective|p2b: Tsareena|1\n|-damage|p2b: Tsareena|0 fnt\n|faint|p2b: Tsareena\n|\n|win|jomivgc\n","uploadtime":1788403464,"views":"1","formatid":"gen9championsvgc2026regmbbo3","rating":null,"private":0,"password":null}