{"id":"gen9championsvgc2026regmb-2674265913","format":"[Gen 9 Champions] VGC 2026 Reg M-B","players":["Buegehrnrvv","Thornlace48812"],"log":"|j|☆Buegehrnrvv\n|j|☆Thornlace48812\n|t:|1788326931\n|gametype|doubles\n|player|p1|Buegehrnrvv|169|1046\n|player|p2|Thornlace48812|1|1118\n|gen|9\n|tier|[Gen 9 Champions] VGC 2026 Reg M-B\n|rated|\n|rule|Species Clause: Limit one of each Pokémon\n|rule|Item Clause: Limit 1 of each item\n|clearpoke\n|poke|p1|Spiritomb, L50, F|\n|poke|p1|Roserade, L50, F|\n|poke|p1|Milotic, L50, F|\n|poke|p1|Garchomp, L50, F|\n|poke|p1|Palafin, L50, F|\n|poke|p1|Dragonite, L50, F|\n|poke|p2|Garchomp, L50, F|\n|poke|p2|Charizard, L50, M|\n|poke|p2|Whimsicott, L50, F|\n|poke|p2|Sylveon, L50, F|\n|poke|p2|Kingambit, L50, M|\n|poke|p2|Basculegion, L50, M|\n|teampreview|4\n|inactive|Battle timer is ON: inactive players will automatically lose when time's up. (requested by Thornlace48812)\nThornlace48812 rejected open team sheets.\n|\n|t:|1788326938\n|teamsize|p1|4\n|teamsize|p2|4\n|start\n|switch|p1a: Spiritomb|Spiritomb, L50, F|100/100\n|switch|p1b: Milotic|Milotic, L50, F|100/100\n|switch|p2a: Charizard|Charizard, L50, M|100/100\n|switch|p2b: Garchomp|Garchomp, L50, F|100/100\n|turn|1\n|\n|t:|1788326951\n|detailschange|p2a: Charizard|Charizard-Mega-Y, L50, M\n|-mega|p2a: Charizard|Charizard|Charizardite Y\n|-weather|SunnyDay|[from] ability: Drought|[of] p2a: Charizard\n|move|p2b: Garchomp|Earthquake|p1b: Milotic|[spread] p1a,p1b\n|-immune|p2a: Charizard\n|-damage|p1a: Spiritomb|42/100\n|-damage|p1b: Milotic|48/100\n|-enditem|p1a: Spiritomb|Sitrus Berry|[eat]\n|-heal|p1a: Spiritomb|66/100|[from] item: Sitrus Berry\n|-damage|p2b: Garchomp|90/100|[from] item: Life Orb\n|move|p2a: Charizard|Heat Wave|p1a: Spiritomb|[spread] p1a,p1b\n|-resisted|p1b: Milotic|1\n|-damage|p1a: Spiritomb|0 fnt\n|-damage|p1b: Milotic|24/100\n|faint|p1a: Spiritomb\n|move|p1b: Milotic|Ice Beam|p2b: Garchomp\n|-supereffective|p2b: Garchomp|2\n|-damage|p2b: Garchomp|0 fnt\n|faint|p2b: Garchomp\n|\n|-weather|SunnyDay|[upkeep]\n|-heal|p1b: Milotic|30/100|[from] item: Leftovers\n|upkeep\n|\n|t:|1788326968\n|switch|p2b: Sylveon|Sylveon, L50, F|100/100\n|switch|p1a: Garchomp|Garchomp, L50, F|100/100\n|turn|2\n|\n|t:|1788326975\n|detailschange|p1a: Garchomp|Garchomp-Mega, L50, F\n|-mega|p1a: Garchomp|Garchomp|Garchompite\n|move|p1a: Garchomp|Iron Head|p2b: Sylveon\n|-supereffective|p2b: Sylveon|1\n|-damage|p2b: Sylveon|11/100\n|move|p2a: Charizard|Heat Wave|p1a: Garchomp|[spread] p1a,p1b\n|-resisted|p1a: Garchomp|1\n|-crit|p1a: Garchomp\n|-resisted|p1b: Milotic|1\n|-damage|p1a: Garchomp|48/100\n|-damage|p1b: Milotic|8/100\n|move|p1b: Milotic|Recover|p1b: Milotic\n|-heal|p1b: Milotic|58/100\n|cant|p2b: Sylveon|flinch\n|\n|-weather|SunnyDay|[upkeep]\n|-heal|p1b: Milotic|64/100|[from] item: Leftovers\n|upkeep\n|turn|3\n|inactive|Buegehrnrvv has 30 seconds left.\n|\n|t:|1788327003\n|move|p1a: Garchomp|Iron Head|p2b: Sylveon\n|-supereffective|p2b: Sylveon|1\n|-damage|p2b: Sylveon|0 fnt\n|faint|p2b: Sylveon\n|move|p2a: Charizard|Heat Wave|p1b: Milotic|[spread] p1a,p1b\n|-resisted|p1a: Garchomp|1\n|-resisted|p1b: Milotic|1\n|-damage|p1a: Garchomp|12/100\n|-damage|p1b: Milotic|41/100\n|move|p1b: Milotic|Recover|p1b: Milotic\n|-heal|p1b: Milotic|91/100\n|\n|-weather|SunnyDay|[upkeep]\n|-heal|p1b: Milotic|97/100|[from] item: Leftovers\n|upkeep\n|\n|t:|1788327003\n|switch|p2b: Basculegion|Basculegion, L50, M|100/100\n|turn|4\n|\n|t:|1788327019\n|move|p1a: Garchomp|Dragon Claw|p2b: Basculegion\n|-damage|p2b: Basculegion|36/100\n|move|p2a: Charizard|Heat Wave|p1a: Garchomp|[spread] p1a,p1b\n|-resisted|p1a: Garchomp|1\n|-resisted|p1b: Milotic|1\n|-damage|p1a: Garchomp|0 fnt\n|-damage|p1b: Milotic|74/100\n|faint|p1a: Garchomp\n|move|p2b: Basculegion|Last Respects|p1b: Milotic\n|-damage|p1b: Milotic|0 fnt\n|faint|p1b: Milotic\n|\n|-weather|SunnyDay|[upkeep]\n|upkeep\n|\n|t:|1788327029\n|switch|p1b: Roserade|Roserade, L50, F|100/100\n|turn|5\n|\n|t:|1788327037\n|move|p1b: Roserade|Sleep Powder|p2a: Charizard\n|-status|p2a: Charizard|slp|[from] move: Sleep Powder\n|cant|p2a: Charizard|slp\n|move|p2b: Basculegion|Last Respects|p1b: Roserade\n|-enditem|p1b: Roserade|Focus Sash\n|-damage|p1b: Roserade|1/100\n|\n|-weather|none\n|upkeep\n|turn|6\n|\n|t:|1788327044\n|move|p1b: Roserade|Energy Ball|p2b: Basculegion\n|-supereffective|p2b: Basculegion|1\n|-damage|p2b: Basculegion|0 fnt\n|faint|p2b: Basculegion\n|-curestatus|p2a: Charizard|slp|[msg]\n|move|p2a: Charizard|Ancient Power|p1b: Roserade\n|-damage|p1b: Roserade|0 fnt\n|faint|p1b: Roserade\n|\n|win|Thornlace48812\n|raw|Buegehrnrvv's rating: 1046 &rarr; <strong>1033</strong><br />(-13 for losing)\n|raw|Thornlace48812's rating: 1135 &rarr; <strong>1154</strong><br />(+19 for winning)\n","uploadtime":1788327044,"views":"1","formatid":"gen9championsvgc2026regmb","rating":1033,"private":0,"password":null}