{"id":"gen9championsvgc2026regmbbo3-2674473482","format":"[Gen 9 Champions] VGC 2026 Reg M-B (Bo3)","players":["platinumflare","madamax"],"log":"|j|☆platinumflare\n|j|☆madamax\n|html|<table width=\"100%\"><tr><td align=\"left\">platinumflare</td><td align=\"right\">madamax</tr><tr><td align=\"left\"><i class=\"fa fa-circle\"></i> <i class=\"fa fa-circle-o\"></i> </td><td align=\"right\"><i class=\"fa fa-circle-o\"></i> <i class=\"fa fa-circle-o\"></i> </tr></table>\n|uhtml|bestof|<h2><strong>Game 2</strong> of <a href=\"/game-bestof3-gen9championsvgc2026regmbbo3-2674471635\">a best-of-3</a></h2>\n|t:|1788363959\n|gametype|doubles\n|player|p1|platinumflare|lance|1324\n|player|p2|madamax|169|1268\n|gen|9\n|tier|[Gen 9 Champions] VGC 2026 Reg M-B (Bo3)\n|rated|\n|rule|Species Clause: Limit one of each Pokémon\n|rule|Item Clause: Limit 1 of each item\n|clearpoke\n|poke|p1|Blaziken, L50, M|\n|poke|p1|Meowscarada, L50, M|\n|poke|p1|Kingambit, L50, M|\n|poke|p1|Whimsicott, L50, F|\n|poke|p1|Floette-Eternal, L50, F|\n|poke|p1|Farigiraf, L50, M|\n|poke|p2|Scovillain, L50, M|\n|poke|p2|Basculegion, L50, M|\n|poke|p2|Kingambit, L50, F|\n|poke|p2|Sneasler, L50, F|\n|poke|p2|Lycanroc-Dusk, L50, F|\n|poke|p2|Froslass, L50, F|\n|teampreview|4\n|showteam|p1|Blaziken||Blazikenite|SpeedBoost|FlareBlitz,CloseCombat,RockSlide,Protect|Adamant||M|||50|]Meowscarada||ChoiceScarf|Protean|FlowerTrick,TripleAxel,KnockOff,Uturn|Adamant||M|||50|]Kingambit||LifeOrb|Defiant|KowtowCleave,LowKick,SuckerPunch,Protect|Adamant||M|||50|]Whimsicott||FocusSash|Prankster|Moonblast,Tailwind,Encore,Protect|Modest||F|||50|]Floette-Eternal||Floettite|FlowerVeil|DazzlingGleam,Moonblast,LightofRuin,Protect|Modest||F|||50|]Farigiraf||SitrusBerry|ArmorTail|TrickRoom,Imprison,Psychic,HyperVoice|Modest||M|||50|\n|showteam|p2|Scovillain||Scovillainite|Moody|GigaDrain,Overheat,RagePowder,Protect|Bold||M|||50|]Basculegion||LifeOrb|Adaptability|WaveCrash,LastRespects,AquaJet,Protect|Adamant||M|||50|]Kingambit||BlackGlasses|Defiant|KowtowCleave,SuckerPunch,SwordsDance,Protect|Adamant||F|||50|]Sneasler||WhiteHerb|Unburden|CloseCombat,DireClaw,Protect,FakeOut|Adamant||F|||50|]Lycanroc-Dusk||FocusSash|ToughClaws|CloseCombat,Accelerock,RockSlide,Protect|Adamant||F|||50|]Froslass||Froslassite|CursedBody|Blizzard,ShadowBall,AuroraVeil,Protect|Timid||F|||50|\n|inactive|Battle timer is ON: inactive players will automatically lose when time's up. (requested by platinumflare)\n|\n|t:|1788363983\n|teamsize|p1|4\n|teamsize|p2|4\n|start\n|switch|p1a: Blaziken|Blaziken, L50, M|100/100\n|switch|p1b: Meowscarada|Meowscarada, L50, M|100/100\n|switch|p2a: Cisco|Sneasler, L50, F|100/100\n|switch|p2b: Koala|Froslass, L50, F|100/100\n|turn|1\n|inactive|madamax has 30 seconds left.\n|\n|t:|1788364014\n|detailschange|p2b: Koala|Froslass-Mega, L50, F\n|-mega|p2b: Koala|Froslass|Froslassite\n|-weather|Snowscape|[from] ability: Snow Warning|[of] p2b: Koala\n|detailschange|p1a: Blaziken|Blaziken-Mega, L50, M\n|-mega|p1a: Blaziken|Blaziken|Blazikenite\n|move|p2a: Cisco|Fake Out|p1b: Meowscarada\n|-damage|p1b: Meowscarada|78/100\n|cant|p1b: Meowscarada|flinch\n|move|p2b: Koala|Aurora Veil|p2b: Koala\n|-sidestart|p2: madamax|move: Aurora Veil\n|move|p1a: Blaziken|Rock Slide|p2b: Koala|[spread] p2a\n|-miss|p1a: Blaziken|p2b: Koala\n|-resisted|p2a: Cisco|1\n|-damage|p2a: Cisco|88/100\n|\n|-weather|Snowscape|[upkeep]\n|-ability|p1a: Blaziken|Speed Boost|boost\n|-boost|p1a: Blaziken|spe|1\n|upkeep\n|turn|2\n|inactive|madamax has 30 seconds left.\n|\n|t:|1788364046\n|move|p2b: Koala|Protect|p2b: Koala\n|-singleturn|p2b: Koala|Protect\n|move|p1b: Meowscarada|Triple Axel|p2a: Cisco\n|-start|p1b: Meowscarada|typechange|Ice|[from] ability: Protean\n|-damage|p2a: Cisco|78/100\n|-damage|p2a: Cisco|60/100\n|-damage|p2a: Cisco|31/100\n|-hitcount|p2a: Cisco|3\n|move|p1a: Blaziken|Rock Slide|p2b: Koala|[spread] p2a\n|-activate|p2b: Koala|move: Protect\n|-resisted|p2a: Cisco|1\n|-damage|p2a: Cisco|19/100\n|move|p2a: Cisco|Close Combat|p1b: Meowscarada\n|-supereffective|p1b: Meowscarada|1\n|-damage|p1b: Meowscarada|0 fnt\n|-unboost|p2a: Cisco|def|1\n|-unboost|p2a: Cisco|spd|1\n|faint|p1b: Meowscarada\n|-enditem|p2a: Cisco|White Herb\n|-clearnegativeboost|p2a: Cisco|[silent]\n|\n|-weather|Snowscape|[upkeep]\n|-ability|p1a: Blaziken|Speed Boost|boost\n|-boost|p1a: Blaziken|spe|1\n|upkeep\n|inactive|platinumflare has 30 seconds left.\n|\n|t:|1788364076\n|switch|p1b: Kingambit|Kingambit, L50, M|100/100\n|turn|3\n|inactive|madamax has 30 seconds left.\n|inactive|madamax has 20 seconds left.\n|\n|t:|1788364116\n|move|p1a: Blaziken|Protect|p1a: Blaziken\n|-singleturn|p1a: Blaziken|Protect\n|move|p1b: Kingambit|Protect|p1b: Kingambit\n|-singleturn|p1b: Kingambit|Protect\n|move|p2a: Cisco|Close Combat|p1b: Kingambit\n|-activate|p1b: Kingambit|move: Protect\n|move|p2b: Koala|Shadow Ball|p1a: Blaziken\n|-activate|p1a: Blaziken|move: Protect\n|\n|-weather|Snowscape|[upkeep]\n|-ability|p1a: Blaziken|Speed Boost|boost\n|-boost|p1a: Blaziken|spe|1\n|upkeep\n|turn|4\n|\n|t:|1788364133\n|move|p2b: Koala|Protect|p2b: Koala\n|-singleturn|p2b: Koala|Protect\n|move|p1b: Kingambit|Sucker Punch||[still]\n|-fail|p1b: Kingambit\n|move|p1a: Blaziken|Close Combat|p2a: Cisco\n|-resisted|p2a: Cisco|1\n|-damage|p2a: Cisco|0 fnt\n|-unboost|p1a: Blaziken|def|1\n|-unboost|p1a: Blaziken|spd|1\n|faint|p2a: Cisco\n|\n|-weather|Snowscape|[upkeep]\n|-ability|p1a: Blaziken|Speed Boost|boost\n|-boost|p1a: Blaziken|spe|1\n|upkeep\n|\n|t:|1788364139\n|switch|p2a: SlycedBread|Basculegion, L50, M|100/100\n|turn|5\n|\n|t:|1788364157\n|switch|p1a: Farigiraf|Farigiraf, L50, M|100/100\n|move|p2a: SlycedBread|Aqua Jet||[still]\n|cant|p1a: Farigiraf|ability: Armor Tail|Aqua Jet|[of] p2a: SlycedBread\n|move|p1b: Kingambit|Sucker Punch||[still]\n|-fail|p1b: Kingambit\n|move|p2b: Koala|Blizzard|p1b: Kingambit|[spread] p1a,p1b\n|-resisted|p1b: Kingambit|1\n|-damage|p1a: Farigiraf|60/100\n|-damage|p1b: Kingambit|78/100\n|-status|p1a: Farigiraf|frz\n|\n|-weather|none\n|-sideend|p2: madamax|move: Aurora Veil\n|upkeep\n|turn|6\n|\n|t:|1788364179\n|switch|p2b: Kids|Kingambit, L50, F|100/100\n|move|p2a: SlycedBread|Aqua Jet||[still]\n|cant|p1a: Farigiraf|ability: Armor Tail|Aqua Jet|[of] p2a: SlycedBread\n|move|p1b: Kingambit|Sucker Punch||[still]\n|-fail|p1b: Kingambit\n|cant|p1a: Farigiraf|frz\n|\n|upkeep\n|turn|7\n|\n|t:|1788364199\n|switch|p2a: Koala|Froslass-Mega, L50, F|100/100\n|-weather|Snowscape|[from] ability: Snow Warning|[of] p2a: Koala\n|move|p1b: Kingambit|Kowtow Cleave|p2a: Koala\n|-supereffective|p2a: Koala|1\n|-damage|p2a: Koala|0 fnt\n|faint|p2a: Koala\n|-damage|p1b: Kingambit|68/100|[from] item: Life Orb\n|-curestatus|p1a: Farigiraf|frz|[msg]\n|move|p1a: Farigiraf|Hyper Voice|p2b: Kids\n|-resisted|p2b: Kids|1\n|-damage|p2b: Kids|76/100\n|move|p2b: Kids|Kowtow Cleave|p1a: Farigiraf\n|-supereffective|p1a: Farigiraf|1\n|-damage|p1a: Farigiraf|0 fnt\n|faint|p1a: Farigiraf\n|\n|-weather|Snowscape|[upkeep]\n|upkeep\n|\n|t:|1788364211\n|switch|p2a: SlycedBread|Basculegion, L50, M|100/100\n|switch|p1a: Blaziken|Blaziken-Mega, L50, M|100/100\n|turn|8\n|\n|t:|1788364228\n|move|p1a: Blaziken|Protect|p1a: Blaziken\n|-singleturn|p1a: Blaziken|Protect\n|move|p2a: SlycedBread|Protect|p2a: SlycedBread\n|-singleturn|p2a: SlycedBread|Protect\n|move|p2b: Kids|Protect|p2b: Kids\n|-singleturn|p2b: Kids|Protect\n|move|p1b: Kingambit|Low Kick|p2b: Kids\n|-activate|p2b: Kids|move: Protect\n|\n|-weather|Snowscape|[upkeep]\n|-ability|p1a: Blaziken|Speed Boost|boost\n|-boost|p1a: Blaziken|spe|1\n|upkeep\n|turn|9\n|\n|t:|1788364246\n|move|p2a: SlycedBread|Aqua Jet|p1a: Blaziken\n|-supereffective|p1a: Blaziken|1\n|-damage|p1a: Blaziken|7/100\n|-damage|p2a: SlycedBread|90/100|[from] item: Life Orb\n|move|p2b: Kids|Sucker Punch|p1a: Blaziken\n|-resisted|p1a: Blaziken|1\n|-damage|p1a: Blaziken|0 fnt\n|faint|p1a: Blaziken\n|move|p1b: Kingambit|Kowtow Cleave|p2a: SlycedBread\n|-supereffective|p2a: SlycedBread|1\n|-damage|p2a: SlycedBread|0 fnt\n|faint|p2a: SlycedBread\n|-damage|p1b: Kingambit|59/100|[from] item: Life Orb\n|\n|-weather|Snowscape|[upkeep]\n|upkeep\n|turn|10\n|\n|t:|1788364259\n|move|p1b: Kingambit|Low Kick|p2b: Kids\n|-supereffective|p2b: Kids|2\n|-damage|p2b: Kids|0 fnt\n|faint|p2b: Kids\n|-damage|p1b: Kingambit|49/100|[from] item: Life Orb\n|\n|win|platinumflare\n|raw|platinumflare's rating: 1324 &rarr; <strong>1341</strong><br />(+17 for winning)\n|raw|madamax's rating: 1268 &rarr; <strong>1247</strong><br />(-21 for losing)\n|l|☆madamax\n|player|p2|\n|c|☆platinumflare|Gg\n","uploadtime":1788364298,"views":"1","formatid":"gen9championsvgc2026regmbbo3","rating":1247,"private":0,"password":null}