{"id":"gen9championsvgc2026regmb-2674613909","format":"[Gen 9 Champions] VGC 2026 Reg M-B","players":["redvelvet11","LightEternity"],"log":"|j|☆redvelvet11\n|j|☆LightEternity\n|t:|1788380420\n|gametype|doubles\n|player|p1|redvelvet11|2|1396\n|player|p2|LightEternity|colress|1496\n|gen|9\n|tier|[Gen 9 Champions] VGC 2026 Reg M-B\n|rated|\n|rule|Species Clause: Limit one of each Pokémon\n|rule|Item Clause: Limit 1 of each item\n|clearpoke\n|poke|p1|Garchomp, L50, F|\n|poke|p1|Charizard, L50, F|\n|poke|p1|Aerodactyl, L50, M|\n|poke|p1|Kingambit, L50, F|\n|poke|p1|Farigiraf, L50, F|\n|poke|p1|Sylveon, L50, M|\n|poke|p2|Whimsicott, L50, M|\n|poke|p2|Basculegion, L50, M|\n|poke|p2|Kingambit, L50, M|\n|poke|p2|Floette-Eternal, L50, F|\n|poke|p2|Garchomp, L50, M|\n|poke|p2|Charizard, L50, M|\n|teampreview|4\n|inactive|Battle timer is ON: inactive players will automatically lose when time's up. (requested by LightEternity)\n|\n|t:|1788380442\n|teamsize|p1|4\n|teamsize|p2|4\n|start\n|switch|p1a: Aerodactyl|Aerodactyl, L50, M|100/100\n|switch|p1b: Kingambit|Kingambit, L50, F|100/100\n|switch|p2a: Whimsicott|Whimsicott, L50, M|100/100\n|switch|p2b: Basculegion|Basculegion, L50, M|100/100\n|-ability|p1a: Aerodactyl|Unnerve\n|turn|1\n|inactive|LightEternity has 30 seconds left.\n|inactive|LightEternity has 20 seconds left.\n|inactive|LightEternity has 15 seconds left.\n|inactive|LightEternity has 10 seconds left.\n|\n|t:|1788380488\n|detailschange|p1a: Aerodactyl|Aerodactyl-Mega, L50, M\n|-mega|p1a: Aerodactyl|Aerodactyl|Aerodactylite\n|move|p2a: Whimsicott|Tailwind|p2a: Whimsicott\n|-sidestart|p2: LightEternity|move: Tailwind\n|move|p2b: Basculegion|Wave Crash|p1b: Kingambit\n|-damage|p1b: Kingambit|15/100\n|-damage|p2b: Basculegion|72/100|[from] Recoil\n|move|p1a: Aerodactyl|Tailwind|p1a: Aerodactyl\n|-sidestart|p1: redvelvet11|move: Tailwind\n|move|p1b: Kingambit|Iron Head|p2a: Whimsicott\n|-supereffective|p2a: Whimsicott|1\n|-enditem|p2a: Whimsicott|Focus Sash\n|-damage|p2a: Whimsicott|1/100\n|\n|upkeep\n|turn|2\n|\n|t:|1788380506\n|switch|p1a: Farigiraf|Farigiraf, L50, F|100/100\n|move|p2a: Whimsicott|Encore||[still]\n|cant|p1a: Farigiraf|ability: Armor Tail|Encore|[of] p2a: Whimsicott\n|move|p2b: Basculegion|Aqua Jet||[still]\n|cant|p1a: Farigiraf|ability: Armor Tail|Aqua Jet|[of] p2b: Basculegion\n|move|p1b: Kingambit|Kowtow Cleave|p2b: Basculegion\n|-supereffective|p2b: Basculegion|1\n|-damage|p2b: Basculegion|0 fnt\n|faint|p2b: Basculegion\n|\n|upkeep\n|\n|t:|1788380512\n|switch|p2b: Charizard|Charizard, L50, M|100/100\n|turn|3\n|\n|t:|1788380530\n|switch|p2b: Garchomp|Garchomp, L50, M|100/100\n|switch|p1b: Sylveon|Sylveon, L50, M|100/100\n|move|p2a: Whimsicott|Moonblast|p1b: Sylveon\n|-crit|p1b: Sylveon\n|-damage|p1b: Sylveon|55/100\n|move|p1a: Farigiraf|Thunderbolt|p2a: Whimsicott\n|-resisted|p2a: Whimsicott|1\n|-damage|p2a: Whimsicott|0 fnt\n|faint|p2a: Whimsicott\n|\n|upkeep\n|\n|t:|1788380537\n|switch|p2a: Charizard|Charizard, L50, M|100/100\n|turn|4\n|\n|t:|1788380554\n|detailschange|p2a: Charizard|Charizard-Mega-Y, L50, M\n|-mega|p2a: Charizard|Charizard|Charizardite Y\n|-weather|SunnyDay|[from] ability: Drought|[of] p2a: Charizard\n|move|p1b: Sylveon|Detect|p1b: Sylveon\n|-singleturn|p1b: Sylveon|Protect\n|move|p2b: Garchomp|Dragon Claw|p1a: Farigiraf\n|-damage|p1a: Farigiraf|56/100\n|-damage|p2b: Garchomp|90/100|[from] item: Life Orb\n|move|p2a: Charizard|Heat Wave|p1a: Farigiraf|[spread] p1a\n|-activate|p1b: Sylveon|move: Protect\n|-crit|p1a: Farigiraf\n|-damage|p1a: Farigiraf|0 fnt\n|faint|p1a: Farigiraf\n|\n|-weather|SunnyDay|[upkeep]\n|-sideend|p1: redvelvet11|move: Tailwind\n|-sideend|p2: LightEternity|move: Tailwind\n|upkeep\n|\n|t:|1788380568\n|switch|p1a: Aerodactyl|Aerodactyl-Mega, L50, M|100/100\n|turn|5\n|\n|t:|1788380576\n|move|p2b: Garchomp|Protect|p2b: Garchomp\n|-singleturn|p2b: Garchomp|Protect\n|move|p1a: Aerodactyl|Tailwind|p1a: Aerodactyl\n|-sidestart|p1: redvelvet11|move: Tailwind\n|move|p1b: Sylveon|Hyper Voice|p2a: Charizard|[spread] p2a\n|-activate|p2b: Garchomp|move: Protect\n|-resisted|p2a: Charizard|1\n|-damage|p2a: Charizard|75/100\n|move|p2a: Charizard|Ancient Power|p1a: Aerodactyl\n|-supereffective|p1a: Aerodactyl|1\n|-damage|p1a: Aerodactyl|38/100\n|\n|-weather|SunnyDay|[upkeep]\n|upkeep\n|turn|6\n|\n|t:|1788380595\n|move|p2a: Charizard|Protect|p2a: Charizard\n|-singleturn|p2a: Charizard|Protect\n|move|p1a: Aerodactyl|Rock Slide|p2b: Garchomp|[spread] p2b\n|-activate|p2a: Charizard|move: Protect\n|-resisted|p2b: Garchomp|1\n|-damage|p2b: Garchomp|75/100\n|move|p1b: Sylveon|Hyper Voice|p2a: Charizard|[spread] p2b\n|-activate|p2a: Charizard|move: Protect\n|-supereffective|p2b: Garchomp|1\n|-damage|p2b: Garchomp|0 fnt\n|faint|p2b: Garchomp\n|\n|-weather|SunnyDay|[upkeep]\n|upkeep\n|turn|7\n|-message|LightEternity forfeited.\n|\n|win|redvelvet11\n|raw|redvelvet11's rating: 1396 &rarr; <strong>1422</strong><br />(+26 for winning)\n|raw|LightEternity's rating: 1496 &rarr; <strong>1470</strong><br />(-26 for losing)\n|l|☆LightEternity\n|player|p2|\n","uploadtime":1788380625,"views":"7","formatid":"gen9championsvgc2026regmb","rating":1422,"private":0,"password":null}