{"id":"gen9championsvgc2026regmb-2673924061","format":"[Gen 9 Champions] VGC 2026 Reg M-B","players":["datrash","practor 007"],"log":"|j|☆datrash\n|j|☆practor 007\n|html|<table width=\"100%\"><tr><td align=\"left\">datrash</td><td align=\"right\">practor 007</tr><tr><td align=\"left\"><i class=\"fa fa-circle-o\"></i> <i class=\"fa fa-circle-o\"></i> </td><td align=\"right\"><i class=\"fa fa-circle-o\"></i> <i class=\"fa fa-circle\"></i> </tr></table>\n|uhtml|bestof|<h2><strong>Game 2</strong> of <a href=\"/game-bestof3-gen9championsvgc2026regmb-2673921475\">a best-of-3</a></h2>\n|t:|1788277690\n|gametype|doubles\n|player|p1|datrash|nate|\n|player|p2|practor 007|piers-masters|\n|gen|9\n|tier|[Gen 9 Champions] VGC 2026 Reg M-B\n|rule|Species Clause: Limit one of each Pokémon\n|rule|Item Clause: Limit 1 of each item\n|raw|<div class=\"infobox\"><details class=\"readmore\" open><summary><strong>1 custom rule:</strong></summary> Best of = 3</details></div>\n|clearpoke\n|poke|p1|Swampert, L50, M, shiny|\n|poke|p1|Pelipper, L50, M, shiny|\n|poke|p1|Archaludon, L50, F, shiny|\n|poke|p1|Metagross, L50, shiny|\n|poke|p1|Sableye, L50, F, shiny|\n|poke|p1|Basculegion, L50, M, shiny|\n|poke|p2|Conkeldurr, L50, M|\n|poke|p2|Hatterene, L50, F|\n|poke|p2|Ampharos, L50, F, shiny|\n|poke|p2|Incineroar, L50, M|\n|poke|p2|Torkoal, L50, M|\n|poke|p2|Skarmory, L50, M|\n|teampreview|4\n|inactive|Battle timer is ON: inactive players will automatically lose when time's up. (requested by practor 007)\n|\n|t:|1788277712\n|teamsize|p1|4\n|teamsize|p2|4\n|start\n|switch|p1a: Sableye|Sableye, L50, F, shiny|100/100\n|switch|p1b: Swampert|Swampert, L50, M, shiny|100/100\n|switch|p2a: Skarmory|Skarmory, L50, M|100/100\n|switch|p2b: Hatterene|Hatterene, L50, F|100/100\n|turn|1\n|inactive|datrash has 30 seconds left.\n|\n|t:|1788277744\n|detailschange|p1b: Swampert|Swampert-Mega, L50, M, shiny\n|-mega|p1b: Swampert|Swampert|Swampertite\n|move|p1a: Sableye|Fake Out|p2b: Hatterene\n|-damage|p2b: Hatterene|92/100\n|move|p1b: Swampert|Wave Crash|p2a: Skarmory\n|-damage|p2a: Skarmory|36/100\n|-damage|p1b: Swampert|79/100|[from] Recoil\n|move|p2a: Skarmory|Rock Slide|p1b: Swampert|[spread] p1a,p1b\n|-resisted|p1b: Swampert|1\n|-damage|p1a: Sableye|78/100\n|-damage|p1b: Swampert|72/100\n|cant|p2b: Hatterene|flinch\n|\n|upkeep\n|turn|2\n|\n|t:|1788277765\n|detailschange|p2a: Skarmory|Skarmory-Mega, L50, M\n|-mega|p2a: Skarmory|Skarmory|Skarmorite\n|move|p1a: Sableye|Rain Dance|p1a: Sableye\n|-weather|RainDance\n|move|p1b: Swampert|Wave Crash|p2b: Hatterene\n|-damage|p2b: Hatterene|0 fnt\n|faint|p2b: Hatterene\n|-damage|p1b: Swampert|44/100|[from] Recoil\n|move|p2a: Skarmory|Brave Bird|p1b: Swampert\n|-damage|p1b: Swampert|0 fnt\n|faint|p1b: Swampert\n|-damage|p2a: Skarmory|21/100|[from] Recoil\n|\n|-weather|RainDance|[upkeep]\n|upkeep\n|\n|t:|1788277777\n|switch|p1b: Archaludon|Archaludon, L50, F, shiny|100/100\n|switch|p2b: Torkoal|Torkoal, L50, M|100/100\n|-weather|SunnyDay|[from] ability: Drought|[of] p2b: Torkoal\n|turn|3\n|\n|t:|1788277794\n|move|p1a: Sableye|Rain Dance|p1a: Sableye\n|-weather|RainDance\n|move|p2a: Skarmory|Iron Head|p1b: Archaludon\n|-resisted|p1b: Archaludon|1\n|-damage|p1b: Archaludon|83/100\n|-ability|p1b: Archaludon|Stamina|boost\n|-boost|p1b: Archaludon|def|1\n|cant|p1b: Archaludon|flinch\n|move|p2b: Torkoal|Eruption|p1a: Sableye|[spread] p1a,p1b\n|-crit|p1b: Archaludon\n|-damage|p1a: Sableye|47/100\n|-damage|p1b: Archaludon|40/100\n|-ability|p1b: Archaludon|Stamina|boost\n|-boost|p1b: Archaludon|def|1\n|\n|-weather|RainDance|[upkeep]\n|-heal|p1b: Archaludon|46/100|[from] item: Leftovers\n|upkeep\n|turn|4\n|inactive|datrash has 30 seconds left.\n|inactive|datrash has 20 seconds left.\n|inactive|datrash has 15 seconds left.\n|inactive|datrash has 10 seconds left.\n|inactive|datrash has 5 seconds left.\n|\n|t:|1788277845\n|move|p2a: Skarmory|Iron Head|p1b: Archaludon\n|-resisted|p1b: Archaludon|1\n|-damage|p1b: Archaludon|37/100\n|-ability|p1b: Archaludon|Stamina|boost\n|-boost|p1b: Archaludon|def|1\n|move|p1b: Archaludon|Electro Shot||[still]\n|-prepare|p1b: Archaludon|Electro Shot\n|-boost|p1b: Archaludon|spa|1\n|-anim|p1b: Archaludon|Electro Shot|p2b: Torkoal\n|-damage|p2b: Torkoal|18/100\n|move|p1a: Sableye|Knock Off|p2b: Torkoal\n|-crit|p2b: Torkoal\n|-damage|p2b: Torkoal|0 fnt\n|-enditem|p2b: Torkoal|Charcoal|[from] move: Knock Off|[of] p1a: Sableye\n|faint|p2b: Torkoal\n|\n|-weather|RainDance|[upkeep]\n|-heal|p1b: Archaludon|43/100|[from] item: Leftovers\n|upkeep\n|\n|t:|1788277848\n|switch|p2b: Conkeldurr|Conkeldurr, L50, M|100/100\n|turn|5\n|inactive|datrash has 30 seconds left.\n|\n|t:|1788277874\n|move|p2a: Skarmory|Iron Head|p1b: Archaludon\n|-resisted|p1b: Archaludon|1\n|-damage|p1b: Archaludon|37/100\n|-ability|p1b: Archaludon|Stamina|boost\n|-boost|p1b: Archaludon|def|1\n|move|p1b: Archaludon|Electro Shot||[still]\n|-prepare|p1b: Archaludon|Electro Shot\n|-boost|p1b: Archaludon|spa|1\n|-anim|p1b: Archaludon|Electro Shot|p2b: Conkeldurr\n|-damage|p2b: Conkeldurr|0 fnt\n|faint|p2b: Conkeldurr\n|move|p1a: Sableye|Knock Off|p2a: Skarmory\n|-damage|p2a: Skarmory|5/100\n|\n|-weather|RainDance|[upkeep]\n|-heal|p1b: Archaludon|43/100|[from] item: Leftovers\n|upkeep\n|turn|6\n|c|☆practor 007|Gg\n|\n|t:|1788277892\n|move|p2a: Skarmory|Brave Bird|p1b: Archaludon\n|-resisted|p1b: Archaludon|1\n|-damage|p1b: Archaludon|34/100\n|-ability|p1b: Archaludon|Stamina|boost\n|-boost|p1b: Archaludon|def|1\n|-damage|p2a: Skarmory|1/100|[from] Recoil\n|move|p1b: Archaludon|Electro Shot||[still]\n|-prepare|p1b: Archaludon|Electro Shot\n|-boost|p1b: Archaludon|spa|1\n|-anim|p1b: Archaludon|Electro Shot|p2a: Skarmory\n|-supereffective|p2a: Skarmory|1\n|-damage|p2a: Skarmory|0 fnt\n|faint|p2a: Skarmory\n|\n|win|datrash\n|c|☆datrash|gg\n|inactive|datrash has 30 seconds to confirm battle start!\n|inactive|practor 007 has 30 seconds to confirm battle start!\n||practor 007 is ready for game 3.\n|inactive|datrash has 20 seconds to confirm battle start!\n||datrash is ready for game 3.\n|uhtml|next|Next: <a href=\"/battle-gen9championsvgc2026regmb-2673925932\"><strong>Game 3 of 3</strong></a>\n","uploadtime":1788277901,"views":"26","formatid":"gen9championsvgc2026regmb","rating":null,"private":0,"password":null}