{"id":"gen9championsvgc2026regmb-2674520296","format":"[Gen 9 Champions] VGC 2026 Reg M-B","players":["hades z-arc","testdigi"],"log":"|j|☆hades z-arc\n|j|☆testdigi\n|t:|1788369456\n|gametype|doubles\n|player|p1|hades z-arc|steven|1333\n|player|p2|testdigi|169|1329\n|gen|9\n|tier|[Gen 9 Champions] VGC 2026 Reg M-B\n|rated|\n|rule|Species Clause: Limit one of each Pokémon\n|rule|Item Clause: Limit 1 of each item\n|clearpoke\n|poke|p1|Charizard, L50, M, shiny|\n|poke|p1|Sneasler, L50, F|\n|poke|p1|Pelipper, L50, F|\n|poke|p1|Basculegion, L50, M|\n|poke|p1|Garchomp, L50, M|\n|poke|p1|Swampert, L50, M|\n|poke|p2|Staraptor, L50, F, shiny|\n|poke|p2|Kingambit, L50, F, shiny|\n|poke|p2|Sylveon, L50, F, shiny|\n|poke|p2|Raichu, L50, F|\n|poke|p2|Farigiraf, L50, F, shiny|\n|poke|p2|Basculegion, L50, M|\n|teampreview|4\n|inactive|Battle timer is ON: inactive players will automatically lose when time's up. (requested by hades z-arc)\n|inactive|testdigi has 60 seconds left.\n|\n|t:|1788369520\n|teamsize|p1|4\n|teamsize|p2|4\n|start\n|switch|p1a: Pelipper|Pelipper, L50, F|100/100\n|switch|p1b: Swampert|Swampert, L50, M|100/100\n|switch|p2a: Basculegion|Basculegion, L50, M|100/100\n|switch|p2b: Flower Man|Staraptor, L50, F, shiny|100/100\n|-ability|p2b: Flower Man|Intimidate|boost\n|-unboost|p1a: Pelipper|atk|1\n|-unboost|p1b: Swampert|atk|1\n|-weather|RainDance|[from] ability: Drizzle|[of] p1a: Pelipper\n|turn|1\n|inactive|testdigi has 30 seconds left.\n|\n|t:|1788369547\n|switch|p1b: Basculegion|Basculegion, L50, M|100/100\n|detailschange|p2b: Flower Man|Staraptor-Mega, L50, F, shiny\n|-mega|p2b: Flower Man|Staraptor|Staraptite\n|move|p2a: Basculegion|Wave Crash|p1b: Basculegion\n|-resisted|p1b: Basculegion|1\n|-damage|p1b: Basculegion|30/100\n|-damage|p2a: Basculegion|76/100|[from] Recoil\n|move|p2b: Flower Man|Tailwind|p2b: Flower Man\n|-sidestart|p2: testdigi|move: Tailwind\n|move|p1a: Pelipper|Tailwind|p1a: Pelipper\n|-sidestart|p1: hades z-arc|move: Tailwind\n|\n|-weather|RainDance|[upkeep]\n|upkeep\n|turn|2\n|inactive|testdigi has 30 seconds left.\n|\n|t:|1788369582\n|move|p2b: Flower Man|Protect|p2b: Flower Man\n|-singleturn|p2b: Flower Man|Protect\n|move|p1b: Basculegion|Flip Turn|p2a: Basculegion\n|-resisted|p2a: Basculegion|1\n|-damage|p2a: Basculegion|44/100\n|\n|t:|1788369587\n|switch|p1b: Sneasler|Sneasler, L50, F|100/100|[from] Flip Turn\n|move|p2a: Basculegion|Wave Crash|p1b: Sneasler\n|-enditem|p1b: Sneasler|Focus Sash\n|-damage|p1b: Sneasler|1/100\n|-damage|p2a: Basculegion|17/100|[from] Recoil\n|move|p1a: Pelipper|Weather Ball|p2b: Flower Man\n|-activate|p2b: Flower Man|move: Protect\n|\n|-weather|RainDance|[upkeep]\n|upkeep\n|turn|3\n|\n|t:|1788369611\n|switch|p2b: Fridge|Farigiraf, L50, F, shiny|100/100\n|move|p1b: Sneasler|Rock Slide|p2b: Fridge|[spread] p2a,p2b\n|-damage|p2a: Basculegion|0 fnt\n|-damage|p2b: Fridge|83/100\n|faint|p2a: Basculegion\n|move|p1a: Pelipper|Hurricane|p2b: Fridge\n|-damage|p2b: Fridge|47/100\n|-start|p2b: Fridge|confusion\n|-enditem|p2b: Fridge|Sitrus Berry|[eat]\n|-heal|p2b: Fridge|72/100|[from] item: Sitrus Berry\n|\n|-weather|RainDance|[upkeep]\n|upkeep\n|\n|t:|1788369627\n|switch|p2a: Flower Man|Staraptor-Mega, L50, F, shiny|100/100\n|turn|4\n|\n|t:|1788369643\n|move|p1b: Sneasler|Rock Slide|p2a: Flower Man|[spread] p2a,p2b\n|-damage|p2a: Flower Man|82/100\n|-damage|p2b: Fridge|57/100\n|move|p2a: Flower Man|Close Combat|p1a: Pelipper\n|-resisted|p1a: Pelipper|1\n|-damage|p1a: Pelipper|78/100\n|-boost|p2a: Flower Man|def|1\n|-boost|p2a: Flower Man|spd|1\n|move|p1a: Pelipper|Hurricane|p2a: Flower Man\n|-supereffective|p2a: Flower Man|1\n|-damage|p2a: Flower Man|27/100\n|-activate|p2b: Fridge|confusion\n|move|p2b: Fridge|Trick Room|p2b: Fridge\n|-fieldstart|move: Trick Room|[of] p2b: Fridge\n|\n|-weather|RainDance|[upkeep]\n|-sideend|p2: testdigi|move: Tailwind\n|-sideend|p1: hades z-arc|move: Tailwind\n|upkeep\n|turn|5\n|\n|t:|1788369663\n|move|p1b: Sneasler|Protect|p1b: Sneasler\n|-singleturn|p1b: Sneasler|Protect\n|-activate|p2b: Fridge|confusion\n|move|p2b: Fridge|Psychic|p1a: Pelipper\n|-damage|p1a: Pelipper|31/100\n|-enditem|p1a: Pelipper|Sitrus Berry|[eat]\n|-heal|p1a: Pelipper|56/100|[from] item: Sitrus Berry\n|move|p1a: Pelipper|Hurricane|p2a: Flower Man\n|-supereffective|p2a: Flower Man|1\n|-damage|p2a: Flower Man|0 fnt\n|faint|p2a: Flower Man\n|\n|-weather|none\n|upkeep\n|\n|t:|1788369668\n|switch|p2a: WrathofKhan|Kingambit, L50, F, shiny|100/100\n|turn|6\n|inactive|hades z-arc has 30 seconds left.\n|\n|t:|1788369701\n|switch|p1a: Basculegion|Basculegion, L50, M|30/100\n|switch|p1b: Swampert|Swampert, L50, M|100/100\n|move|p2a: WrathofKhan|Kowtow Cleave|p1a: Basculegion\n|-supereffective|p1a: Basculegion|1\n|-damage|p1a: Basculegion|0 fnt\n|faint|p1a: Basculegion\n|-activate|p2b: Fridge|confusion\n|move|p2b: Fridge|Psychic|p1b: Swampert\n|-damage|p1b: Swampert|63/100\n|\n|upkeep\n|\n|t:|1788369711\n|switch|p1a: Pelipper|Pelipper, L50, F|56/100\n|-weather|RainDance|[from] ability: Drizzle|[of] p1a: Pelipper\n|turn|7\n|\n|t:|1788369734\n|detailschange|p1b: Swampert|Swampert-Mega, L50, M\n|-mega|p1b: Swampert|Swampert|Swampertite\n|move|p2a: WrathofKhan|Kowtow Cleave|p1a: Pelipper\n|-damage|p1a: Pelipper|16/100\n|-activate|p2b: Fridge|confusion\n|-damage|p2b: Fridge|51/100|[from] confusion\n|move|p1a: Pelipper|Weather Ball|p2a: WrathofKhan\n|-damage|p2a: WrathofKhan|48/100\n|move|p1b: Swampert|Earthquake|p2b: Fridge|[spread] p2a,p2b\n|-immune|p1a: Pelipper\n|-supereffective|p2a: WrathofKhan|1\n|-damage|p2a: WrathofKhan|0 fnt\n|-damage|p2b: Fridge|16/100\n|faint|p2a: WrathofKhan\n|\n|-weather|RainDance|[upkeep]\n|upkeep\n|turn|8\n|-message|testdigi forfeited.\n|\n|win|hades z-arc\n","uploadtime":1788369458,"views":"0","formatid":"gen9championsvgc2026regmb","rating":null,"private":0,"password":null}