{"id":"gen9championsvgc2026regmbbo3-2673337127","format":"[Gen 9 Champions] VGC 2026 Reg M-B (Bo3)","players":["bigbn1fan","vilan333"],"log":"|j|☆bigbn1fan\n|j|☆vilan333\n|html|<table width=\"100%\"><tr><td align=\"left\">bigbn1fan</td><td align=\"right\">vilan333</tr><tr><td align=\"left\"><i class=\"fa fa-circle-o\"></i> <i class=\"fa fa-circle-o\"></i> </td><td align=\"right\"><i class=\"fa fa-circle-o\"></i> <i class=\"fa fa-circle-o\"></i> </tr></table>\n|uhtml|bestof|<h2><strong>Game 1</strong> of <a href=\"/game-bestof3-gen9championsvgc2026regmbbo3-2673337126\">a best-of-3</a></h2>\n|t:|1788185225\n|gametype|doubles\n|player|p1|bigbn1fan|170|1119\n|player|p2|vilan333|marshal|1238\n|gen|9\n|tier|[Gen 9 Champions] VGC 2026 Reg M-B (Bo3)\n|rated|\n|rule|Species Clause: Limit one of each Pokémon\n|rule|Item Clause: Limit 1 of each item\n|clearpoke\n|poke|p1|Blaziken, L50, F|\n|poke|p1|Staraptor, L50, M|\n|poke|p1|Sinistcha, L50|\n|poke|p1|Gholdengo, L50|\n|poke|p1|Tyranitar, L50, F|\n|poke|p1|Torkoal, L50, M|\n|poke|p2|Raichu, L50, F|\n|poke|p2|Staraptor, L50, M, shiny|\n|poke|p2|Arcanine-Hisui, L50, M|\n|poke|p2|Kingambit, L50, M, shiny|\n|poke|p2|Sylveon, L50, M|\n|poke|p2|Farigiraf, L50, F|\n|teampreview|4\n|showteam|p1|Blaziken||Blazikenite|SpeedBoost|HighJumpKick,FlareBlitz,BraveBird,Protect|Adamant||F|||50|]Staraptor||Staraptite|Intimidate|BraveBird,CloseCombat,Roost,Protect|Jolly||M|||50|]Sinistcha||SitrusBerry|Hospitality|MatchaGotcha,LifeDew,RagePowder,Protect|Modest|||||50|]Gholdengo||LifeOrb|GoodasGold|MakeItRain,ShadowBall,NastyPlot,Protect|Modest|||||50|]Tyranitar||Tyranitarite|SandStream|KnockOff,Protect,RockSlide,DragonDance|Adamant||F|||50|]Torkoal||Leftovers|Drought|WillOWisp,WeatherBall,Protect,Yawn|Calm||M|||50|\n|showteam|p2|Raichu||RaichuniteY|LightningRod|Protect,FakeOut,ZapCannon,FocusBlast|Timid||F|||50|]Staraptor||Staraptite|Intimidate|Protect,CloseCombat,BraveBird,Tailwind|Jolly||M|||50|]Arcanine-Hisui||FocusSash|RockHead|Protect,HeadSmash,FlareBlitz,ExtremeSpeed|Jolly||M|||50|]Kingambit||ChopleBerry|Defiant|Protect,KowtowCleave,SuckerPunch,SwordsDance|Adamant||M|||50|]Sylveon||FairyFeather|Pixilate|Detect,HyperBeam,HyperVoice,QuickAttack|Modest||M|||50|]Farigiraf||SitrusBerry|ArmorTail|Protect,Psyshock,HelpingHand,TrickRoom|Calm||F|||50|\n|\n|t:|1788185270\n|teamsize|p1|4\n|teamsize|p2|4\n|start\n|switch|p1a: Blaziken|Blaziken, L50, F|100/100\n|switch|p1b: Tyranitar|Tyranitar, L50, F|100/100\n|switch|p2a: Raichu|Raichu, L50, F|100/100\n|switch|p2b: Arcanine|Arcanine-Hisui, L50, M|100/100\n|-weather|Sandstorm|[from] ability: Sand Stream|[of] p1b: Tyranitar\n|turn|1\n|\n|t:|1788185314\n|move|p1a: Blaziken|Protect|p1a: Blaziken\n|-singleturn|p1a: Blaziken|Protect\n|move|p1b: Tyranitar|Protect|p1b: Tyranitar\n|-singleturn|p1b: Tyranitar|Protect\n|move|p2a: Raichu|Fake Out|p1b: Tyranitar\n|-activate|p1b: Tyranitar|move: Protect\n|move|p2b: Arcanine|Head Smash|p1a: Blaziken\n|-activate|p1a: Blaziken|move: Protect\n|\n|-weather|Sandstorm|[upkeep]\n|-damage|p2a: Raichu|93/100|[from] Sandstorm\n|-damage|p1a: Blaziken|94/100|[from] Sandstorm\n|-ability|p1a: Blaziken|Speed Boost|boost\n|-boost|p1a: Blaziken|spe|1\n|upkeep\n|turn|2\n|\n|t:|1788185359\n|switch|p2b: Sylveon|Sylveon, L50, M|100/100\n|detailschange|p2a: Raichu|Raichu-Mega-Y, L50, F\n|-mega|p2a: Raichu|Raichu|Raichunite Y\n|move|p2a: Raichu|Zap Cannon|p1a: Blaziken\n|-damage|p1a: Blaziken|10/100\n|-status|p1a: Blaziken|par\n|move|p1a: Blaziken|High Jump Kick|p2b: Sylveon\n|-resisted|p2b: Sylveon|1\n|-damage|p2b: Sylveon|67/100\n|move|p1b: Tyranitar|Rock Slide|p2b: Sylveon|[spread] p2a,p2b\n|-damage|p2a: Raichu|42/100\n|-damage|p2b: Sylveon|31/100\n|\n|-weather|Sandstorm|[upkeep]\n|-damage|p2a: Raichu|36/100|[from] Sandstorm\n|-damage|p2b: Sylveon|25/100|[from] Sandstorm\n|-damage|p1a: Blaziken|4/100 par|[from] Sandstorm\n|-ability|p1a: Blaziken|Speed Boost|boost\n|-boost|p1a: Blaziken|spe|1\n|upkeep\n|turn|3\n|inactive|Battle timer is ON: inactive players will automatically lose when time's up. (requested by vilan333)\n|inactive|bigbn1fan has 60 seconds left.\n|\n|t:|1788185391\n|move|p1b: Tyranitar|Protect|p1b: Tyranitar\n|-singleturn|p1b: Tyranitar|Protect\n|move|p2a: Raichu|Zap Cannon|p1b: Tyranitar\n|-activate|p1b: Tyranitar|move: Protect\n|move|p1a: Blaziken|High Jump Kick|p2a: Raichu\n|-damage|p2a: Raichu|0 fnt\n|faint|p2a: Raichu\n|move|p2b: Sylveon|Hyper Voice|p1a: Blaziken|[spread] p1a\n|-activate|p1b: Tyranitar|move: Protect\n|-damage|p1a: Blaziken|0 fnt\n|faint|p1a: Blaziken\n|\n|-weather|Sandstorm|[upkeep]\n|-damage|p2b: Sylveon|19/100|[from] Sandstorm\n|upkeep\n|\n|t:|1788185412\n|switch|p2a: Kingambit|Kingambit, L50, M, shiny|100/100\n|switch|p1a: Staraptor|Staraptor, L50, M|100/100\n|-ability|p1a: Staraptor|Intimidate|boost\n|-unboost|p2a: Kingambit|atk|1\n|-ability|p2a: Kingambit|Defiant|boost\n|-boost|p2a: Kingambit|atk|2\n|-unboost|p2b: Sylveon|atk|1\n|turn|4\n|inactive|bigbn1fan has 30 seconds left.\n|\n|t:|1788185438\n|move|p1a: Staraptor|Close Combat|p2a: Kingambit\n|-supereffective|p2a: Kingambit|2\n|-enditem|p2a: Kingambit|Chople Berry|[eat]\n|-enditem|p2a: Kingambit|Chople Berry|[weaken]\n|-damage|p2a: Kingambit|40/100\n|-unboost|p1a: Staraptor|def|1\n|-unboost|p1a: Staraptor|spd|1\n|move|p2b: Sylveon|Hyper Voice|p1a: Staraptor|[spread] p1a,p1b\n|-supereffective|p1b: Tyranitar|1\n|-damage|p1a: Staraptor|0 fnt\n|-damage|p1b: Tyranitar|47/100\n|faint|p1a: Staraptor\n|move|p1b: Tyranitar|Dragon Dance|p1b: Tyranitar\n|-boost|p1b: Tyranitar|atk|1\n|-boost|p1b: Tyranitar|spe|1\n|move|p2a: Kingambit|Swords Dance|p2a: Kingambit\n|-boost|p2a: Kingambit|atk|2\n|\n|-weather|Sandstorm|[upkeep]\n|-damage|p2b: Sylveon|13/100|[from] Sandstorm\n|upkeep\n|\n|t:|1788185454\n|switch|p1a: Sinistcha|Sinistcha, L50|100/100\n|-heal|p1b: Tyranitar|72/100|[from] ability: Hospitality|[of] p1a: Sinistcha\n|turn|5\n|inactive|bigbn1fan has 30 seconds left.\n|inactive|bigbn1fan has 20 seconds left.\n|\n|t:|1788185491\n|move|p1a: Sinistcha|Rage Powder|p1a: Sinistcha\n|-singleturn|p1a: Sinistcha|move: Rage Powder\n|move|p1b: Tyranitar|Knock Off|p2a: Kingambit\n|-resisted|p2a: Kingambit|1\n|-damage|p2a: Kingambit|18/100\n|move|p2b: Sylveon|Hyper Voice|p1a: Sinistcha|[spread] p1a,p1b\n|-supereffective|p1b: Tyranitar|1\n|-damage|p1a: Sinistcha|39/100\n|-damage|p1b: Tyranitar|17/100\n|-enditem|p1a: Sinistcha|Sitrus Berry|[eat]\n|-heal|p1a: Sinistcha|64/100|[from] item: Sitrus Berry\n|move|p2a: Kingambit|Kowtow Cleave|p1a: Sinistcha\n|-supereffective|p1a: Sinistcha|1\n|-damage|p1a: Sinistcha|0 fnt\n|faint|p1a: Sinistcha\n|\n|-weather|none\n|upkeep\n|turn|6\n|inactive|bigbn1fan has 30 seconds left.\n|-message|bigbn1fan forfeited.\n|\n|win|vilan333\n|l|☆bigbn1fan\n|player|p1|\n","uploadtime":1788185520,"views":"8","formatid":"gen9championsvgc2026regmbbo3","rating":null,"private":0,"password":null}