{"id":"gen9championsvgc2026regmb-2674356832","format":"[Gen 9 Champions] VGC 2026 Reg M-B","players":["Vidalero","shin_nalasopara"],"log":"|j|☆Vidalero\n|j|☆shin_nalasopara\n|t:|1788348017\n|gametype|doubles\n|player|p1|Vidalero|265|1167\n|player|p2|shin_nalasopara|blue|1083\n|gen|9\n|tier|[Gen 9 Champions] VGC 2026 Reg M-B\n|rated|\n|rule|Species Clause: Limit one of each Pokémon\n|rule|Item Clause: Limit 1 of each item\n|clearpoke\n|poke|p1|Meganium, L50, F, shiny|\n|poke|p1|Garchomp, L50, F|\n|poke|p1|Aerodactyl, L50, M|\n|poke|p1|Basculegion, L50, M|\n|poke|p1|Farigiraf, L50, M|\n|poke|p1|Incineroar, L50, M|\n|poke|p2|Pelipper, L50, M|\n|poke|p2|Archaludon, L50, F|\n|poke|p2|Slowking-Galar, L50, M|\n|poke|p2|Swampert, L50, F|\n|poke|p2|Houndstone, L50, M|\n|poke|p2|Corviknight, L50, M|\n|teampreview|4\n|inactive|Battle timer is ON: inactive players will automatically lose when time's up. (requested by shin_nalasopara)\n|inactive|Vidalero has 60 seconds left.\n|inactive|Vidalero has 30 seconds left.\n|inactive|Vidalero has 20 seconds left.\n|inactive|Vidalero has 15 seconds left.\n|inactive|Vidalero has 10 seconds left.\n|\n|t:|1788348102\n|teamsize|p1|4\n|teamsize|p2|4\n|start\n|switch|p1a: Garchomp|Garchomp, L50, F|100/100\n|switch|p1b: Basculegion|Basculegion, L50, M|100/100\n|switch|p2a: Archaludon|Archaludon, L50, F|100/100\n|switch|p2b: Slowking|Slowking-Galar, L50, M|100/100\n|turn|1\n|inactive|Vidalero has 30 seconds left.\n|inactive|Vidalero has 20 seconds left.\n|inactive|Vidalero has 15 seconds left.\n|inactive|Vidalero has 10 seconds left.\n|\n|t:|1788348148\n|move|p1a: Garchomp|Stomping Tantrum|p2b: Slowking\n|-supereffective|p2b: Slowking|1\n|-damage|p2b: Slowking|11/100\n|move|p1b: Basculegion|Last Respects|p2b: Slowking\n|-supereffective|p2b: Slowking|1\n|-damage|p2b: Slowking|0 fnt\n|faint|p2b: Slowking\n|-damage|p1b: Basculegion|90/100|[from] item: Life Orb\n|move|p2a: Archaludon|Dragon Pulse|p1a: Garchomp\n|-supereffective|p1a: Garchomp|1\n|-crit|p1a: Garchomp\n|-damage|p1a: Garchomp|0 fnt\n|faint|p1a: Garchomp\n|-damage|p2a: Archaludon|90/100|[from] item: Life Orb\n|\n|upkeep\n|\n|t:|1788348162\n|switch|p1a: Meganium|Meganium, L50, F, shiny|100/100\n|switch|p2b: Swampert|Swampert, L50, F|100/100\n|turn|2\n|inactive|Vidalero has 30 seconds left.\n|inactive|Vidalero has 20 seconds left.\n|inactive|Vidalero has 15 seconds left.\n|inactive|Vidalero has 10 seconds left.\n|\n|t:|1788348207\n|switch|p2b: Houndstone|Houndstone, L50, M|100/100\n|detailschange|p1a: Meganium|Meganium-Mega, L50, F, shiny\n|-mega|p1a: Meganium|Meganium|Meganiumite\n|move|p1b: Basculegion|Protect|p1b: Basculegion\n|-singleturn|p1b: Basculegion|Protect\n|move|p1a: Meganium|Weather Ball|p2a: Archaludon\n|-damage|p2a: Archaludon|23/100\n|-ability|p2a: Archaludon|Stamina|boost\n|-boost|p2a: Archaludon|def|1\n|move|p2a: Archaludon|Flash Cannon|p1a: Meganium\n|-supereffective|p1a: Meganium|1\n|-damage|p1a: Meganium|6/100\n|-damage|p2a: Archaludon|14/100|[from] item: Life Orb\n|\n|upkeep\n|turn|3\n|inactive|shin_nalasopara has 30 seconds left.\n|\n|t:|1788348242\n|move|p2b: Houndstone|Shadow Sneak|p1a: Meganium\n|-damage|p1a: Meganium|0 fnt\n|faint|p1a: Meganium\n|move|p1b: Basculegion|Last Respects|p2b: Houndstone\n|-supereffective|p2b: Houndstone|1\n|-damage|p2b: Houndstone|0 fnt\n|faint|p2b: Houndstone\n|-damage|p1b: Basculegion|80/100|[from] item: Life Orb\n|move|p2a: Archaludon|Electro Shot||[still]\n|-prepare|p2a: Archaludon|Electro Shot\n|-boost|p2a: Archaludon|spa|1\n|\n|upkeep\n|\n|t:|1788348253\n|switch|p2b: Swampert|Swampert, L50, F|100/100\n|switch|p1a: Aerodactyl|Aerodactyl, L50, M|100/100\n|-ability|p1a: Aerodactyl|Unnerve\n|turn|4\n|inactive|Vidalero has 30 seconds left.\n|inactive|Vidalero has 20 seconds left.\n|\n|t:|1788348289\n|detailschange|p2b: Swampert|Swampert-Mega, L50, F\n|-mega|p2b: Swampert|Swampert|Swampertite\n|move|p1a: Aerodactyl|Rock Slide|p2b: Swampert|[spread] p2a,p2b\n|-resisted|p2a: Archaludon|1\n|-resisted|p2b: Swampert|1\n|-damage|p2a: Archaludon|7/100\n|-damage|p2b: Swampert|90/100\n|-ability|p2a: Archaludon|Stamina|boost\n|-boost|p2a: Archaludon|def|1\n|move|p1b: Basculegion|Wave Crash|p2b: Swampert\n|-damage|p2b: Swampert|4/100\n|-damage|p1b: Basculegion|55/100|[from] Recoil\n|-damage|p1b: Basculegion|45/100|[from] item: Life Orb\n|move|p2b: Swampert|Ice Punch|p1a: Aerodactyl\n|-supereffective|p1a: Aerodactyl|1\n|-enditem|p1a: Aerodactyl|Focus Sash\n|-damage|p1a: Aerodactyl|1/100\n|cant|p2a: Archaludon|flinch\n|\n|upkeep\n|turn|5\n|inactive|Vidalero has 30 seconds left.\n|inactive|shin_nalasopara has 30 seconds left.\n|\n|t:|1788348318\n|move|p1b: Basculegion|Aqua Jet|p2a: Archaludon\n|-resisted|p2a: Archaludon|1\n|-damage|p2a: Archaludon|0 fnt\n|faint|p2a: Archaludon\n|-damage|p1b: Basculegion|36/100|[from] item: Life Orb\n|move|p1a: Aerodactyl|Rock Slide|p2b: Swampert\n|-resisted|p2b: Swampert|1\n|-damage|p2b: Swampert|0 fnt\n|faint|p2b: Swampert\n|\n|win|Vidalero\n|raw|Vidalero's rating: 1167 &rarr; <strong>1186</strong><br />(+19 for winning)\n|raw|shin_nalasopara's rating: 1083 &rarr; <strong>1066</strong><br />(-17 for losing)\n|l|☆shin_nalasopara\n|player|p2|\n","uploadtime":1788348331,"views":"1","formatid":"gen9championsvgc2026regmb","rating":1066,"private":0,"password":null}