{"id":"gen9championsvgc2026regmbbo3-2675031778","format":"[Gen 9 Champions] VGC 2026 Reg M-B (Bo3)","players":["kleimor","jokkebrok"],"log":"|j|☆kleimor\n|j|☆jokkebrok\n|html|<table width=\"100%\"><tr><td align=\"left\">kleimor</td><td align=\"right\">jokkebrok</tr><tr><td align=\"left\"><i class=\"fa fa-circle-o\"></i> <i class=\"fa fa-circle-o\"></i> </td><td align=\"right\"><i class=\"fa fa-circle-o\"></i> <i class=\"fa fa-circle\"></i> </tr></table>\n|uhtml|bestof|<h2><strong>Game 2</strong> of <a href=\"/game-bestof3-gen9championsvgc2026regmbbo3-2675030169\">a best-of-3</a></h2>\n|t:|1788450862\n|gametype|doubles\n|player|p1|kleimor|waitress|1212\n|player|p2|jokkebrok|guzma|1241\n|gen|9\n|tier|[Gen 9 Champions] VGC 2026 Reg M-B (Bo3)\n|rated|\n|rule|Species Clause: Limit one of each Pokémon\n|rule|Item Clause: Limit 1 of each item\n|clearpoke\n|poke|p1|Froslass, L50, F|\n|poke|p1|Garchomp, L50, F|\n|poke|p1|Kingambit, L50, F|\n|poke|p1|Sinistcha, L50|\n|poke|p1|Staraptor, L50, M, shiny|\n|poke|p1|Whimsicott, L50, M|\n|poke|p2|Garchomp, L50, M|\n|poke|p2|Dragonite, L50, M|\n|poke|p2|Sneasler, L50, M|\n|poke|p2|Basculegion, L50, M|\n|poke|p2|Kingambit, L50, M|\n|poke|p2|Froslass, L50, F|\n|teampreview|4\n|showteam|p1|Froslass||Froslassite|SnowCloak|Blizzard,ShadowBall,IcyWind,Protect|Timid||F|||50|]Garchomp||ChoiceScarf|RoughSkin|RockSlide,StompingTantrum,PoisonJab,DragonClaw|Adamant||F|||50|]Kingambit||ChopleBerry|Defiant|KowtowCleave,SuckerPunch,IronHead,Protect|Adamant||F|||50|]Sinistcha||ColburBerry|Hospitality|TrickRoom,MatchaGotcha,RagePowder,Protect|Bold|||||50|]Staraptor||Staraptite|Intimidate|CloseCombat,BraveBird,Protect,Roost|Jolly||M|||50|]Whimsicott||FocusSash|Prankster|Charm,Tailwind,Protect,Moonblast|Timid||M|||50|\n|showteam|p2|Garchomp||LifeOrb|RoughSkin|DragonClaw,Earthquake,RockSlide,Protect|Jolly||M|||50|]Dragonite||Dragoninite|Multiscale|DracoMeteor,Flamethrower,Thunderbolt,Protect|Modest||M|||50|]Sneasler||FocusSash|PoisonTouch|FakeOut,PoisonJab,CloseCombat,Protect|Jolly||M|||50|]Basculegion||ChoiceScarf|Adaptability|AquaJet,FlipTurn,WaveCrash,LastRespects|Adamant||M|||50|]Kingambit||ChopleBerry|Defiant|SuckerPunch,KowtowCleave,IronHead,Protect|Adamant||M|||50|]Froslass||Froslassite|SnowCloak|AuroraVeil,Blizzard,ShadowBall,Protect|Timid||F|||50|\n|inactive|Battle timer is ON: inactive players will automatically lose when time's up. (requested by kleimor)\n|\n|t:|1788450889\n|teamsize|p1|4\n|teamsize|p2|4\n|start\n|switch|p1a: Staraptor|Staraptor, L50, M, shiny|100/100\n|switch|p1b: Whimsicott|Whimsicott, L50, M|100/100\n|switch|p2a: the Queen|Froslass, L50, F|100/100\n|switch|p2b: Scratchy|Sneasler, L50, M|100/100\n|-ability|p1a: Staraptor|Intimidate|boost\n|-unboost|p2a: the Queen|atk|1\n|-unboost|p2b: Scratchy|atk|1\n|turn|1\n|\n|t:|1788450908\n|detailschange|p2a: the Queen|Froslass-Mega, L50, F\n|-mega|p2a: the Queen|Froslass|Froslassite\n|-weather|Snowscape|[from] ability: Snow Warning|[of] p2a: the Queen\n|move|p1b: Whimsicott|Protect|p1b: Whimsicott\n|-singleturn|p1b: Whimsicott|Protect\n|move|p1a: Staraptor|Protect|p1a: Staraptor\n|-singleturn|p1a: Staraptor|Protect\n|move|p2b: Scratchy|Fake Out|p1b: Whimsicott\n|-activate|p1b: Whimsicott|move: Protect\n|move|p2a: the Queen|Blizzard|p1a: Staraptor|[spread] \n|-activate|p1a: Staraptor|move: Protect\n|-activate|p1b: Whimsicott|move: Protect\n|\n|-weather|Snowscape|[upkeep]\n|upkeep\n|turn|2\n|inactive|kleimor has 30 seconds left.\n|inactive|kleimor has 20 seconds left.\n|\n|t:|1788450943\n|switch|p2b: the LEGEND|Basculegion, L50, M|100/100\n|detailschange|p1a: Staraptor|Staraptor-Mega, L50, M, shiny\n|-mega|p1a: Staraptor|Staraptor|Staraptite\n|move|p1b: Whimsicott|Tailwind|p1b: Whimsicott\n|-sidestart|p1: kleimor|move: Tailwind\n|move|p1a: Staraptor|Brave Bird|p2a: the Queen\n|-damage|p2a: the Queen|36/100\n|-damage|p1a: Staraptor|83/100|[from] Recoil\n|move|p2a: the Queen|Blizzard|p1a: Staraptor|[spread] p1a,p1b\n|-supereffective|p1a: Staraptor|1\n|-supereffective|p1b: Whimsicott|1\n|-damage|p1a: Staraptor|0 fnt\n|-enditem|p1b: Whimsicott|Focus Sash\n|-damage|p1b: Whimsicott|1/100\n|faint|p1a: Staraptor\n|\n|-weather|Snowscape|[upkeep]\n|upkeep\n|\n|t:|1788450956\n|switch|p1a: Kingambit|Kingambit, L50, F|100/100\n|turn|3\n|\n|t:|1788450970\n|switch|p2a: Haaiensnaaier|Garchomp, L50, M|100/100\n|move|p1b: Whimsicott|Protect|p1b: Whimsicott\n|-singleturn|p1b: Whimsicott|Protect\n|move|p2b: the LEGEND|Aqua Jet|p1b: Whimsicott\n|-activate|p1b: Whimsicott|move: Protect\n|move|p1a: Kingambit|Kowtow Cleave|p2b: the LEGEND\n|-supereffective|p2b: the LEGEND|1\n|-damage|p2b: the LEGEND|0 fnt\n|faint|p2b: the LEGEND\n|\n|-weather|Snowscape|[upkeep]\n|upkeep\n|\n|t:|1788450983\n|switch|p2b: Scratchy|Sneasler, L50, M|100/100\n|turn|4\n|inactive|jokkebrok has 30 seconds left.\n|\n|t:|1788451017\n|switch|p1b: Garchomp|Garchomp, L50, F|100/100\n|move|p1a: Kingambit|Protect|p1a: Kingambit\n|-singleturn|p1a: Kingambit|Protect\n|move|p2b: Scratchy|Close Combat|p1a: Kingambit\n|-activate|p1a: Kingambit|move: Protect\n|move|p2a: Haaiensnaaier|Rock Slide|p1a: Kingambit|[spread] p1b\n|-activate|p1a: Kingambit|move: Protect\n|-resisted|p1b: Garchomp|1\n|-damage|p1b: Garchomp|86/100\n|-damage|p2a: Haaiensnaaier|90/100|[from] item: Life Orb\n|\n|-weather|Snowscape|[upkeep]\n|upkeep\n|turn|5\n|inactive|jokkebrok has 30 seconds left.\n|\n|t:|1788451043\n|move|p2a: Haaiensnaaier|Protect|p2a: Haaiensnaaier\n|-singleturn|p2a: Haaiensnaaier|Protect\n|move|p1a: Kingambit|Sucker Punch|p2b: Scratchy\n|-resisted|p2b: Scratchy|1\n|-damage|p2b: Scratchy|67/100\n|move|p1b: Garchomp|Dragon Claw|p2a: Haaiensnaaier\n|-activate|p2a: Haaiensnaaier|move: Protect\n|move|p2b: Scratchy|Close Combat|p1a: Kingambit\n|-supereffective|p1a: Kingambit|2\n|-enditem|p1a: Kingambit|Chople Berry|[eat]\n|-enditem|p1a: Kingambit|Chople Berry|[weaken]\n|-damage|p1a: Kingambit|6/100\n|-unboost|p2b: Scratchy|def|1\n|-unboost|p2b: Scratchy|spd|1\n|\n|-weather|none\n|-sideend|p1: kleimor|move: Tailwind\n|upkeep\n|turn|6\n|inactive|kleimor has 30 seconds left.\n|\n|t:|1788451069\n|move|p1a: Kingambit|Protect|p1a: Kingambit\n|-singleturn|p1a: Kingambit|Protect\n|move|p1b: Garchomp|Dragon Claw|p2a: Haaiensnaaier\n|-supereffective|p2a: Haaiensnaaier|1\n|-damage|p2a: Haaiensnaaier|1/100\n|-damage|p1b: Garchomp|74/100|[from] ability: Rough Skin|[of] p2a: Haaiensnaaier\n|move|p2b: Scratchy|Close Combat|p1a: Kingambit\n|-activate|p1a: Kingambit|move: Protect\n|move|p2a: Haaiensnaaier|Earthquake|p1a: Kingambit|[spread] p2b,p1b\n|-activate|p1a: Kingambit|move: Protect\n|-supereffective|p2b: Scratchy|1\n|-damage|p2b: Scratchy|0 fnt\n|-damage|p1b: Garchomp|26/100\n|faint|p2b: Scratchy\n|-damage|p2a: Haaiensnaaier|0 fnt|[from] item: Life Orb\n|faint|p2a: Haaiensnaaier\n|\n|upkeep\n|\n|t:|1788451086\n|switch|p2b: the Queen|Froslass-Mega, L50, F|36/100\n|-weather|Snowscape|[from] ability: Snow Warning|[of] p2b: the Queen\n|turn|7\n|\n|t:|1788451092\n|move|p1a: Kingambit|Sucker Punch||[still]\n|-fail|p1a: Kingambit\n|move|p1b: Garchomp|Dragon Claw|p2b: the Queen\n|-damage|p2b: the Queen|0 fnt\n|faint|p2b: the Queen\n|\n|win|kleimor\n||jokkebrok is ready for game 3.\n|inactive|kleimor has 30 seconds to confirm battle start!\n|inactive|kleimor has 20 seconds to confirm battle start!\n|inactive|kleimor has 10 seconds to confirm battle start!\n|uhtml|next|Next: <a href=\"/battle-gen9championsvgc2026regmbbo3-2675034031\"><strong>Game 3 of 3</strong></a>\n|l|☆jokkebrok\n|player|p2|\n","uploadtime":1788451351,"views":"0","formatid":"gen9championsvgc2026regmbbo3","rating":null,"private":0,"password":null}