{"id":"gen9championsvgc2026regmb-2674708716","format":"[Gen 9 Champions] VGC 2026 Reg M-B","players":["scrappy10","Jayteez"],"log":"|j|☆scrappy10\n|j|☆Jayteez\n|html|<table width=\"100%\"><tr><td align=\"left\">scrappy10</td><td align=\"right\">Jayteez</tr><tr><td align=\"left\"><i class=\"fa fa-circle\"></i> <i class=\"fa fa-circle-o\"></i> </td><td align=\"right\"><i class=\"fa fa-circle-o\"></i> <i class=\"fa fa-circle\"></i> </tr></table>\n|uhtml|bestof|<h2><strong>Game 3</strong> of <a href=\"/game-bestof3-gen9championsvgc2026regmb-2674705882\">a best-of-3</a></h2>\n|t:|1788393882\n|gametype|doubles\n|player|p1|scrappy10|infielder|\n|player|p2|Jayteez|169|\n|gen|9\n|tier|[Gen 9 Champions] VGC 2026 Reg M-B\n|rule|Species Clause: Limit one of each Pokémon\n|rule|Item Clause: Limit 1 of each item\n|raw|<div class=\"infobox\"><details class=\"readmore\" open><summary><strong>1 custom rule:</strong></summary> Best of = 3</details></div>\n|clearpoke\n|poke|p1|Metagross, L50|\n|poke|p1|Sneasler, L50, F|\n|poke|p1|Aerodactyl, L50, M|\n|poke|p1|Meowstic, L50, M|\n|poke|p1|Dragapult, L50, F|\n|poke|p1|Blaziken, L50, M|\n|poke|p2|Wyrdeer, L50, M|\n|poke|p2|Basculegion-F, L50, F|\n|poke|p2|Charizard, L50, M|\n|poke|p2|Noivern, L50, F|\n|poke|p2|Gallade, L50, M|\n|poke|p2|Eelektross, L50, F|\n|teampreview|4\n|inactive|Battle timer is ON: inactive players will automatically lose when time's up. (requested by scrappy10)\n|j| Hogline\n|inactiveoff|Battle timer is now OFF.\nscrappy10 rejected open team sheets.\n|j| obi3\n|j| neummy\n|\n|t:|1788393898\n|teamsize|p1|4\n|teamsize|p2|4\n|start\n|switch|p1a: Sneasler|Sneasler, L50, F|100/100\n|switch|p1b: Blaziken|Blaziken, L50, M|100/100\n|switch|p2a: Wyrdeer|Wyrdeer, L50, M|100/100\n|switch|p2b: Gallade|Gallade, L50, M|100/100\n|-ability|p2a: Wyrdeer|Intimidate|boost\n|-unboost|p1a: Sneasler|atk|1\n|-unboost|p1b: Blaziken|atk|1\n|turn|1\n|\n|t:|1788393925\n|detailschange|p1b: Blaziken|Blaziken-Mega, L50, M\n|-mega|p1b: Blaziken|Blaziken|Blazikenite\n|move|p1b: Blaziken|Protect|p1b: Blaziken\n|-singleturn|p1b: Blaziken|Protect\n|move|p2a: Wyrdeer|Protect|p2a: Wyrdeer\n|-singleturn|p2a: Wyrdeer|Protect\n|move|p1a: Sneasler|Fake Out|p2a: Wyrdeer\n|-activate|p2a: Wyrdeer|move: Protect\n|move|p2b: Gallade|Psycho Cut|p1a: Sneasler\n|-supereffective|p1a: Sneasler|2\n|-crit|p1a: Sneasler\n|-enditem|p1a: Sneasler|Focus Sash\n|-damage|p1a: Sneasler|1/100\n|\n|-ability|p1b: Blaziken|Speed Boost|boost\n|-boost|p1b: Blaziken|spe|1\n|upkeep\n|turn|2\n|\n|t:|1788393957\n|move|p1a: Sneasler|Coaching|p1b: Blaziken\n|-boost|p1b: Blaziken|atk|1\n|-boost|p1b: Blaziken|def|1\n|move|p1b: Blaziken|Close Combat|p2a: Wyrdeer\n|-damage|p2a: Wyrdeer|45/100\n|-unboost|p1b: Blaziken|def|1\n|-unboost|p1b: Blaziken|spd|1\n|move|p2b: Gallade|Psycho Cut|p1b: Blaziken\n|-supereffective|p1b: Blaziken|1\n|-damage|p1b: Blaziken|0 fnt\n|faint|p1b: Blaziken\n|move|p2a: Wyrdeer|Trick Room|p2a: Wyrdeer\n|-fieldstart|move: Trick Room|[of] p2a: Wyrdeer\n|\n|-heal|p2a: Wyrdeer|51/100|[from] item: Leftovers\n|upkeep\n|\n|t:|1788393971\n|switch|p1b: Aerodactyl|Aerodactyl, L50, M|100/100\n|-ability|p1b: Aerodactyl|Unnerve\n|turn|3\n|\n|t:|1788393991\n|move|p2a: Wyrdeer|Psyshield Bash|p1a: Sneasler\n|-supereffective|p1a: Sneasler|2\n|-damage|p1a: Sneasler|0 fnt\n|-boost|p2a: Wyrdeer|def|1\n|faint|p1a: Sneasler\n|move|p2b: Gallade|Psycho Cut|p1b: Aerodactyl\n|-damage|p1b: Aerodactyl|49/100\n|move|p1b: Aerodactyl|Rock Slide|p2a: Wyrdeer|[spread] p2a,p2b\n|-resisted|p2b: Gallade|1\n|-damage|p2a: Wyrdeer|39/100\n|-damage|p2b: Gallade|84/100\n|\n|-heal|p2a: Wyrdeer|45/100|[from] item: Leftovers\n|upkeep\n|\n|t:|1788393998\n|switch|p1a: Dragapult|Dragapult, L50, F|100/100\n|turn|4\n|l| Hogline\n|\n|t:|1788394008\n|move|p2a: Wyrdeer|Psyshield Bash|p1b: Aerodactyl\n|-damage|p1b: Aerodactyl|3/100\n|-boost|p2a: Wyrdeer|def|1\n|move|p2b: Gallade|Night Slash|p1a: Dragapult\n|-supereffective|p1a: Dragapult|1\n|-damage|p1a: Dragapult|35/100\n|move|p1a: Dragapult|Shadow Ball|p2b: Gallade\n|-supereffective|p2b: Gallade|1\n|-damage|p2b: Gallade|0 fnt\n|faint|p2b: Gallade\n|-damage|p1a: Dragapult|25/100|[from] item: Life Orb\n|move|p1b: Aerodactyl|Rock Slide|p2a: Wyrdeer\n|-damage|p2a: Wyrdeer|32/100\n|\n|-heal|p2a: Wyrdeer|38/100|[from] item: Leftovers\n|upkeep\n|\n|t:|1788394022\n|switch|p2b: Basculegion|Basculegion-F, L50, F|100/100\n|turn|5\n|\n|t:|1788394029\n|move|p2a: Wyrdeer|Psyshield Bash|p1b: Aerodactyl\n|-damage|p1b: Aerodactyl|0 fnt\n|-boost|p2a: Wyrdeer|def|1\n|faint|p1b: Aerodactyl\n|move|p2b: Basculegion|Shadow Ball|p1a: Dragapult\n|-supereffective|p1a: Dragapult|1\n|-damage|p1a: Dragapult|0 fnt\n|faint|p1a: Dragapult\n|\n|win|Jayteez\n|c|☆scrappy10|gg\n|l| obi3\n|l| neummy\n|c|☆Jayteez|gg\n","uploadtime":1788394034,"views":"27","formatid":"gen9championsvgc2026regmb","rating":null,"private":0,"password":null}