{"id":"gen9championsvgc2026regmbbo3-2673382973","format":"[Gen 9 Champions] VGC 2026 Reg M-B (Bo3)","players":["Dakigoshiro","upinhuu"],"log":"|j|☆Dakigoshiro\n|j|☆upinhuu\n|html|<table width=\"100%\"><tr><td align=\"left\">Dakigoshiro</td><td align=\"right\">upinhuu</tr><tr><td align=\"left\"><i class=\"fa fa-circle-o\"></i> <i class=\"fa fa-circle-o\"></i> </td><td align=\"right\"><i class=\"fa fa-circle-o\"></i> <i class=\"fa fa-circle\"></i> </tr></table>\n|uhtml|bestof|<h2><strong>Game 2</strong> of <a href=\"/game-bestof3-gen9championsvgc2026regmbbo3-2673380677\">a best-of-3</a></h2>\n|t:|1788191029\n|gametype|doubles\n|player|p1|Dakigoshiro|cyrus|1163\n|player|p2|upinhuu|266|1208\n|gen|9\n|tier|[Gen 9 Champions] VGC 2026 Reg M-B (Bo3)\n|rated|\n|rule|Species Clause: Limit one of each Pokémon\n|rule|Item Clause: Limit 1 of each item\n|clearpoke\n|poke|p1|Staraptor, L50, M|\n|poke|p1|Raichu, L50, F|\n|poke|p1|Sylveon, L50, M|\n|poke|p1|Farigiraf, L50, M|\n|poke|p1|Arcanine-Hisui, L50, F|\n|poke|p1|Kingambit, L50, M|\n|poke|p2|Basculegion, L50, M|\n|poke|p2|Froslass, L50, F|\n|poke|p2|Sneasler, L50, F|\n|poke|p2|Kingambit, L50, M|\n|poke|p2|Scovillain, L50, M|\n|poke|p2|Lycanroc-Dusk, L50, F|\n|teampreview|4\n|showteam|p1|Staraptor||Staraptite|Intimidate|Tailwind,Protect,CloseCombat,DualWingbeat|Jolly||M|||50|]Raichu||RaichuniteY|LightningRod|FakeOut,ZapCannon,FocusBlast,Protect|Hasty||F|||50|]Sylveon||FairyFeather|Pixilate|Detect,HyperVoice,QuickAttack,HyperBeam|Sassy||M|||50|]Farigiraf||SitrusBerry|ArmorTail|Psychic,TrickRoom,HelpingHand,Protect|Sassy||M|||50|]Arcanine-Hisui||FocusSash|RockHead|Protect,ExtremeSpeed,HeadSmash,FlareBlitz|Jolly||F|||50|]Kingambit||LifeOrb|Defiant|Protect,KowtowCleave,IronHead,SuckerPunch|Adamant||M|||50|\n|showteam|p2|Basculegion||LifeOrb|Adaptability|LastRespects,AquaJet,WaveCrash,Protect|Adamant||M|||50|]Froslass||Froslassite|CursedBody|Blizzard,AuroraVeil,ShadowBall,Protect|Timid||F|||50|]Sneasler||WhiteHerb|Unburden|DireClaw,FakeOut,CloseCombat,Protect|Adamant||F|||50|]Kingambit||BlackGlasses|Defiant|KowtowCleave,SwordsDance,SuckerPunch,Protect|Adamant||M|||50|]Scovillain||Scovillainite|Moody|GigaDrain,RagePowder,Overheat,Protect|Bold||M|||50|]Lycanroc-Dusk||FocusSash|ToughClaws|Accelerock,CloseCombat,RockSlide,Protect|Adamant||F|||50|\n|inactive|Battle timer is ON: inactive players will automatically lose when time's up. (requested by upinhuu)\n|c|☆Dakigoshiro|that was my worst game oat\n|c|☆Dakigoshiro|im sorry you had to see that\n|inactive|Dakigoshiro has 60 seconds left.\n|inactive|upinhuu has 60 seconds left.\n|\n|t:|1788191071\n|teamsize|p1|4\n|teamsize|p2|4\n|start\n|switch|p1a: Staraptor|Staraptor, L50, M|100/100\n|switch|p1b: Kingambit|Kingambit, L50, M|100/100\n|switch|p2a: Froslass|Froslass, L50, F|100/100\n|switch|p2b: Lycanroc|Lycanroc-Dusk, L50, F|100/100\n|-ability|p1a: Staraptor|Intimidate|boost\n|-unboost|p2a: Froslass|atk|1\n|-unboost|p2b: Lycanroc|atk|1\n|turn|1\n|\n|t:|1788191090\n|detailschange|p2a: Froslass|Froslass-Mega, L50, F\n|-mega|p2a: Froslass|Froslass|Froslassite\n|-weather|Snowscape|[from] ability: Snow Warning|[of] p2a: Froslass\n|detailschange|p1a: Staraptor|Staraptor-Mega, L50, M\n|-mega|p1a: Staraptor|Staraptor|Staraptite\n|move|p2b: Lycanroc|Protect|p2b: Lycanroc\n|-singleturn|p2b: Lycanroc|Protect\n|move|p2a: Froslass|Aurora Veil|p2a: Froslass\n|-sidestart|p2: upinhuu|move: Aurora Veil\n|move|p1a: Staraptor|Close Combat|p2b: Lycanroc\n|-activate|p2b: Lycanroc|move: Protect\n|move|p1b: Kingambit|Iron Head|p2a: Froslass\n|-supereffective|p2a: Froslass|1\n|-damage|p2a: Froslass|19/100\n|-damage|p1b: Kingambit|90/100|[from] item: Life Orb\n|\n|-weather|Snowscape|[upkeep]\n|upkeep\n|turn|2\n|\n|t:|1788191112\n|move|p2a: Froslass|Protect|p2a: Froslass\n|-singleturn|p2a: Froslass|Protect\n|move|p1b: Kingambit|Sucker Punch||[still]\n|-fail|p1b: Kingambit\n|move|p1a: Staraptor|Close Combat|p2b: Lycanroc\n|-supereffective|p2b: Lycanroc|1\n|-enditem|p2b: Lycanroc|Focus Sash\n|-damage|p2b: Lycanroc|1/100\n|-boost|p1a: Staraptor|def|1\n|-boost|p1a: Staraptor|spd|1\n|move|p2b: Lycanroc|Close Combat|p1b: Kingambit\n|-supereffective|p1b: Kingambit|2\n|-damage|p1b: Kingambit|0 fnt\n|-unboost|p2b: Lycanroc|def|1\n|-unboost|p2b: Lycanroc|spd|1\n|faint|p1b: Kingambit\n|\n|-weather|Snowscape|[upkeep]\n|upkeep\n|\n|t:|1788191134\n|switch|p1b: Arcanine|Arcanine-Hisui, L50, F|100/100\n|turn|3\n|inactive|Dakigoshiro has 30 seconds left.\n|inactive|Dakigoshiro has 20 seconds left.\n|inactive|upinhuu has 30 seconds left.\n|inactive|Dakigoshiro has 15 seconds left.\n|\n|t:|1788191177\n|switch|p2a: Basculegion|Basculegion, L50, M|100/100\n|move|p1b: Arcanine|Extreme Speed|p2b: Lycanroc\n|-resisted|p2b: Lycanroc|1\n|-damage|p2b: Lycanroc|0 fnt\n|faint|p2b: Lycanroc\n|move|p1a: Staraptor|Dual Wingbeat|p2a: Basculegion\n|-damage|p2a: Basculegion|79/100\n|-damage|p2a: Basculegion|61/100\n|-hitcount|p2a: Basculegion|2\n|\n|-weather|Snowscape|[upkeep]\n|upkeep\n|\n|t:|1788191191\n|switch|p2b: Sneasler|Sneasler, L50, F|100/100\n|turn|4\n|inactive|upinhuu has 30 seconds left.\n|\n|t:|1788191218\n|switch|p1b: Farigiraf|Farigiraf, L50, M|100/100\n|move|p2b: Sneasler|Fake Out||[still]\n|cant|p1b: Farigiraf|ability: Armor Tail|Fake Out|[of] p2b: Sneasler\n|move|p1a: Staraptor|Dual Wingbeat|p2b: Sneasler\n|-supereffective|p2b: Sneasler|1\n|-damage|p2b: Sneasler|51/100\n|-supereffective|p2b: Sneasler|1\n|-damage|p2b: Sneasler|2/100\n|-hitcount|p2b: Sneasler|2\n|move|p2a: Basculegion|Wave Crash|p1a: Staraptor\n|-crit|p1a: Staraptor\n|-damage|p1a: Staraptor|0 fnt\n|faint|p1a: Staraptor\n|-damage|p2a: Basculegion|35/100|[from] Recoil\n|-damage|p2a: Basculegion|25/100|[from] item: Life Orb\n|\n|-weather|Snowscape|[upkeep]\n|upkeep\n|\n|t:|1788191236\n|switch|p1a: Arcanine|Arcanine-Hisui, L50, F|100/100\n|turn|5\n|\n|t:|1788191253\n|move|p2b: Sneasler|Protect|p2b: Sneasler\n|-singleturn|p2b: Sneasler|Protect\n|move|p1a: Arcanine|Protect|p1a: Arcanine\n|-singleturn|p1a: Arcanine|Protect\n|move|p2a: Basculegion|Aqua Jet||[still]\n|cant|p1b: Farigiraf|ability: Armor Tail|Aqua Jet|[of] p2a: Basculegion\n|move|p1b: Farigiraf|Trick Room|p1b: Farigiraf\n|-fieldstart|move: Trick Room|[of] p1b: Farigiraf\n|\n|-weather|none\n|-sideend|p2: upinhuu|move: Aurora Veil\n|upkeep\n|turn|6\n|inactive|Dakigoshiro has 30 seconds left.\n|inactive|upinhuu has 30 seconds left.\n|inactive|Dakigoshiro has 20 seconds left.\n|inactive|upinhuu has 20 seconds left.\n|inactive|upinhuu has 15 seconds left.\n|\n|t:|1788191295\n|switch|p2b: Froslass|Froslass-Mega, L50, F|19/100\n|-weather|Snowscape|[from] ability: Snow Warning|[of] p2b: Froslass\n|move|p1b: Farigiraf|Psychic|p2b: Froslass\n|-damage|p2b: Froslass|0 fnt\n|faint|p2b: Froslass\n|move|p2a: Basculegion|Wave Crash|p1a: Arcanine\n|-supereffective|p1a: Arcanine|2\n|-enditem|p1a: Arcanine|Focus Sash\n|-damage|p1a: Arcanine|1/100\n|-damage|p2a: Basculegion|0 fnt|[from] Recoil\n|faint|p2a: Basculegion\n|move|p1a: Arcanine|Flare Blitz|p2: Basculegion|[notarget]\n|-fail|p1a: Arcanine\n|\n|-weather|Snowscape|[upkeep]\n|upkeep\n|\n|t:|1788191314\n|switch|p2b: Sneasler|Sneasler, L50, F|2/100\n|turn|7\n|\n|t:|1788191320\n|move|p1a: Arcanine|Extreme Speed|p2b: Sneasler\n|-damage|p2b: Sneasler|0 fnt\n|faint|p2b: Sneasler\n|\n|win|Dakigoshiro\n|inactive|Dakigoshiro has 30 seconds to confirm battle start!\n|inactive|upinhuu has 30 seconds to confirm battle start!\n||Dakigoshiro is ready for game 3.\n","uploadtime":1788191333,"views":"4","formatid":"gen9championsvgc2026regmbbo3","rating":null,"private":0,"password":null}