{"id":"gen9championsvgc2026regmb-2674758943","format":"[Gen 9 Champions] VGC 2026 Reg M-B","players":["Megaflapple","Valhala Alfa"],"log":"|j|☆Megaflapple\n|j|☆Valhala Alfa\n|t:|1788401690\n|gametype|doubles\n|player|p1|Megaflapple|bugcatcher-gen4dp|1150\n|player|p2|Valhala Alfa|battlegirl|1123\n|gen|9\n|tier|[Gen 9 Champions] VGC 2026 Reg M-B\n|rated|\n|rule|Species Clause: Limit one of each Pokémon\n|rule|Item Clause: Limit 1 of each item\n|clearpoke\n|poke|p1|Mawile, L50, F|\n|poke|p1|Farigiraf, L50, F, shiny|\n|poke|p1|Incineroar, L50, M|\n|poke|p1|Garchomp, L50, M, shiny|\n|poke|p1|Venusaur, L50, M|\n|poke|p1|Charizard, L50, M|\n|poke|p2|Camerupt, L50, M|\n|poke|p2|Reuniclus, L50, F|\n|poke|p2|Rhyperior, L50, M|\n|poke|p2|Sableye, L50, F|\n|poke|p2|Bellibolt, L50, F|\n|poke|p2|Weavile, L50, M|\n|teampreview|4\n|inactive|Battle timer is ON: inactive players will automatically lose when time's up. (requested by Valhala Alfa)\n|inactive|Megaflapple has 60 seconds left.\n|inactive|Valhala Alfa has 60 seconds left.\n|\n|t:|1788401743\n|teamsize|p1|4\n|teamsize|p2|4\n|start\n|switch|p1a: Farigiraf|Farigiraf, L50, F, shiny|100/100\n|switch|p1b: Incineroar|Incineroar, L50, M|100/100\n|switch|p2a: Reuniclus|Reuniclus, L50, F|100/100\n|switch|p2b: Weavile|Weavile, L50, M|100/100\n|-ability|p2b: Weavile|Pressure\n|-ability|p1b: Incineroar|Intimidate|boost\n|-unboost|p2a: Reuniclus|atk|1\n|-unboost|p2b: Weavile|atk|1\n|turn|1\n|inactive|Megaflapple has 30 seconds left.\n|inactive|Megaflapple has 20 seconds left.\n|\n|t:|1788401778\n|move|p2b: Weavile|Protect|p2b: Weavile\n|-singleturn|p2b: Weavile|Protect\n|move|p2a: Reuniclus|Protect|p2a: Reuniclus\n|-singleturn|p2a: Reuniclus|Protect\n|move|p1b: Incineroar|Flare Blitz|p2b: Weavile\n|-activate|p2b: Weavile|move: Protect\n|move|p1a: Farigiraf|Trick Room|p1a: Farigiraf\n|-fieldstart|move: Trick Room|[of] p1a: Farigiraf\n|\n|upkeep\n|turn|2\n|inactive|Valhala Alfa has 30 seconds left.\n|\n|t:|1788401804\n|move|p1a: Farigiraf|Helping Hand|p1b: Incineroar\n|-singleturn|p1b: Incineroar|Helping Hand|[of] p1a: Farigiraf\n|move|p2a: Reuniclus|Energy Ball|p1a: Farigiraf\n|-damage|p1a: Farigiraf|60/100\n|move|p1b: Incineroar|Darkest Lariat|p2a: Reuniclus\n|-supereffective|p2a: Reuniclus|1\n|-damage|p2a: Reuniclus|10/100\n|move|p2b: Weavile|Knock Off|p1a: Farigiraf\n|-supereffective|p1a: Farigiraf|1\n|-enditem|p1a: Farigiraf|Colbur Berry|[eat]\n|-enditem|p1a: Farigiraf|Colbur Berry|[weaken]\n|-damage|p1a: Farigiraf|32/100\n|\n|upkeep\n|turn|3\n|inactive|Megaflapple has 30 seconds left.\n|\n|t:|1788401836\n|switch|p1a: Mawile|Mawile, L50, F|100/100\n|-ability|p1a: Mawile|Intimidate|boost\n|-unboost|p2a: Reuniclus|atk|1\n|-unboost|p2b: Weavile|atk|1\n|move|p2a: Reuniclus|Energy Ball|p1a: Mawile\n|-resisted|p1a: Mawile|1\n|-crit|p1a: Mawile\n|-damage|p1a: Mawile|39/100\n|move|p1b: Incineroar|Flare Blitz|p2b: Weavile\n|-supereffective|p2b: Weavile|1\n|-enditem|p2b: Weavile|Focus Sash\n|-damage|p2b: Weavile|1/100\n|-damage|p1b: Incineroar|76/100|[from] Recoil\n|move|p2b: Weavile|Triple Axel|p1a: Mawile\n|-resisted|p1a: Mawile|1\n|-crit|p1a: Mawile\n|-damage|p1a: Mawile|29/100\n|-resisted|p1a: Mawile|1\n|-damage|p1a: Mawile|22/100\n|-resisted|p1a: Mawile|1\n|-damage|p1a: Mawile|13/100\n|-hitcount|p1a: Mawile|3\n|\n|upkeep\n|turn|4\n|inactive|Megaflapple has 30 seconds left.\n|\n|t:|1788401861\n|detailschange|p1a: Mawile|Mawile-Mega, L50, F\n|-mega|p1a: Mawile|Mawile|Mawilite\n|move|p1a: Mawile|Sucker Punch|p2a: Reuniclus\n|-supereffective|p2a: Reuniclus|1\n|-damage|p2a: Reuniclus|0 fnt\n|faint|p2a: Reuniclus\n|move|p1b: Incineroar|Darkest Lariat|p2b: Weavile\n|-resisted|p2b: Weavile|1\n|-damage|p2b: Weavile|0 fnt\n|faint|p2b: Weavile\n|\n|upkeep\n|\n|t:|1788401867\n|switch|p2a: Camerupt|Camerupt, L50, M|100/100\n|switch|p2b: Rhyperior|Rhyperior, L50, M|100/100\n|turn|5\n|inactive|Megaflapple has 30 seconds left.\n|\n|t:|1788401897\n|detailschange|p2a: Camerupt|Camerupt-Mega, L50, M\n|-mega|p2a: Camerupt|Camerupt|Cameruptite\n|move|p1a: Mawile|Sucker Punch|p2a: Camerupt\n|-damage|p2a: Camerupt|54/100\n|move|p2a: Camerupt|Heat Wave|p1b: Incineroar|[spread] p1a,p1b\n|-supereffective|p1a: Mawile|1\n|-resisted|p1b: Incineroar|1\n|-damage|p1a: Mawile|0 fnt\n|-damage|p1b: Incineroar|56/100\n|faint|p1a: Mawile\n|move|p2b: Rhyperior|Rock Slide|p1b: Incineroar\n|-supereffective|p1b: Incineroar|1\n|-damage|p1b: Incineroar|0 fnt\n|faint|p1b: Incineroar\n|\n|-fieldend|move: Trick Room\n|upkeep\n|\n|t:|1788401910\n|switch|p1b: Farigiraf|Farigiraf, L50, F, shiny|32/100\n|switch|p1a: Garchomp|Garchomp, L50, M, shiny|100/100\n|turn|6\n|\n|t:|1788401921\n|move|p1b: Farigiraf|Helping Hand|p1a: Garchomp\n|-singleturn|p1a: Garchomp|Helping Hand|[of] p1b: Farigiraf\n|move|p2a: Camerupt|Protect|p2a: Camerupt\n|-singleturn|p2a: Camerupt|Protect\n|move|p1a: Garchomp|Earthquake|p2a: Camerupt|[spread] p1b,p2b\n|-activate|p2a: Camerupt|move: Protect\n|-supereffective|p2b: Rhyperior|1\n|-damage|p1b: Farigiraf|0 fnt\n|-damage|p2b: Rhyperior|17/100\n|-enditem|p2b: Rhyperior|Sitrus Berry|[eat]\n|-heal|p2b: Rhyperior|42/100|[from] item: Sitrus Berry\n|faint|p1b: Farigiraf\n|-damage|p1a: Garchomp|90/100|[from] item: Life Orb\n|move|p2b: Rhyperior|Ice Punch|p1a: Garchomp\n|-supereffective|p1a: Garchomp|2\n|-damage|p1a: Garchomp|0 fnt\n|-damage|p2b: Rhyperior|30/100|[from] ability: Rough Skin|[of] p1a: Garchomp\n|faint|p1a: Garchomp\n|\n|win|Valhala Alfa\n|raw|Megaflapple's rating: 1150 &rarr; <strong>1123</strong><br />(-27 for losing)\n|raw|Valhala Alfa's rating: 1123 &rarr; <strong>1150</strong><br />(+27 for winning)\n|l|☆Megaflapple\n|player|p1|\n","uploadtime":1788401944,"views":"1","formatid":"gen9championsvgc2026regmb","rating":1123,"private":0,"password":null}