{"id":"gen9championsvgc2026regmbbo3-2674873250","format":"[Gen 9 Champions] VGC 2026 Reg M-B (Bo3)","players":["palafinlover123","WMVGC"],"log":"|j|☆palafinlover123\n|j|☆WMVGC\n|html|<table width=\"100%\"><tr><td align=\"left\">palafinlover123</td><td align=\"right\">WMVGC</tr><tr><td align=\"left\"><i class=\"fa fa-circle-o\"></i> <i class=\"fa fa-circle-o\"></i> </td><td align=\"right\"><i class=\"fa fa-circle-o\"></i> <i class=\"fa fa-circle-o\"></i> </tr></table>\n|uhtml|bestof|<h2><strong>Game 1</strong> of <a href=\"/game-bestof3-gen9championsvgc2026regmbbo3-2674873249\">a best-of-3</a></h2>\n|t:|1788426323\n|gametype|doubles\n|player|p1|palafinlover123|lucas|1000\n|player|p2|WMVGC|emmet|1000\n|gen|9\n|tier|[Gen 9 Champions] VGC 2026 Reg M-B (Bo3)\n|rated|\n|rule|Species Clause: Limit one of each Pokémon\n|rule|Item Clause: Limit 1 of each item\n|clearpoke\n|poke|p1|Palafin, L50, F, shiny|\n|poke|p1|Incineroar, L50, M|\n|poke|p1|Pikachu, L50, F|\n|poke|p1|Raichu, L50, M|\n|poke|p1|Whimsicott, L50, F|\n|poke|p1|Gengar, L50, M|\n|poke|p2|Basculegion, L50, M|\n|poke|p2|Aerodactyl, L50, M|\n|poke|p2|Froslass, L50, F|\n|poke|p2|Kingambit, L50, M|\n|poke|p2|Sneasler, L50, M|\n|poke|p2|Tsareena, L50, F|\n|teampreview|4\n|showteam|p1|Palafin||MysticWater|ZerotoHero|Haze,WaveCrash,JetPunch,Protect|Jolly||F|||50|]Incineroar||ChestoBerry|Intimidate|FakeOut,Roar,FlareBlitz,PartingShot|Brave||M|||50|]Pikachu||LightBall|LightningRod|Thunderbolt,Thunder,GrassKnot,Protect|Serious||F|||50|]Raichu||RaichuniteY|Static|Discharge,VoltSwitch,NastyPlot,LightScreen|Serious||M|||50|]Whimsicott||BrightPowder|Prankster|CottonGuard,Tailwind,Protect,Psychic|Serious||F|||50|]Gengar||Gengarite|CursedBody|DestinyBond,PerishSong,ShadowBall,TrickRoom|Serious||M|||50|\n|showteam|p2|Basculegion||FocusSash|Adaptability|Liquidation,LastRespects,AquaJet,Protect|Jolly||M|||50|]Aerodactyl||Aerodactylite|Unnerve|Tailwind,IceFang,RockSlide,DualWingbeat|Jolly||M|||50|]Froslass||Froslassite|CursedBody|Blizzard,DestinyBond,ShadowBall,Protect|Hasty||F|||50|]Kingambit||BlackGlasses|Defiant|KowtowCleave,LowKick,Protect,SuckerPunch|Adamant||M|||50|]Sneasler||LifeOrb|PoisonTouch|DireClaw,FakeOut,Protect,CloseCombat|Jolly||M|||50|]Tsareena||WideLens|QueenlyMajesty|HelpingHand,LowKick,PowerWhip,TripleAxel|Adamant||F|||50|\n|inactive|Battle timer is ON: inactive players will automatically lose when time's up. (requested by WMVGC)\n|\n|t:|1788426353\n|teamsize|p1|4\n|teamsize|p2|4\n|start\n|switch|p1a: Incineroar|Incineroar, L50, M|100/100\n|switch|p1b: Whimsicott|Whimsicott, L50, F|100/100\n|switch|p2a: Froslass|Froslass, L50, F|100/100\n|switch|p2b: Sneasler|Sneasler, L50, M|100/100\n|-ability|p1a: Incineroar|Intimidate|boost\n|-unboost|p2a: Froslass|atk|1\n|-unboost|p2b: Sneasler|atk|1\n|turn|1\n|\n|t:|1788426372\n|detailschange|p2a: Froslass|Froslass-Mega, L50, F\n|-mega|p2a: Froslass|Froslass|Froslassite\n|-weather|Snowscape|[from] ability: Snow Warning|[of] p2a: Froslass\n|move|p2b: Sneasler|Fake Out|p1a: Incineroar\n|-damage|p1a: Incineroar|87/100\n|-status|p1a: Incineroar|psn|[from] ability: Poison Touch|[of] p2b: Sneasler\n|-damage|p2b: Sneasler|90/100|[from] item: Life Orb\n|cant|p1a: Incineroar|flinch\n|move|p1b: Whimsicott|Tailwind|p1b: Whimsicott\n|-sidestart|p1: palafinlover123|move: Tailwind\n|move|p2a: Froslass|Blizzard|p1a: Incineroar|[spread] p1a,p1b\n|-resisted|p1a: Incineroar|1\n|-supereffective|p1b: Whimsicott|1\n|-damage|p1a: Incineroar|68/100 psn\n|-damage|p1b: Whimsicott|0 fnt\n|faint|p1b: Whimsicott\n|\n|-weather|Snowscape|[upkeep]\n|-damage|p1a: Incineroar|55/100 psn|[from] psn\n|upkeep\n|\n|t:|1788426390\n|switch|p1b: Palafin|Palafin, L50, F, shiny|100/100\n|turn|2\n|\n|t:|1788426408\n|move|p1b: Palafin|Protect|p1b: Palafin\n|-singleturn|p1b: Palafin|Protect\n|move|p2b: Sneasler|Close Combat|p1a: Incineroar\n|-supereffective|p1a: Incineroar|1\n|-damage|p1a: Incineroar|0 fnt\n|-unboost|p2b: Sneasler|def|1\n|-unboost|p2b: Sneasler|spd|1\n|faint|p1a: Incineroar\n|-damage|p2b: Sneasler|80/100|[from] item: Life Orb\n|move|p2a: Froslass|Shadow Ball|p1b: Palafin\n|-activate|p1b: Palafin|move: Protect\n|\n|-weather|Snowscape|[upkeep]\n|upkeep\n|\n|t:|1788426421\n|switch|p1a: Gengar|Gengar, L50, M|100/100\n|turn|3\n|\n|t:|1788426435\n|detailschange|p1a: Gengar|Gengar-Mega, L50, M\n|-mega|p1a: Gengar|Gengar|Gengarite\n|move|p2a: Froslass|Protect|p2a: Froslass\n|-singleturn|p2a: Froslass|Protect\n|move|p1a: Gengar|Shadow Ball|p2a: Froslass\n|-activate|p2a: Froslass|move: Protect\n|move|p1b: Palafin|Wave Crash|p2a: Froslass\n|-activate|p2a: Froslass|move: Protect\n|move|p2b: Sneasler|Close Combat|p1b: Palafin\n|-damage|p1b: Palafin|33/100\n|-unboost|p2b: Sneasler|def|1\n|-unboost|p2b: Sneasler|spd|1\n|-damage|p2b: Sneasler|71/100|[from] item: Life Orb\n|\n|-weather|Snowscape|[upkeep]\n|upkeep\n|turn|4\n|inactive|WMVGC has 30 seconds left.\n|inactive|palafinlover123 has 30 seconds left.\n|\n|t:|1788426469\n|move|p1b: Palafin|Protect|p1b: Palafin\n|-singleturn|p1b: Palafin|Protect\n|move|p2a: Froslass|Protect||[still]\n|-fail|p2a: Froslass\n|move|p1a: Gengar|Destiny Bond|p1a: Gengar\n|-singlemove|p1a: Gengar|Destiny Bond\n|move|p2b: Sneasler|Close Combat|p1b: Palafin\n|-activate|p1b: Palafin|move: Protect\n|\n|-weather|Snowscape|[upkeep]\n|-sideend|p1: palafinlover123|move: Tailwind\n|upkeep\n|turn|5\n|\n|t:|1788426492\n|move|p1b: Palafin|Jet Punch|p2b: Sneasler\n|-damage|p2b: Sneasler|0 fnt\n|faint|p2b: Sneasler\n|move|p2a: Froslass|Destiny Bond|p2a: Froslass\n|-singlemove|p2a: Froslass|Destiny Bond\n|move|p1a: Gengar|Shadow Ball|p2a: Froslass\n|-supereffective|p2a: Froslass|1\n|-damage|p2a: Froslass|0 fnt\n|faint|p2a: Froslass\n|-activate|p2a: Froslass|move: Destiny Bond\n|faint|p1a: Gengar\n|\n|-weather|none\n|upkeep\n|\n|t:|1788426509\n|switch|p2b: Kingambit|Kingambit, L50, M|100/100\n|switch|p2a: Basculegion|Basculegion, L50, M|100/100\n|turn|6\n|\n|t:|1788426517\n|move|p1b: Palafin|Protect|p1b: Palafin\n|-singleturn|p1b: Palafin|Protect\n|move|p2a: Basculegion|Aqua Jet|p1b: Palafin\n|-activate|p1b: Palafin|move: Protect\n|move|p2b: Kingambit|Kowtow Cleave|p1b: Palafin\n|-activate|p1b: Palafin|move: Protect\n|\n|upkeep\n|turn|7\n|\n|t:|1788426533\n|move|p2a: Basculegion|Aqua Jet|p1b: Palafin\n|-resisted|p1b: Palafin|1\n|-damage|p1b: Palafin|19/100\n|move|p1b: Palafin|Wave Crash|p2b: Kingambit\n|-damage|p2b: Kingambit|59/100\n|-damage|p1b: Palafin|3/100|[from] Recoil\n|move|p2b: Kingambit|Kowtow Cleave|p1b: Palafin\n|-damage|p1b: Palafin|0 fnt\n|faint|p1b: Palafin\n|\n|win|WMVGC\n|l|☆palafinlover123\n|player|p1|\n||palafinlover123 is ready for game 2.\n|inactive|WMVGC has 30 seconds to confirm battle start!\n||WMVGC is ready for game 2.\n|uhtml|next|Next: <a href=\"/battle-gen9championsvgc2026regmbbo3-2674874225\"><strong>Game 2 of 3</strong></a>\n","uploadtime":1788426790,"views":"0","formatid":"gen9championsvgc2026regmbbo3","rating":null,"private":0,"password":null}