{"id":"gen9championsvgc2026regmb-2674160778","format":"[Gen 9 Champions] VGC 2026 Reg M-B","players":["oscardr28","dhrx"],"log":"|j|☆oscardr28\n|j|☆dhrx\n|t:|1788308222\n|gametype|doubles\n|player|p1|oscardr28|bugsy|1320\n|player|p2|dhrx|lucian|1357\n|gen|9\n|tier|[Gen 9 Champions] VGC 2026 Reg M-B\n|rated|\n|rule|Species Clause: Limit one of each Pokémon\n|rule|Item Clause: Limit 1 of each item\n|clearpoke\n|poke|p1|Infernape, L50, M|\n|poke|p1|Diggersby, L50, F|\n|poke|p1|Farigiraf, L50, M|\n|poke|p1|Aerodactyl, L50, F|\n|poke|p1|Rotom-Mow, L50|\n|poke|p1|Ninetales-Alola, L50, F|\n|poke|p2|Lopunny, L50, M|\n|poke|p2|Ceruledge, L50, F|\n|poke|p2|Farigiraf, L50, M|\n|poke|p2|Basculegion, L50, M|\n|poke|p2|Ninetales-Alola, L50, F|\n|poke|p2|Kingambit, L50, M|\n|teampreview|4\ndhrx rejected open team sheets.\n|\n|t:|1788308271\n|teamsize|p1|4\n|teamsize|p2|4\n|start\n|switch|p1a: Aerodactyl|Aerodactyl, L50, F|100/100\n|switch|p1b: Rotom|Rotom-Mow, L50|100/100\n|switch|p2a: Ceruledge|Ceruledge, L50, F|100/100\n|switch|p2b: Lopunny|Lopunny, L50, M|100/100\n|-ability|p1a: Aerodactyl|Unnerve\n|turn|1\n|\n|t:|1788308295\n|detailschange|p2b: Lopunny|Lopunny-Mega, L50, M\n|-mega|p2b: Lopunny|Lopunny|Lopunnite\n|move|p2b: Lopunny|Fake Out|p1a: Aerodactyl\n|-resisted|p1a: Aerodactyl|1\n|-damage|p1a: Aerodactyl|84/100\n|cant|p1a: Aerodactyl|flinch\n|move|p2a: Ceruledge|Swords Dance|p2a: Ceruledge\n|-boost|p2a: Ceruledge|atk|2\n|move|p1b: Rotom|Will-O-Wisp|p2b: Lopunny\n|-status|p2b: Lopunny|brn\n|\n|-damage|p2b: Lopunny|94/100 brn|[from] brn\n|upkeep\n|turn|2\n|\n|t:|1788308319\n|switch|p2b: Kingambit|Kingambit, L50, M|100/100\n|detailschange|p1a: Aerodactyl|Aerodactyl-Mega, L50, F\n|-mega|p1a: Aerodactyl|Aerodactyl|Aerodactylite\n|move|p1a: Aerodactyl|Tailwind|p1a: Aerodactyl\n|-sidestart|p1: oscardr28|move: Tailwind\n|move|p1b: Rotom|Volt Switch|p2a: Ceruledge\n|-damage|p2a: Ceruledge|68/100\n|\n|t:|1788308329\n|switch|p1b: Farigiraf|Farigiraf, L50, M|100/100|[from] Volt Switch\n|move|p2a: Ceruledge|Bitter Blade|p1b: Farigiraf\n|-damage|p1b: Farigiraf|28/100\n|-heal|p2a: Ceruledge|100/100|[from] drain|[of] p1b: Farigiraf\n|-enditem|p1b: Farigiraf|Sitrus Berry|[eat]\n|-heal|p1b: Farigiraf|52/100|[from] item: Sitrus Berry\n|\n|upkeep\n|turn|3\n|\n|t:|1788308349\n|move|p1a: Aerodactyl|Dual Wingbeat|p2a: Ceruledge\n|-damage|p2a: Ceruledge|62/100\n|-ability|p2a: Ceruledge|Weak Armor|boost\n|-unboost|p2a: Ceruledge|def|1\n|-boost|p2a: Ceruledge|spe|2\n|-damage|p2a: Ceruledge|10/100\n|-ability|p2a: Ceruledge|Weak Armor|boost\n|-unboost|p2a: Ceruledge|def|1\n|-boost|p2a: Ceruledge|spe|2\n|-hitcount|p2a: Ceruledge|2\n|move|p2a: Ceruledge|Poltergeist|p1a: Aerodactyl\n|-activate|p1a: Aerodactyl|move: Poltergeist|Aerodactylite\n|-crit|p1a: Aerodactyl\n|-damage|p1a: Aerodactyl|0 fnt\n|faint|p1a: Aerodactyl\n|move|p1b: Farigiraf|Reflect|p1b: Farigiraf\n|-sidestart|p1: oscardr28|Reflect\n|move|p2b: Kingambit|Kowtow Cleave|p1b: Farigiraf\n|-supereffective|p1b: Farigiraf|1\n|-damage|p1b: Farigiraf|0 fnt\n|faint|p1b: Farigiraf\n|\n|upkeep\n|\n|t:|1788308374\n|switch|p1a: Diggersby|Diggersby, L50, F|100/100\n|switch|p1b: Rotom|Rotom-Mow, L50|100/100\n|turn|4\n|\n|t:|1788308407\n|switch|p2b: Basculegion|Basculegion, L50, M|100/100\n|move|p2a: Ceruledge|Bitter Blade|p1b: Rotom\n|-supereffective|p1b: Rotom|1\n|-damage|p1b: Rotom|0 fnt\n|-heal|p2a: Ceruledge|62/100|[from] drain|[of] p1b: Rotom\n|faint|p1b: Rotom\n|move|p1a: Diggersby|High Horsepower|p2a: Ceruledge\n|-supereffective|p2a: Ceruledge|1\n|-damage|p2a: Ceruledge|0 fnt\n|faint|p2a: Ceruledge\n|-damage|p1a: Diggersby|90/100|[from] item: Life Orb\n|\n|upkeep\n|\n|t:|1788308419\n|switch|p2a: Lopunny|Lopunny-Mega, L50, M|94/100 brn\n|turn|5\n|-message|oscardr28 forfeited.\n|\n|win|dhrx\n|raw|oscardr28's rating: 1320 &rarr; <strong>1302</strong><br />(-18 for losing)\n|raw|dhrx's rating: 1357 &rarr; <strong>1375</strong><br />(+18 for winning)\n|l|☆oscardr28\n|player|p1|\n","uploadtime":1788308427,"views":"1","formatid":"gen9championsvgc2026regmb","rating":1302,"private":0,"password":null}