{"id":"gen9championsvgc2026regmb-2674902700","format":"[Gen 9 Champions] VGC 2026 Reg M-B","players":["sihaiVGC","Thornlace48812"],"log":"|j|☆sihaiVGC\n|j|☆Thornlace48812\n|t:|1788432793\n|gametype|doubles\n|player|p1|sihaiVGC|169|1304\n|player|p2|Thornlace48812|102|1318\n|gen|9\n|tier|[Gen 9 Champions] VGC 2026 Reg M-B\n|rated|\n|rule|Species Clause: Limit one of each Pokémon\n|rule|Item Clause: Limit 1 of each item\n|clearpoke\n|poke|p1|Sneasler, L50, M|\n|poke|p1|Ninetales-Alola, L50, F|\n|poke|p1|Kingambit, L50, F|\n|poke|p1|Basculegion, L50, M|\n|poke|p1|Charizard, L50, M|\n|poke|p1|Venusaur, L50, M|\n|poke|p2|Garchomp, L50, F|\n|poke|p2|Charizard, L50, F|\n|poke|p2|Whimsicott, L50, M|\n|poke|p2|Sylveon, L50, F|\n|poke|p2|Kingambit, L50, F|\n|poke|p2|Basculegion, L50, M|\n|teampreview|4\n|inactive|Battle timer is ON: inactive players will automatically lose when time's up. (requested by Thornlace48812)\nThornlace48812 rejected open team sheets.\n|inactive|sihaiVGC has 60 seconds left.\n|inactive|sihaiVGC has 30 seconds left.\n|inactive|sihaiVGC has 20 seconds left.\n|inactive|sihaiVGC has 15 seconds left.\n|\n|t:|1788432872\n|teamsize|p1|4\n|teamsize|p2|4\n|start\n|switch|p1a: Ninetales|Ninetales-Alola, L50, F|100/100\n|switch|p1b: Sneasler|Sneasler, L50, M|100/100\n|switch|p2a: Charizard|Charizard, L50, F|100/100\n|switch|p2b: Garchomp|Garchomp, L50, F|100/100\n|-weather|Snowscape|[from] ability: Snow Warning|[of] p1a: Ninetales\n|turn|1\n|\n|t:|1788432887\n|detailschange|p2a: Charizard|Charizard-Mega-Y, L50, F\n|-mega|p2a: Charizard|Charizard|Charizardite Y\n|-weather|SunnyDay|[from] ability: Drought|[of] p2a: Charizard\n|move|p1b: Sneasler|Fake Out|p2a: Charizard\n|-damage|p2a: Charizard|79/100\n|move|p1a: Ninetales|Freeze-Dry|p2b: Garchomp\n|-supereffective|p2b: Garchomp|2\n|-damage|p2b: Garchomp|0 fnt\n|faint|p2b: Garchomp\n|cant|p2a: Charizard|flinch\n|\n|-weather|SunnyDay|[upkeep]\n|upkeep\n|\n|t:|1788432887\n|switch|p2b: Sylveon|Sylveon, L50, F|100/100\n|turn|2\n|\n|t:|1788432895\n|switch|p1a: Basculegion|Basculegion, L50, M|100/100\n|move|p1b: Sneasler|Dire Claw|p2b: Sylveon\n|-supereffective|p2b: Sylveon|1\n|-damage|p2b: Sylveon|0 fnt\n|faint|p2b: Sylveon\n|move|p2a: Charizard|Heat Wave|p1b: Sneasler|[spread] p1a\n|-miss|p2a: Charizard|p1b: Sneasler\n|-resisted|p1a: Basculegion|1\n|-damage|p1a: Basculegion|62/100\n|\n|-weather|SunnyDay|[upkeep]\n|upkeep\n|\n|t:|1788432896\n|switch|p2b: Whimsicott|Whimsicott, L50, M|100/100\n|turn|3\n|\n|t:|1788432908\n|switch|p1b: Ninetales|Ninetales-Alola, L50, F|100/100\n|-weather|Snowscape|[from] ability: Snow Warning|[of] p1b: Ninetales\n|move|p1a: Basculegion|Aqua Jet|p2a: Charizard\n|-supereffective|p2a: Charizard|1\n|-damage|p2a: Charizard|23/100\n|move|p2b: Whimsicott|Tailwind|p2b: Whimsicott\n|-sidestart|p2: Thornlace48812|move: Tailwind\n|move|p2a: Charizard|Heat Wave|p1b: Ninetales|[spread] p1a,p1b\n|-resisted|p1a: Basculegion|1\n|-supereffective|p1b: Ninetales|1\n|-damage|p1a: Basculegion|34/100\n|-damage|p1b: Ninetales|0 fnt\n|faint|p1b: Ninetales\n|\n|-weather|Snowscape|[upkeep]\n|upkeep\n|\n|t:|1788432915\n|switch|p1b: Sneasler|Sneasler, L50, M|100/100\n|turn|4\n|inactive|sihaiVGC has 30 seconds left.\n|\n|t:|1788432945\n|move|p1b: Sneasler|Fake Out|p2b: Whimsicott\n|-damage|p2b: Whimsicott|78/100\n|-status|p2b: Whimsicott|psn|[from] ability: Poison Touch|[of] p1b: Sneasler\n|move|p1a: Basculegion|Aqua Jet|p2a: Charizard\n|-supereffective|p2a: Charizard|1\n|-damage|p2a: Charizard|0 fnt\n|faint|p2a: Charizard\n|cant|p2b: Whimsicott|flinch\n|\n|-weather|Snowscape|[upkeep]\n|-damage|p2b: Whimsicott|65/100 psn|[from] psn\n|upkeep\n|turn|5\n|\n|t:|1788432962\n|switch|p1b: Kingambit|Kingambit, L50, F|100/100\n|move|p1a: Basculegion|Aqua Jet|p2b: Whimsicott\n|-resisted|p2b: Whimsicott|1\n|-damage|p2b: Whimsicott|47/100 psn\n|move|p2b: Whimsicott|Moonblast|p1a: Basculegion\n|-damage|p1a: Basculegion|0 fnt\n|faint|p1a: Basculegion\n|\n|-weather|Snowscape|[upkeep]\n|-damage|p2b: Whimsicott|35/100 psn|[from] psn\n|upkeep\n|\n|t:|1788432963\n|switch|p1a: Sneasler|Sneasler, L50, M|100/100\n|turn|6\n|\n|t:|1788432968\n|move|p2b: Whimsicott|Protect|p2b: Whimsicott\n|-singleturn|p2b: Whimsicott|Protect\n|move|p1a: Sneasler|Dire Claw|p2b: Whimsicott\n|-activate|p2b: Whimsicott|move: Protect\n|move|p1b: Kingambit|Iron Head|p2b: Whimsicott\n|-activate|p2b: Whimsicott|move: Protect\n|\n|-weather|Snowscape|[upkeep]\n|-damage|p2b: Whimsicott|22/100 psn|[from] psn\n|-sideend|p2: Thornlace48812|move: Tailwind\n|upkeep\n|turn|7\n|\n|t:|1788432985\n|move|p1b: Kingambit|Sucker Punch|p2b: Whimsicott\n|-resisted|p2b: Whimsicott|1\n|-damage|p2b: Whimsicott|0 fnt\n|faint|p2b: Whimsicott\n|-damage|p1b: Kingambit|90/100|[from] item: Life Orb\n|\n|win|sihaiVGC\n|raw|sihaiVGC's rating: 1304 &rarr; <strong>1327</strong><br />(+23 for winning)\n|raw|Thornlace48812's rating: 1349 &rarr; <strong>1326</strong><br />(-23 for losing)\n","uploadtime":1788432985,"views":"0","formatid":"gen9championsvgc2026regmb","rating":1326,"private":0,"password":null}