{"id":"gen9championsvgc2026regmbbo3-2674930582","format":"[Gen 9 Champions] VGC 2026 Reg M-B (Bo3)","players":["Divine Monkey King","Eredostheuseless"],"log":"|j|☆Divine Monkey King\n|j|☆Eredostheuseless\n|html|<table width=\"100%\"><tr><td align=\"left\">Divine Monkey King</td><td align=\"right\">Eredostheuseless</tr><tr><td align=\"left\"><i class=\"fa fa-circle\"></i> <i class=\"fa fa-circle-o\"></i> </td><td align=\"right\"><i class=\"fa fa-circle-o\"></i> <i class=\"fa fa-circle\"></i> </tr></table>\n|uhtml|bestof|<h2><strong>Game 3</strong> of <a href=\"/game-bestof3-gen9championsvgc2026regmbbo3-2674927475\">a best-of-3</a></h2>\n|t:|1788437837\n|gametype|doubles\n|player|p1|Divine Monkey King|silver|1185\n|player|p2|Eredostheuseless|169|1241\n|gen|9\n|tier|[Gen 9 Champions] VGC 2026 Reg M-B (Bo3)\n|rated|\n|rule|Species Clause: Limit one of each Pokémon\n|rule|Item Clause: Limit 1 of each item\n|clearpoke\n|poke|p1|Chesnaught, L50, M, shiny|\n|poke|p1|Farigiraf, L50, M, shiny|\n|poke|p1|Sinistcha-Masterpiece, L50, shiny|\n|poke|p1|Tyranitar, L50, M, shiny|\n|poke|p1|Kingambit, L50, M, shiny|\n|poke|p1|Alakazam, L50, M, shiny|\n|poke|p2|Raichu, L50, F|\n|poke|p2|Archaludon, L50, M|\n|poke|p2|Pelipper, L50, F|\n|poke|p2|Basculegion, L50, M|\n|poke|p2|Weavile, L50, F|\n|poke|p2|Tsareena, L50, F|\n|teampreview|4\n|showteam|p1|Chesnaught||Chesnaughtite|Bulletproof|DrainPunch,SeedBomb,SpikyShield,BellyDrum|Adamant||M|||50|]Farigiraf||MentalHerb|ArmorTail|Protect,PsychicNoise,Thunderbolt,TrickRoom|Sassy||M|||50|]Sinistcha-Masterpiece||Leftovers|Hospitality|MatchaGotcha,Protect,ShadowBall,TrickRoom|Relaxed|||||50|]Tyranitar||Tyranitarite|SandStream|BrickBreak,KnockOff,Protect,RockSlide|Adamant||M|||50|]Kingambit||ExpertBelt|Defiant|IronHead,KowtowCleave,Protect,SuckerPunch|Adamant||M|||50|]Alakazam||FocusSash|InnerFocus|LightScreen,Protect,Psychic,SpeedSwap|Timid||M|||50|\n|showteam|p2|Raichu||RaichuniteY|Static|FakeOut,ZapCannon,FocusBlast,Protect|Timid||F|||50|]Archaludon||Leftovers|Stamina|ElectroShot,FlashCannon,AuraSphere,Protect|Modest||M|||50|]Pelipper||FocusSash|Drizzle|Hurricane,WeatherBall,Tailwind,WideGuard|Modest||F|||50|]Basculegion||ChoiceScarf|Adaptability|WaveCrash,LastRespects,FlipTurn,AquaJet|Adamant||M|||50|]Weavile||LifeOrb|Pressure|FakeOut,LowKick,IceSpinner,KnockOff|Jolly||F|||50|]Tsareena||OccaBerry|QueenlyMajesty|TropKick,TripleAxel,HelpingHand,Protect|Adamant||F|||50|\n|\n|t:|1788437868\n|teamsize|p1|4\n|teamsize|p2|4\n|start\n|switch|p1a: Farigiraf|Farigiraf, L50, M, shiny|100/100\n|switch|p1b: Chesnaught|Chesnaught, L50, M, shiny|100/100\n|switch|p2a: Pelipper|Pelipper, L50, F|100/100\n|switch|p2b: Basculegion|Basculegion, L50, M|100/100\n|-weather|RainDance|[from] ability: Drizzle|[of] p2a: Pelipper\n|turn|1\n|\n|t:|1788437887\n|switch|p1b: Tyranitar|Tyranitar, L50, M, shiny|100/100\n|-weather|Sandstorm|[from] ability: Sand Stream|[of] p1b: Tyranitar\n|move|p2b: Basculegion|Wave Crash|p1a: Farigiraf\n|-damage|p1a: Farigiraf|25/100\n|-damage|p2b: Basculegion|71/100|[from] Recoil\n|move|p2a: Pelipper|Hurricane|p1a: Farigiraf|[miss]\n|-miss|p2a: Pelipper|p1a: Farigiraf\n|move|p1a: Farigiraf|Thunderbolt|p2a: Pelipper\n|-supereffective|p2a: Pelipper|2\n|-enditem|p2a: Pelipper|Focus Sash\n|-damage|p2a: Pelipper|1/100\n|\n|-weather|Sandstorm|[upkeep]\n|-damage|p2b: Basculegion|65/100|[from] Sandstorm\n|-damage|p2a: Pelipper|0 fnt|[from] Sandstorm\n|-damage|p1a: Farigiraf|18/100|[from] Sandstorm\n|faint|p2a: Pelipper\n|upkeep\n|\n|t:|1788437903\n|switch|p2a: Archaludon|Archaludon, L50, M|100/100\n|turn|2\n|\n|t:|1788437927\n|switch|p2b: Raichu|Raichu, L50, F|100/100\n|move|p2a: Archaludon|Flash Cannon|p1b: Tyranitar\n|-supereffective|p1b: Tyranitar|1\n|-damage|p1b: Tyranitar|58/100\n|move|p1b: Tyranitar|Knock Off|p2b: Raichu\n|-damage|p2b: Raichu|49/100\n|move|p1a: Farigiraf|Trick Room|p1a: Farigiraf\n|-fieldstart|move: Trick Room|[of] p1a: Farigiraf\n|\n|-weather|Sandstorm|[upkeep]\n|-damage|p1a: Farigiraf|12/100|[from] Sandstorm\n|-damage|p2b: Raichu|43/100|[from] Sandstorm\n|upkeep\n|turn|3\n|\n|t:|1788437951\n|switch|p1a: Chesnaught|Chesnaught, L50, M, shiny|100/100\n|move|p2b: Raichu|Fake Out|p1b: Tyranitar\n|-resisted|p1b: Tyranitar|1\n|-damage|p1b: Tyranitar|55/100\n|cant|p1b: Tyranitar|flinch\n|move|p2a: Archaludon|Aura Sphere|p1b: Tyranitar\n|-supereffective|p1b: Tyranitar|2\n|-damage|p1b: Tyranitar|0 fnt\n|faint|p1b: Tyranitar\n|\n|-weather|Sandstorm|[upkeep]\n|-damage|p1a: Chesnaught|93/100|[from] Sandstorm\n|-damage|p2b: Raichu|37/100|[from] Sandstorm\n|upkeep\n|\n|t:|1788437968\n|switch|p1b: Sinistcha|Sinistcha-Masterpiece, L50, shiny|100/100\n|-heal|p1a: Chesnaught|100/100|[from] ability: Hospitality|[of] p1b: Sinistcha\n|turn|4\n|\n|t:|1788437992\n|detailschange|p1a: Chesnaught|Chesnaught-Mega, L50, M, shiny\n|-mega|p1a: Chesnaught|Chesnaught|Chesnaughtite\n|detailschange|p2b: Raichu|Raichu-Mega-Y, L50, F\n|-mega|p2b: Raichu|Raichu|Raichunite Y\n|move|p1a: Chesnaught|Belly Drum|p1a: Chesnaught\n|-damage|p1a: Chesnaught|50/100g\n|-setboost|p1a: Chesnaught|atk|6|[from] move: Belly Drum\n|move|p1b: Sinistcha|Shadow Ball|p2b: Raichu\n|-damage|p2b: Raichu|0 fnt\n|faint|p2b: Raichu\n|move|p2a: Archaludon|Flash Cannon|p1b: Sinistcha\n|-damage|p1b: Sinistcha|58/100\n|\n|-weather|Sandstorm|[upkeep]\n|-damage|p1a: Chesnaught|44/100|[from] Sandstorm\n|-damage|p1b: Sinistcha|52/100|[from] Sandstorm\n|-heal|p1b: Sinistcha|58/100|[from] item: Leftovers\n|upkeep\n|\n|t:|1788438009\n|switch|p2b: Basculegion|Basculegion, L50, M|65/100\n|turn|5\n|\n|t:|1788438020\n|switch|p1b: Farigiraf|Farigiraf, L50, M, shiny|12/100\n|move|p1a: Chesnaught|Seed Bomb|p2b: Basculegion\n|-supereffective|p2b: Basculegion|1\n|-damage|p2b: Basculegion|0 fnt\n|faint|p2b: Basculegion\n|move|p2a: Archaludon|Flash Cannon|p1a: Chesnaught\n|-damage|p1a: Chesnaught|14/100\n|\n|-weather|none\n|upkeep\n|turn|6\n|\n|t:|1788438034\n|switch|p1b: Sinistcha|Sinistcha-Masterpiece, L50, shiny|58/100\n|-heal|p1a: Chesnaught|39/100|[from] ability: Hospitality|[of] p1b: Sinistcha\n|move|p2a: Archaludon|Protect|p2a: Archaludon\n|-singleturn|p2a: Archaludon|Protect\n|move|p1a: Chesnaught|Drain Punch|p2a: Archaludon\n|-activate|p2a: Archaludon|move: Protect\n|\n|-heal|p1b: Sinistcha|65/100|[from] item: Leftovers\n|-fieldend|move: Trick Room\n|upkeep\n|turn|7\n|\n|t:|1788438048\n|move|p1a: Chesnaught|Spiky Shield|p1a: Chesnaught\n|-singleturn|p1a: Chesnaught|move: Protect\n|move|p2a: Archaludon|Flash Cannon|p1b: Sinistcha\n|-damage|p1b: Sinistcha|27/100\n|move|p1b: Sinistcha|Trick Room|p1b: Sinistcha\n|-fieldstart|move: Trick Room|[of] p1b: Sinistcha\n|\n|-heal|p1b: Sinistcha|33/100|[from] item: Leftovers\n|upkeep\n|turn|8\n|-message|Eredostheuseless forfeited.\n|raw|Divine Monkey King's rating: 1185 &rarr; <strong>1214</strong><br />(+29 for winning)\n|raw|Eredostheuseless's rating: 1241 &rarr; <strong>1212</strong><br />(-29 for losing)\n|\n|win|Divine Monkey King\n|l|☆Eredostheuseless\n|player|p2|\n","uploadtime":1788438097,"views":"2","formatid":"gen9championsvgc2026regmbbo3","rating":1212,"private":0,"password":null}