{"id":"gen9championsvgc2026regmb-2674606258","format":"[Gen 9 Champions] VGC 2026 Reg M-B","players":["youngfurhenchman","conngfan"],"log":"|j|☆youngfurhenchman\n|j|☆conngfan\n|t:|1788379465\n|gametype|doubles\n|player|p1|youngfurhenchman|schoolkid-gen4dp|1454\n|player|p2|conngfan|arven-s|1544\n|gen|9\n|tier|[Gen 9 Champions] VGC 2026 Reg M-B\n|rated|\n|rule|Species Clause: Limit one of each Pokémon\n|rule|Item Clause: Limit 1 of each item\n|clearpoke\n|poke|p1|Kingambit, L50, M|\n|poke|p1|Basculegion, L50, M|\n|poke|p1|Garchomp, L50, M|\n|poke|p1|Charizard, L50, M|\n|poke|p1|Whimsicott, L50, M|\n|poke|p1|Floette-Eternal, L50, F|\n|poke|p2|Aerodactyl, L50, M|\n|poke|p2|Raichu, L50, F|\n|poke|p2|Sneasler, L50, M|\n|poke|p2|Sylveon, L50, M|\n|poke|p2|Kingambit, L50, M|\n|poke|p2|Tsareena, L50, F|\n|teampreview|4\n|inactive|Battle timer is ON: inactive players will automatically lose when time's up. (requested by conngfan)\n|\n|t:|1788379489\n|teamsize|p1|4\n|teamsize|p2|4\n|start\n|switch|p1a: Whimsicott|Whimsicott, L50, M|100/100\n|switch|p1b: Floette|Floette-Eternal, L50, F|100/100\n|switch|p2a: Aerodactyl|Aerodactyl, L50, M|100/100\n|switch|p2b: Kingambit|Kingambit, L50, M|100/100\n|-ability|p2a: Aerodactyl|Unnerve\n|turn|1\n|inactive|youngfurhenchman has 30 seconds left.\n|\n|t:|1788379519\n|detailschange|p2a: Aerodactyl|Aerodactyl-Mega, L50, M\n|-mega|p2a: Aerodactyl|Aerodactyl|Aerodactylite\n|detailschange|p1b: Floette|Floette-Mega, L50, F\n|-mega|p1b: Floette|Floette|Floettite\n|-ability|p1b: Floette|Fairy Aura\n|move|p2a: Aerodactyl|Rock Slide|p1b: Floette|[spread] p1a,p1b\n|-damage|p1a: Whimsicott|65/100\n|-damage|p1b: Floette|60/100\n|move|p1a: Whimsicott|Moonblast|p2b: Kingambit\n|-damage|p2b: Kingambit|66/100\n|move|p1b: Floette|Dazzling Gleam|p2a: Aerodactyl|[spread] p2a,p2b\n|-damage|p2a: Aerodactyl|48/100\n|-damage|p2b: Kingambit|20/100y\n|move|p2b: Kingambit|Swords Dance|p2b: Kingambit\n|-boost|p2b: Kingambit|atk|2\n|\n|upkeep\n|turn|2\n|\n|t:|1788379538\n|move|p1b: Floette|Protect|p1b: Floette\n|-singleturn|p1b: Floette|Protect\n|move|p2b: Kingambit|Sucker Punch||[still]\n|-fail|p2b: Kingambit\n|move|p2a: Aerodactyl|Dual Wingbeat|p1a: Whimsicott\n|-supereffective|p1a: Whimsicott|1\n|-damage|p1a: Whimsicott|0 fnt\n|faint|p1a: Whimsicott\n|-hitcount|p1: Whimsicott|1\n|\n|upkeep\n|\n|t:|1788379553\n|switch|p1a: Garchomp|Garchomp, L50, M|100/100\n|turn|3\n|\n|t:|1788379573\n|move|p1a: Garchomp|Protect|p1a: Garchomp\n|-singleturn|p1a: Garchomp|Protect\n|move|p2b: Kingambit|Protect|p2b: Kingambit\n|-singleturn|p2b: Kingambit|Protect\n|move|p2a: Aerodactyl|Tailwind|p2a: Aerodactyl\n|-sidestart|p2: conngfan|move: Tailwind\n|move|p1b: Floette|Dazzling Gleam|p2a: Aerodactyl|[spread] p2a\n|-activate|p2b: Kingambit|move: Protect\n|-damage|p2a: Aerodactyl|0 fnt\n|faint|p2a: Aerodactyl\n|\n|upkeep\n|\n|t:|1788379579\n|switch|p2a: Sylveon|Sylveon, L50, M|100/100\n|turn|4\n|\n|t:|1788379588\n|switch|p1a: Kingambit|Kingambit, L50, M|100/100\n|move|p1b: Floette|Protect|p1b: Floette\n|-singleturn|p1b: Floette|Protect\n|move|p2b: Kingambit|Sucker Punch||[still]\n|-fail|p2b: Kingambit\n|move|p2a: Sylveon|Hyper Beam|p1a: Kingambit\n|-damage|p1a: Kingambit|0 fnt\n|-mustrecharge|p2a: Sylveon\n|faint|p1a: Kingambit\n|\n|upkeep\n|\n|t:|1788379598\n|switch|p1a: Garchomp|Garchomp, L50, M|100/100\n|turn|5\n|\n|t:|1788379613\n|move|p1b: Floette|Protect||[still]\n|-fail|p1b: Floette\n|move|p2b: Kingambit|Sucker Punch||[still]\n|-fail|p2b: Kingambit\n|cant|p2a: Sylveon|recharge\n|move|p1a: Garchomp|Rock Slide|p2b: Kingambit|[spread] p2a\n|-miss|p1a: Garchomp|p2b: Kingambit\n|-damage|p2a: Sylveon|75/100\n|\n|upkeep\n|turn|6\n|\n|t:|1788379629\n|move|p1a: Garchomp|Protect|p1a: Garchomp\n|-singleturn|p1a: Garchomp|Protect\n|move|p1b: Floette|Protect|p1b: Floette\n|-singleturn|p1b: Floette|Protect\n|move|p2a: Sylveon|Hyper Voice|p1a: Garchomp|[spread] \n|-activate|p1a: Garchomp|move: Protect\n|-activate|p1b: Floette|move: Protect\n|move|p2b: Kingambit|Swords Dance|p2b: Kingambit\n|-boost|p2b: Kingambit|atk|2\n|\n|-sideend|p2: conngfan|move: Tailwind\n|upkeep\n|turn|7\n|\n|t:|1788379643\n|move|p1b: Floette|Protect||[still]\n|-fail|p1b: Floette\n|move|p2b: Kingambit|Sucker Punch|p1a: Garchomp\n|-damage|p1a: Garchomp|0 fnt\n|-damage|p2b: Kingambit|8/100|[from] ability: Rough Skin|[of] p1a: Garchomp\n|faint|p1a: Garchomp\n|-damage|p2b: Kingambit|0 fnt|[from] item: Life Orb\n|faint|p2b: Kingambit\n|move|p2a: Sylveon|Hyper Voice|p1b: Floette\n|-damage|p1b: Floette|0 fnt\n|faint|p1b: Floette\n|\n|win|conngfan\n|raw|youngfurhenchman's rating: 1454 &rarr; <strong>1439</strong><br />(-15 for losing)\n|raw|conngfan's rating: 1544 &rarr; <strong>1559</strong><br />(+15 for winning)\n","uploadtime":1788379643,"views":"3","formatid":"gen9championsvgc2026regmb","rating":1439,"private":0,"password":null}