{"id":"gen9championsvgc2026regmb-2674917308","format":"[Gen 9 Champions] VGC 2026 Reg M-B","players":["bristolcitybewears","Drought Drop"],"log":"|j|☆bristolcitybewears\n|j|☆Drought Drop\n|html|<table width=\"100%\"><tr><td align=\"left\">bristolcitybewears</td><td align=\"right\">Drought Drop</tr><tr><td align=\"left\"><i class=\"fa fa-circle\"></i> <i class=\"fa fa-circle-o\"></i> </td><td align=\"right\"><i class=\"fa fa-circle-o\"></i> <i class=\"fa fa-circle\"></i> </tr></table>\n|uhtml|bestof|<h2><strong>Game 3</strong> of <a href=\"/game-bestof3-gen9championsvgc2026regmb-2674914536\">a best-of-3</a></h2>\n|t:|1788435578\n|gametype|doubles\n|player|p1|bristolcitybewears|102|\n|player|p2|Drought Drop|n-masters|\n|gen|9\n|tier|[Gen 9 Champions] VGC 2026 Reg M-B\n|rule|Species Clause: Limit one of each Pokémon\n|rule|Item Clause: Limit 1 of each item\n|raw|<div class=\"infobox\"><details class=\"readmore\" open><summary><strong>1 custom rule:</strong></summary> Best of = 3</details></div>\n|clearpoke\n|poke|p1|Mamoswine, L50, M|\n|poke|p1|Aerodactyl, L50, F|\n|poke|p1|Sableye, L50, M|\n|poke|p1|Sylveon, L50, F|\n|poke|p1|Wyrdeer, L50, M|\n|poke|p1|Scovillain, L50, F|\n|poke|p2|Politoed, L50, F|\n|poke|p2|Kleavor, L50, F|\n|poke|p2|Farigiraf, L50, M|\n|poke|p2|Incineroar, L50, M|\n|poke|p2|Starmie, L50|\n|poke|p2|Goodra-Hisui, L50, F|\n|teampreview|4\n|inactive|Battle timer is ON: inactive players will automatically lose when time's up. (requested by Drought Drop)\nbristolcitybewears rejected open team sheets.\n|inactive|bristolcitybewears has 60 seconds left.\n|inactive|bristolcitybewears has 30 seconds left.\n|inactive|bristolcitybewears has 20 seconds left.\n|\n|t:|1788435650\n|teamsize|p1|4\n|teamsize|p2|4\n|start\n|switch|p1a: GEMS|Sableye, L50, M|100/100\n|switch|p1b: Red hot chill|Scovillain, L50, F|100/100\n|switch|p2a: Politoed|Politoed, L50, F|100/100\n|switch|p2b: Farigiraf|Farigiraf, L50, M|100/100\n|-weather|RainDance|[from] ability: Drizzle|[of] p2a: Politoed\n|turn|1\n|\n|t:|1788435668\n|detailschange|p1a: GEMS|Sableye-Mega, L50, M\n|-mega|p1a: GEMS|Sableye|Sablenite\n|move|p1b: Red hot chill|Protect|p1b: Red hot chill\n|-singleturn|p1b: Red hot chill|Protect\n|move|p2a: Politoed|Icy Wind|p1a: GEMS|[spread] p1a\n|-activate|p1b: Red hot chill|move: Protect\n|-damage|p1a: GEMS|91/100\n|-unboost|p1a: GEMS|spe|1\n|move|p2b: Farigiraf|Calm Mind|p2b: Farigiraf\n|-boost|p2b: Farigiraf|spa|1\n|-boost|p2b: Farigiraf|spd|1\n|move|p1a: GEMS|Throat Chop|p2b: Farigiraf\n|-supereffective|p2b: Farigiraf|1\n|-damage|p2b: Farigiraf|62/100\n|-start|p2b: Farigiraf|Throat Chop|[silent]\n|\n|-weather|RainDance|[upkeep]\n|-ability|p1b: Red hot chill|Moody|boost\n|-boost|p1b: Red hot chill|spa|2\n|-unboost|p1b: Red hot chill|spd|1\n|upkeep\n|turn|2\n|inactive|Drought Drop has 30 seconds left.\n|\n|t:|1788435700\n|move|p2a: Politoed|Protect|p2a: Politoed\n|-singleturn|p2a: Politoed|Protect\n|move|p1b: Red hot chill|Leaf Storm|p2a: Politoed\n|-activate|p2a: Politoed|move: Protect\n|move|p2b: Farigiraf|Baton Pass|p2b: Farigiraf\n|\n|t:|1788435705\n|switch|p2b: Goodra|Goodra-Hisui, L50, F|100/100|[from] Baton Pass\n|move|p1a: GEMS|Throat Chop|p2b: Goodra\n|-damage|p2b: Goodra|77/100\n|\n|-weather|RainDance|[upkeep]\n|-heal|p2b: Goodra|82/100|[from] item: Leftovers\n|-end|p2b: Goodra|Throat Chop|[silent]\n|-ability|p1b: Red hot chill|Moody|boost\n|-boost|p1b: Red hot chill|def|2\n|-unboost|p1b: Red hot chill|spa|1\n|upkeep\n|turn|3\n|inactive|Drought Drop has 30 seconds left.\n|\n|t:|1788435731\n|switch|p2a: Farigiraf|Farigiraf, L50, M|62/100\n|move|p1b: Red hot chill|Leaf Storm|p2a: Farigiraf\n|-ability|p2a: Farigiraf|Sap Sipper|boost\n|-boost|p2a: Farigiraf|atk|1\n|move|p2b: Goodra|Flash Cannon|p1a: GEMS\n|-damage|p1a: GEMS|45/100\n|move|p1a: GEMS|Low Kick|p2b: Goodra\n|-supereffective|p2b: Goodra|1\n|-damage|p2b: Goodra|39/100\n|\n|-weather|RainDance|[upkeep]\n|-heal|p2b: Goodra|44/100|[from] item: Leftovers\n|-ability|p1b: Red hot chill|Moody|boost\n|-boost|p1b: Red hot chill|spd|2\n|-unboost|p1b: Red hot chill|atk|1\n|upkeep\n|turn|4\n|\n|t:|1788435753\n|move|p1b: Red hot chill|Rage Powder|p1b: Red hot chill\n|-singleturn|p1b: Red hot chill|move: Rage Powder\n|move|p2a: Farigiraf|Calm Mind|p2a: Farigiraf\n|-boost|p2a: Farigiraf|spa|1\n|-boost|p2a: Farigiraf|spd|1\n|move|p2b: Goodra|Life Dew|p2b: Goodra|[spread] p2a,p2b\n|-heal|p2a: Farigiraf|88/100\n|-heal|p2b: Goodra|70/100\n|move|p1a: GEMS|Low Kick|p2b: Goodra\n|-supereffective|p2b: Goodra|1\n|-damage|p2b: Goodra|21/100\n|\n|-weather|RainDance|[upkeep]\n|-heal|p2b: Goodra|27/100|[from] item: Leftovers\n|-ability|p1b: Red hot chill|Moody|boost\n|-boost|p1b: Red hot chill|spd|2\n|-unboost|p1b: Red hot chill|spa|1\n|upkeep\n|turn|5\n|\n|t:|1788435775\n|move|p1b: Red hot chill|Protect|p1b: Red hot chill\n|-singleturn|p1b: Red hot chill|Protect\n|move|p2a: Farigiraf|Baton Pass|p2a: Farigiraf\n|\n|t:|1788435779\n|switch|p2a: Politoed|Politoed, L50, F|100/100|[from] Baton Pass\n|move|p2b: Goodra|Flash Cannon|p1a: GEMS\n|-damage|p1a: GEMS|2/100\n|move|p1a: GEMS|Low Kick|p2b: Goodra\n|-supereffective|p2b: Goodra|1\n|-damage|p2b: Goodra|0 fnt\n|faint|p2b: Goodra\n|\n|-weather|none\n|-ability|p1b: Red hot chill|Moody|boost\n|-boost|p1b: Red hot chill|spe|2\n|-unboost|p1b: Red hot chill|spd|1\n|upkeep\n|\n|t:|1788435786\n|switch|p2b: Incineroar|Incineroar, L50, M|100/100\n|-ability|p2b: Incineroar|Intimidate|boost\n|-unboost|p1a: GEMS|atk|1\n|-unboost|p1b: Red hot chill|atk|1\n|turn|6\n|\n|t:|1788435806\n|move|p2b: Incineroar|Fake Out|p1b: Red hot chill\n|-damage|p1b: Red hot chill|89/100\n|cant|p1b: Red hot chill|flinch\n|move|p2a: Politoed|Icy Wind|p1a: GEMS|[spread] p1a,p1b\n|-damage|p1a: GEMS|0 fnt\n|-damage|p1b: Red hot chill|80/100\n|-unboost|p1b: Red hot chill|spe|1\n|faint|p1a: GEMS\n|\n|-ability|p1b: Red hot chill|Moody|boost\n|-boost|p1b: Red hot chill|spe|2\n|-unboost|p1b: Red hot chill|atk|1\n|upkeep\n|\n|t:|1788435819\n|switch|p1a: Jamie Hayter|Sylveon, L50, F|100/100\n|turn|7\n|\n|t:|1788435832\n|move|p2a: Politoed|Protect|p2a: Politoed\n|-singleturn|p2a: Politoed|Protect\n|move|p1b: Red hot chill|Rage Powder|p1b: Red hot chill\n|-singleturn|p1b: Red hot chill|move: Rage Powder\n|move|p1a: Jamie Hayter|Hyper Voice|p2b: Incineroar|[spread] p2b\n|-activate|p2a: Politoed|move: Protect\n|-damage|p2b: Incineroar|53/100\n|move|p2b: Incineroar|Parting Shot|p1b: Red hot chill\n|-unboost|p1b: Red hot chill|atk|1\n|-unboost|p1b: Red hot chill|spa|1\n|\n|t:|1788435837\n|switch|p2b: Farigiraf|Farigiraf, L50, M|88/100|[from] Parting Shot\n|\n|-ability|p1b: Red hot chill|Moody|boost\n|-boost|p1b: Red hot chill|def|2\n|-unboost|p1b: Red hot chill|spd|1\n|upkeep\n|turn|8\n|\n|t:|1788435854\n|move|p1b: Red hot chill|Leaf Storm|p2a: Politoed\n|-supereffective|p2a: Politoed|1\n|-damage|p2a: Politoed|57/100\n|-unboost|p1b: Red hot chill|spa|2\n|move|p2a: Politoed|Muddy Water|p1b: Red hot chill|[spread] p1a,p1b\n|-damage|p1a: Jamie Hayter|66/100\n|-damage|p1b: Red hot chill|52/100\n|move|p1a: Jamie Hayter|Moonblast|p2b: Farigiraf\n|-damage|p2b: Farigiraf|24/100\n|-unboost|p2b: Farigiraf|spa|1\n|move|p2b: Farigiraf|Calm Mind|p2b: Farigiraf\n|-boost|p2b: Farigiraf|spa|1\n|-boost|p2b: Farigiraf|spd|1\n|\n|-ability|p1b: Red hot chill|Moody|boost\n|-boost|p1b: Red hot chill|def|2\n|-unboost|p1b: Red hot chill|atk|1\n|upkeep\n|turn|9\n|\n|t:|1788435877\n|move|p1b: Red hot chill|Leaf Storm|p2a: Politoed\n|-supereffective|p2a: Politoed|1\n|-damage|p2a: Politoed|32/100\n|-unboost|p1b: Red hot chill|spa|2\n|-enditem|p2a: Politoed|Sitrus Berry|[eat]\n|-heal|p2a: Politoed|57/100|[from] item: Sitrus Berry\n|move|p2a: Politoed|Icy Wind|p1b: Red hot chill|[spread] p1a,p1b\n|-damage|p1a: Jamie Hayter|54/100\n|-damage|p1b: Red hot chill|38/100\n|-unboost|p1a: Jamie Hayter|spe|1\n|-unboost|p1b: Red hot chill|spe|1\n|move|p2b: Farigiraf|Calm Mind|p2b: Farigiraf\n|-boost|p2b: Farigiraf|spa|1\n|-boost|p2b: Farigiraf|spd|1\n|move|p1a: Jamie Hayter|Moonblast|p2b: Farigiraf\n|-damage|p2b: Farigiraf|0 fnt\n|faint|p2b: Farigiraf\n|\n|-ability|p1b: Red hot chill|Moody|boost\n|-boost|p1b: Red hot chill|atk|2\n|-unboost|p1b: Red hot chill|spe|1\n|upkeep\n|\n|t:|1788435890\n|switch|p2b: Incineroar|Incineroar, L50, M|53/100\n|-ability|p2b: Incineroar|Intimidate|boost\n|-unboost|p1a: Jamie Hayter|atk|1\n|-unboost|p1b: Red hot chill|atk|1\n|turn|10\n|\n|t:|1788435900\n|move|p1b: Red hot chill|Protect|p1b: Red hot chill\n|-singleturn|p1b: Red hot chill|Protect\n|move|p1a: Jamie Hayter|Protect|p1a: Jamie Hayter\n|-singleturn|p1a: Jamie Hayter|Protect\n|move|p2b: Incineroar|Fake Out|p1a: Jamie Hayter\n|-activate|p1a: Jamie Hayter|move: Protect\n|move|p2a: Politoed|Rain Dance|p2a: Politoed\n|-weather|RainDance\n|\n|-weather|RainDance|[upkeep]\n|-ability|p1b: Red hot chill|Moody|boost\n|-boost|p1b: Red hot chill|atk|2\n|-unboost|p1b: Red hot chill|spa|1\n|upkeep\n|turn|11\n|\n|t:|1788435925\n|move|p1b: Red hot chill|Endeavor|p2a: Politoed\n|-damage|p2a: Politoed|34/100\n|move|p2a: Politoed|Muddy Water|p1a: Jamie Hayter|[spread] p1a,p1b\n|-damage|p1a: Jamie Hayter|6/100\n|-damage|p1b: Red hot chill|0 fnt\n|-unboost|p1a: Jamie Hayter|accuracy|1\n|faint|p1b: Red hot chill\n|move|p2b: Incineroar|Close Combat|p1a: Jamie Hayter\n|-resisted|p1a: Jamie Hayter|1\n|-damage|p1a: Jamie Hayter|0 fnt\n|-unboost|p2b: Incineroar|def|1\n|-unboost|p2b: Incineroar|spd|1\n|faint|p1a: Jamie Hayter\n|-enditem|p2b: Incineroar|White Herb\n|-clearnegativeboost|p2b: Incineroar|[silent]\n|\n|-weather|RainDance|[upkeep]\n|upkeep\n|\n|t:|1788435937\n|switch|p1a: BW: B4 wolfey|Mamoswine, L50, M|100/100\n|turn|12\n|\n|t:|1788435943\n|move|p1a: BW: B4 wolfey|Rock Slide|p2a: Politoed|[spread] p2a,p2b\n|-supereffective|p2b: Incineroar|1\n|-damage|p2a: Politoed|10/100\n|-damage|p2b: Incineroar|18/100\n|move|p2a: Politoed|Muddy Water|p1a: BW: B4 wolfey\n|-supereffective|p1a: BW: B4 wolfey|1\n|-damage|p1a: BW: B4 wolfey|0 fnt\n|faint|p1a: BW: B4 wolfey\n|\n|win|Drought Drop\n|c|☆bristolcitybewears|gg\n|c|☆Drought Drop|GGs\n|c|☆Drought Drop|ty for the patience\n|c|☆Drought Drop|that set was crazy\n|c|☆bristolcitybewears|all good dude\n|c|☆bristolcitybewears|And yet it truly was, I was trying early to get scovillian lower to get one of these two in range\n","uploadtime":1788435953,"views":"14","formatid":"gen9championsvgc2026regmb","rating":null,"private":0,"password":null}