{"id":"gen9championsvgc2026regmb-2674689233","format":"[Gen 9 Champions] VGC 2026 Reg M-B","players":["esdihkid","BroDontFuckWithMe"],"log":"|j|☆esdihkid\n|j|☆BroDontFuckWithMe\n|t:|1788390889\n|gametype|doubles\n|player|p1|esdihkid|drayton|1627\n|player|p2|BroDontFuckWithMe|169|1653\n|gen|9\n|tier|[Gen 9 Champions] VGC 2026 Reg M-B\n|rated|\n|rule|Species Clause: Limit one of each Pokémon\n|rule|Item Clause: Limit 1 of each item\n|clearpoke\n|poke|p1|Kingambit, L50, M|\n|poke|p1|Basculegion, L50, M|\n|poke|p1|Sneasler, L50, F|\n|poke|p1|Garchomp, L50, M|\n|poke|p1|Floette-Eternal, L50, F|\n|poke|p1|Charizard, L50, F|\n|poke|p2|Whimsicott, L50, M|\n|poke|p2|Staraptor, L50, F|\n|poke|p2|Gholdengo, L50|\n|poke|p2|Raichu, L50, M|\n|poke|p2|Primarina, L50, F|\n|poke|p2|Incineroar, L50, M|\n|teampreview|4\nesdihkid has agreed to open team sheets.\n|\n|t:|1788390924\n|teamsize|p1|4\n|teamsize|p2|4\n|start\n|switch|p1a: Floette|Floette-Eternal, L50, F|100/100\n|switch|p1b: Garchomp|Garchomp, L50, M|100/100\n|switch|p2a: Whimsicott|Whimsicott, L50, M|100/100\n|switch|p2b: Gholdengo|Gholdengo, L50|100/100\n|turn|1\n|\n|t:|1788390946\n|detailschange|p1a: Floette|Floette-Mega, L50, F\n|-mega|p1a: Floette|Floette|Floettite\n|-ability|p1a: Floette|Fairy Aura\n|move|p2a: Whimsicott|Charm|p1b: Garchomp\n|-unboost|p1b: Garchomp|atk|2\n|move|p1b: Garchomp|Stomping Tantrum|p2a: Whimsicott\n|-resisted|p2a: Whimsicott|1\n|-damage|p2a: Whimsicott|86/100\n|move|p1a: Floette|Moonblast|p2a: Whimsicott\n|-damage|p2a: Whimsicott|8/100\n|move|p2b: Gholdengo|Make It Rain|p1b: Garchomp|[spread] p1a,p1b\n|-supereffective|p1a: Floette|1\n|-damage|p1a: Floette|28/100\n|-damage|p1b: Garchomp|46/100\n|-unboost|p2b: Gholdengo|spa|2\n|\n|upkeep\n|turn|2\n|\n|t:|1788390963\n|switch|p1a: Kingambit|Kingambit, L50, M|100/100\n|move|p1b: Garchomp|Stomping Tantrum|p2a: Whimsicott\n|-resisted|p2a: Whimsicott|1\n|-damage|p2a: Whimsicott|0 fnt\n|faint|p2a: Whimsicott\n|move|p2b: Gholdengo|Make It Rain|p1b: Garchomp|[spread] p1a,p1b\n|-resisted|p1a: Kingambit|1\n|-damage|p1a: Kingambit|88/100\n|-damage|p1b: Garchomp|18/100\n|-unboost|p2b: Gholdengo|spa|2\n|\n|upkeep\n|\n|t:|1788390970\n|switch|p2a: Staraptor|Staraptor, L50, F|100/100\n|-ability|p2a: Staraptor|Intimidate|boost\n|-unboost|p1a: Kingambit|atk|1\n|-ability|p1a: Kingambit|Defiant|boost\n|-boost|p1a: Kingambit|atk|2\n|-unboost|p1b: Garchomp|atk|1\n|turn|3\n|inactive|Battle timer is ON: inactive players will automatically lose when time's up. (requested by BroDontFuckWithMe)\n|\n|t:|1788390995\n|switch|p1b: Sneasler|Sneasler, L50, F|100/100\n|switch|p2b: Primarina|Primarina, L50, F|100/100\n|detailschange|p2a: Staraptor|Staraptor-Mega, L50, F\n|-mega|p2a: Staraptor|Staraptor|Staraptite\n|move|p2a: Staraptor|Close Combat|p1a: Kingambit\n|-supereffective|p1a: Kingambit|2\n|-enditem|p1a: Kingambit|Chople Berry|[eat]\n|-enditem|p1a: Kingambit|Chople Berry|[weaken]\n|-damage|p1a: Kingambit|17/100\n|-boost|p2a: Staraptor|def|1\n|-boost|p2a: Staraptor|spd|1\n|move|p1a: Kingambit|Kowtow Cleave|p2b: Primarina\n|-resisted|p2b: Primarina|1\n|-damage|p2b: Primarina|62/100\n|\n|-heal|p2b: Primarina|68/100|[from] item: Leftovers\n|upkeep\n|turn|4\n|inactive|esdihkid has 30 seconds left.\n|\n|t:|1788391020\n|switch|p2b: Gholdengo|Gholdengo, L50|100/100\n|move|p1b: Sneasler|Fake Out|p2a: Staraptor\n|-damage|p2a: Staraptor|90/100\n|cant|p2a: Staraptor|flinch\n|move|p1a: Kingambit|Iron Head|p2b: Gholdengo\n|-resisted|p2b: Gholdengo|1\n|-damage|p2b: Gholdengo|68/100\n|\n|upkeep\n|turn|5\n|\n|t:|1788391043\n|switch|p2b: Primarina|Primarina, L50, F|68/100\n|switch|p1a: Garchomp|Garchomp, L50, M|18/100\n|move|p2a: Staraptor|Close Combat|p1a: Garchomp\n|-damage|p1a: Garchomp|0 fnt\n|-boost|p2a: Staraptor|def|1\n|-boost|p2a: Staraptor|spd|1\n|-damage|p2a: Staraptor|77/100|[from] ability: Rough Skin|[of] p1a: Garchomp\n|faint|p1a: Garchomp\n|move|p1b: Sneasler|Dire Claw|p2a: Staraptor\n|-damage|p2a: Staraptor|54/100\n|\n|-heal|p2b: Primarina|74/100|[from] item: Leftovers\n|upkeep\n|\n|t:|1788391059\n|switch|p1a: Floette|Floette-Mega, L50, F|28/100\n|-ability|p1a: Floette|Fairy Aura\n|turn|6\n|\n|t:|1788391072\n|move|p1a: Floette|Protect|p1a: Floette\n|-singleturn|p1a: Floette|Protect\n|move|p2a: Staraptor|Close Combat|p1a: Floette\n|-activate|p1a: Floette|move: Protect\n|move|p1b: Sneasler|Dire Claw|p2b: Primarina\n|-supereffective|p2b: Primarina|1\n|-damage|p2b: Primarina|0 fnt\n|faint|p2b: Primarina\n|\n|upkeep\n|\n|t:|1788391074\n|switch|p2b: Gholdengo|Gholdengo, L50|68/100\n|turn|7\n|\n|t:|1788391089\n|move|p2a: Staraptor|Close Combat|p1a: Floette\n|-resisted|p1a: Floette|1\n|-crit|p1a: Floette\n|-damage|p1a: Floette|0 fnt\n|-boost|p2a: Staraptor|def|1\n|-boost|p2a: Staraptor|spd|1\n|faint|p1a: Floette\n|move|p1b: Sneasler|Dire Claw|p2a: Staraptor\n|-damage|p2a: Staraptor|35/100\n|move|p2b: Gholdengo|Shadow Ball|p1b: Sneasler\n|-damage|p1b: Sneasler|35/100\n|-unboost|p1b: Sneasler|spd|1\n|\n|upkeep\n|\n|t:|1788391095\n|switch|p1a: Kingambit|Kingambit, L50, M|17/100\n|turn|8\n|\n|t:|1788391105\n|move|p2b: Gholdengo|Protect|p2b: Gholdengo\n|-singleturn|p2b: Gholdengo|Protect\n|move|p1a: Kingambit|Sucker Punch||[still]\n|-fail|p1a: Kingambit\n|move|p2a: Staraptor|Roost|p2a: Staraptor\n|-heal|p2a: Staraptor|85/100\n|-singleturn|p2a: Staraptor|move: Roost\n|move|p1b: Sneasler|Dire Claw|p2a: Staraptor\n|-damage|p2a: Staraptor|68/100\n|\n|upkeep\n|turn|9\n|\n|t:|1788391116\n|move|p1a: Kingambit|Sucker Punch|p2b: Gholdengo\n|-supereffective|p2b: Gholdengo|1\n|-damage|p2b: Gholdengo|0 fnt\n|faint|p2b: Gholdengo\n|move|p2a: Staraptor|Close Combat|p1b: Sneasler\n|-resisted|p1b: Sneasler|1\n|-damage|p1b: Sneasler|0 fnt\n|-boost|p2a: Staraptor|def|1\n|-boost|p2a: Staraptor|spd|1\n|faint|p1b: Sneasler\n|\n|upkeep\n|turn|10\n|\n|t:|1788391123\n|move|p2a: Staraptor|Close Combat|p1a: Kingambit\n|-supereffective|p1a: Kingambit|2\n|-damage|p1a: Kingambit|0 fnt\n|-boost|p2a: Staraptor|def|1\n|-boost|p2a: Staraptor|spd|1\n|faint|p1a: Kingambit\n|\n|win|BroDontFuckWithMe\n|raw|esdihkid's rating: 1627 &rarr; <strong>1608</strong><br />(-19 for losing)\n|raw|BroDontFuckWithMe's rating: 1653 &rarr; <strong>1672</strong><br />(+19 for winning)\n","uploadtime":1788391123,"views":"3","formatid":"gen9championsvgc2026regmb","rating":1608,"private":0,"password":null}