{"id":"gen9championsvgc2026regmb-2674678168","format":"[Gen 9 Champions] VGC 2026 Reg M-B","players":["LllLslksmsnsndnd","yellowarsenal"],"log":"|j|☆LllLslksmsnsndnd\n|j|☆yellowarsenal\n|t:|1788389201\n|gametype|doubles\n|player|p1|LllLslksmsnsndnd|1|1035\n|player|p2|yellowarsenal|red|1000\n|gen|9\n|tier|[Gen 9 Champions] VGC 2026 Reg M-B\n|rated|\n|rule|Species Clause: Limit one of each Pokémon\n|rule|Item Clause: Limit 1 of each item\n|clearpoke\n|poke|p1|Dragonite, L50, F|\n|poke|p1|Metagross, L50|\n|poke|p1|Dragapult, L50, F|\n|poke|p1|Tyranitar, L50, M|\n|poke|p1|Garchomp, L50, M|\n|poke|p1|Goodra-Hisui, L50, F|\n|poke|p2|Decidueye, L50, M|\n|poke|p2|Pelipper, L50, F|\n|poke|p2|Swampert, L50, F|\n|poke|p2|Archaludon, L50, F|\n|poke|p2|Grimmsnarl, L50, M|\n|poke|p2|Charizard, L50, M|\n|teampreview|4\n|inactive|Battle timer is ON: inactive players will automatically lose when time's up. (requested by LllLslksmsnsndnd)\nyellowarsenal has agreed to open team sheets.\n|inactive|LllLslksmsnsndnd has 60 seconds left.\n|inactive|yellowarsenal has 60 seconds left.\n|inactive|LllLslksmsnsndnd has 30 seconds left.\n|inactive|LllLslksmsnsndnd has 20 seconds left.\n|inactive|LllLslksmsnsndnd has 15 seconds left.\n|inactive|LllLslksmsnsndnd has 10 seconds left.\n|inactive|LllLslksmsnsndnd has 5 seconds left.\n|\n|t:|1788389294\n|teamsize|p1|4\n|teamsize|p2|4\n|start\n|switch|p1a: Dragapult|Dragapult, L50, F|100/100\n|switch|p1b: Tyranitar|Tyranitar, L50, M|100/100\n|switch|p2a: Pelipper|Pelipper, L50, F|100/100\n|switch|p2b: Grimmsnarl|Grimmsnarl, L50, M|100/100\n|-weather|RainDance|[from] ability: Drizzle|[of] p2a: Pelipper\n|-weather|Sandstorm|[from] ability: Sand Stream|[of] p1b: Tyranitar\n|turn|1\n|inactive|LllLslksmsnsndnd has 30 seconds left.\n|inactive|yellowarsenal has 30 seconds left.\n|inactive|LllLslksmsnsndnd has 20 seconds left.\n|inactive|yellowarsenal has 20 seconds left.\n|inactive|LllLslksmsnsndnd has 15 seconds left.\n|\n|t:|1788389335\n|move|p1a: Dragapult|Light Screen|p1a: Dragapult\n|-sidestart|p1: LllLslksmsnsndnd|move: Light Screen\n|move|p2a: Pelipper|Tailwind|p2a: Pelipper\n|-sidestart|p2: yellowarsenal|move: Tailwind\n|move|p2b: Grimmsnarl|Spirit Break|p1a: Dragapult\n|-supereffective|p1a: Dragapult|1\n|-damage|p1a: Dragapult|31/100\n|move|p1b: Tyranitar|Rock Slide|p2a: Pelipper|[spread] p2a,p2b\n|-supereffective|p2a: Pelipper|1\n|-damage|p2a: Pelipper|18/100\n|-damage|p2b: Grimmsnarl|48/100\n|-enditem|p2a: Pelipper|Sitrus Berry|[eat]\n|-heal|p2a: Pelipper|42/100|[from] item: Sitrus Berry\n|\n|-weather|Sandstorm|[upkeep]\n|-damage|p1a: Dragapult|25/100|[from] Sandstorm\n|-damage|p2a: Pelipper|37/100|[from] Sandstorm\n|-damage|p2b: Grimmsnarl|42/100|[from] Sandstorm\n|upkeep\n|turn|2\n|\n|t:|1788389358\n|move|p1a: Dragapult|Protect|p1a: Dragapult\n|-singleturn|p1a: Dragapult|Protect\n|move|p2a: Pelipper|Wide Guard|p2a: Pelipper\n|-singleturn|p2a: Pelipper|Wide Guard\n|move|p2b: Grimmsnarl|Reflect|p2b: Grimmsnarl\n|-sidestart|p2: yellowarsenal|Reflect\n|move|p1b: Tyranitar|Rock Slide|p2b: Grimmsnarl|[spread] \n|-activate|p2a: Pelipper|move: Wide Guard\n|-activate|p2b: Grimmsnarl|move: Wide Guard\n|\n|-weather|Sandstorm|[upkeep]\n|-damage|p1a: Dragapult|18/100|[from] Sandstorm\n|-damage|p2a: Pelipper|31/100|[from] Sandstorm\n|-damage|p2b: Grimmsnarl|36/100|[from] Sandstorm\n|upkeep\n|turn|3\n|inactive|LllLslksmsnsndnd has 30 seconds left.\n|inactive|yellowarsenal has 30 seconds left.\n|inactive|LllLslksmsnsndnd has 20 seconds left.\n|inactive|LllLslksmsnsndnd has 15 seconds left.\n|inactive|LllLslksmsnsndnd has 10 seconds left.\n|inactive|LllLslksmsnsndnd has 5 seconds left.\n|\n|t:|1788389409\n|switch|p1a: Goodra|Goodra-Hisui, L50, F|100/100\n|move|p2b: Grimmsnarl|Light Screen|p2b: Grimmsnarl\n|-sidestart|p2: yellowarsenal|move: Light Screen\n|move|p2a: Pelipper|Weather Ball|p1a: Goodra\n|-resisted|p1a: Goodra|1\n|-damage|p1a: Goodra|94/100\n|move|p1b: Tyranitar|Thunder Wave|p2b: Grimmsnarl\n|-status|p2b: Grimmsnarl|par\n|\n|-weather|Sandstorm|[upkeep]\n|-damage|p2a: Pelipper|25/100|[from] Sandstorm\n|-damage|p2b: Grimmsnarl|30/100 par|[from] Sandstorm\n|upkeep\n|turn|4\n|inactive|yellowarsenal has 30 seconds left.\n|inactive|yellowarsenal has 20 seconds left.\n|\n|t:|1788389449\n|switch|p2a: Swampert|Swampert, L50, F|100/100\n|move|p2b: Grimmsnarl|Parting Shot|p1b: Tyranitar\n|-hint|Since gen 7, Dark is immune to Prankster moves.\n|-immune|p1b: Tyranitar\n|move|p1b: Tyranitar|Rock Slide|p2a: Swampert|[spread] p2b\n|-miss|p1b: Tyranitar|p2a: Swampert\n|-damage|p2b: Grimmsnarl|0 fnt\n|faint|p2b: Grimmsnarl\n|move|p1a: Goodra|Flash Cannon|p2a: Swampert\n|-resisted|p2a: Swampert|1\n|-damage|p2a: Swampert|84/100\n|\n|-weather|Sandstorm|[upkeep]\n|-sideend|p2: yellowarsenal|move: Tailwind\n|upkeep\n|\n|t:|1788389464\n|switch|p2b: Pelipper|Pelipper, L50, F|25/100\n|-weather|RainDance|[from] ability: Drizzle|[of] p2b: Pelipper\n|turn|5\n|\n|t:|1788389481\n|switch|p1b: Dragapult|Dragapult, L50, F|18/100\n|move|p2b: Pelipper|Tailwind|p2b: Pelipper\n|-sidestart|p2: yellowarsenal|move: Tailwind\n|move|p2a: Swampert|Earthquake|p1b: Dragapult|[spread] p1a,p1b\n|-immune|p2b: Pelipper\n|-supereffective|p1a: Goodra|1\n|-damage|p1a: Goodra|39/100\n|-damage|p1b: Dragapult|0 fnt\n|faint|p1b: Dragapult\n|move|p1a: Goodra|Dragon Tail|p2a: Swampert\n|-damage|p2a: Swampert|68/100\n|drag|p2a: Decidueye|Decidueye, L50, M|100/100\n|\n|-weather|RainDance|[upkeep]\n|upkeep\n|\n|t:|1788389497\n|switch|p1b: Tyranitar|Tyranitar, L50, M|100/100\n|-weather|Sandstorm|[from] ability: Sand Stream|[of] p1b: Tyranitar\n|turn|6\n|\n|t:|1788389511\n|switch|p2b: Swampert|Swampert, L50, F|68/100\n|move|p2a: Decidueye|Leaf Blade|p1b: Tyranitar\n|-supereffective|p1b: Tyranitar|1\n|-damage|p1b: Tyranitar|41/100\n|move|p1a: Goodra|Ice Beam|p2b: Swampert\n|-damage|p2b: Swampert|43/100\n|move|p1b: Tyranitar|Payback|p2a: Decidueye\n|-supereffective|p2a: Decidueye|1\n|-enditem|p2a: Decidueye|Focus Sash\n|-damage|p2a: Decidueye|1/100\n|\n|-weather|Sandstorm|[upkeep]\n|-damage|p2a: Decidueye|0 fnt|[from] Sandstorm\n|faint|p2a: Decidueye\n|-heal|p1b: Tyranitar|46/100|[from] item: Leftovers\n|upkeep\n|\n|t:|1788389526\n|switch|p2a: Pelipper|Pelipper, L50, F|25/100\n|-weather|RainDance|[from] ability: Drizzle|[of] p2a: Pelipper\n|turn|7\n|\n|t:|1788389555\n|switch|p1b: Metagross|Metagross, L50|100/100\n|move|p2a: Pelipper|Weather Ball|p1b: Metagross\n|-damage|p1b: Metagross|54/100\n|move|p2b: Swampert|Earthquake|p1a: Goodra|[spread] p1a,p1b\n|-immune|p2a: Pelipper\n|-supereffective|p1a: Goodra|1\n|-supereffective|p1b: Metagross|1\n|-damage|p1a: Goodra|0 fnt\n|-damage|p1b: Metagross|0 fnt\n|faint|p1a: Goodra\n|faint|p1b: Metagross\n|\n|-weather|RainDance|[upkeep]\n|upkeep\n|\n|t:|1788389576\n|switch|p1a: Tyranitar|Tyranitar, L50, M|46/100\n|-weather|Sandstorm|[from] ability: Sand Stream|[of] p1a: Tyranitar\n|turn|8\n|\n|t:|1788389596\n|detailschange|p2b: Swampert|Swampert-Mega, L50, F\n|-mega|p2b: Swampert|Swampert|Swampertite\n|move|p2a: Pelipper|Wide Guard|p2a: Pelipper\n|-singleturn|p2a: Pelipper|Wide Guard\n|move|p2b: Swampert|Wave Crash|p1a: Tyranitar\n|-supereffective|p1a: Tyranitar|1\n|-damage|p1a: Tyranitar|0 fnt\n|faint|p1a: Tyranitar\n|-damage|p2b: Swampert|25/100|[from] Recoil\n|\n|win|yellowarsenal\n|raw|LllLslksmsnsndnd's rating: 1035 &rarr; <strong>1018</strong><br />(-17 for losing)\n|raw|yellowarsenal's rating: 1000 &rarr; <strong>1044</strong><br />(+44 for winning)\n","uploadtime":1788389610,"views":"8","formatid":"gen9championsvgc2026regmb","rating":1018,"private":0,"password":null}