{"id":"gen9championsvgc2026regmb-2674084283","format":"[Gen 9 Champions] VGC 2026 Reg M-B","players":["R1ply","untakenname22"],"log":"|j|☆R1ply\n|j|☆untakenname22\n|t:|1788296952\n|gametype|doubles\n|player|p1|R1ply|acetrainer-gen4dp|1047\n|player|p2|untakenname22|caitlin|1091\n|gen|9\n|tier|[Gen 9 Champions] VGC 2026 Reg M-B\n|rated|\n|rule|Species Clause: Limit one of each Pokémon\n|rule|Item Clause: Limit 1 of each item\n|clearpoke\n|poke|p1|Raichu, L50, M|\n|poke|p1|Staraptor, L50, M|\n|poke|p1|Kingambit, L50, F|\n|poke|p1|Sylveon, L50, F|\n|poke|p1|Farigiraf, L50, M|\n|poke|p1|Arcanine-Hisui, L50, F|\n|poke|p2|Sylveon, L50, F, shiny|\n|poke|p2|Dragapult, L50, F, shiny|\n|poke|p2|Houndstone, L50, M|\n|poke|p2|Tyranitar, L50, F, shiny|\n|poke|p2|Scizor, L50, M, shiny|\n|poke|p2|Primarina, L50, F, shiny|\n|teampreview|4\n|inactive|Battle timer is ON: inactive players will automatically lose when time's up. (requested by R1ply)\n|inactive|R1ply has 60 seconds left.\n|inactive|R1ply has 30 seconds left.\n|\n|t:|1788297012\n|teamsize|p1|4\n|teamsize|p2|4\n|start\n|switch|p1a: Staraptor|Staraptor, L50, M|100/100\n|switch|p1b: Kingambit|Kingambit, L50, F|100/100\n|switch|p2a: omg personified|Sylveon, L50, F, shiny|100/100\n|switch|p2b: ItsAChicken|Dragapult, L50, F, shiny|100/100\n|-ability|p1a: Staraptor|Intimidate|boost\n|-unboost|p2a: omg personified|atk|1\n|-fail|p2b: ItsAChicken|unboost|[from] ability: Clear Body|[of] p2b: ItsAChicken\n|turn|1\n|inactive|R1ply has 30 seconds left.\n|inactive|untakenname22 has 30 seconds left.\n|inactive|R1ply has 20 seconds left.\n|\n|t:|1788297048\n|move|p1a: Staraptor|Protect|p1a: Staraptor\n|-singleturn|p1a: Staraptor|Protect\n|move|p2b: ItsAChicken|Round|p1b: Kingambit\n|-resisted|p1b: Kingambit|1\n|-damage|p1b: Kingambit|91/100\n|move|p2a: omg personified|Round|p1a: Staraptor|[from] move: Round\n|-activate|p1a: Staraptor|move: Protect\n|move|p1b: Kingambit|Swords Dance|p1b: Kingambit\n|-boost|p1b: Kingambit|atk|2\n|\n|upkeep\n|turn|2\n|inactive|R1ply has 30 seconds left.\n|inactive|R1ply has 20 seconds left.\n|inactive|R1ply has 15 seconds left.\n|\n|t:|1788297088\n|switch|p1a: Sylveon|Sylveon, L50, F|100/100\n|move|p2b: ItsAChicken|Protect|p2b: ItsAChicken\n|-singleturn|p2b: ItsAChicken|Protect\n|move|p2a: omg personified|Hyper Voice|p1a: Sylveon|[spread] p1a,p1b\n|-damage|p1a: Sylveon|63/100\n|-damage|p1b: Kingambit|42/100\n|move|p1b: Kingambit|Swords Dance|p1b: Kingambit\n|-boost|p1b: Kingambit|atk|2\n|\n|upkeep\n|turn|3\n|\n|t:|1788297110\n|move|p2b: ItsAChicken|Protect|p2b: ItsAChicken\n|-singleturn|p2b: ItsAChicken|Protect\n|move|p1b: Kingambit|Protect|p1b: Kingambit\n|-singleturn|p1b: Kingambit|Protect\n|move|p1a: Sylveon|Hyper Beam|p2a: omg personified\n|-damage|p2a: omg personified|18/100\n|-mustrecharge|p1a: Sylveon\n|move|p2a: omg personified|Hyper Voice|p1b: Kingambit|[spread] p1a\n|-activate|p1b: Kingambit|move: Protect\n|-damage|p1a: Sylveon|25/100\n|\n|upkeep\n|turn|4\n|\n|t:|1788297130\n|move|p2a: omg personified|Protect|p2a: omg personified\n|-singleturn|p2a: omg personified|Protect\n|move|p1b: Kingambit|Sucker Punch||[still]\n|-fail|p1b: Kingambit\n|move|p2b: ItsAChicken|Shadow Ball|p1b: Kingambit\n|-resisted|p1b: Kingambit|1\n|-damage|p1b: Kingambit|25/100\n|cant|p1a: Sylveon|recharge\n|\n|upkeep\n|turn|5\n|\n|t:|1788297154\n|move|p1b: Kingambit|Sucker Punch|p2a: omg personified\n|-resisted|p2a: omg personified|1\n|-damage|p2a: omg personified|0 fnt\n|faint|p2a: omg personified\n|-damage|p1b: Kingambit|15/100|[from] item: Life Orb\n|move|p2b: ItsAChicken|Shadow Ball|p1a: Sylveon\n|-damage|p1a: Sylveon|0 fnt\n|faint|p1a: Sylveon\n|\n|upkeep\n|\n|t:|1788297168\n|switch|p1a: Staraptor|Staraptor, L50, M|100/100\n|switch|p2a: Glowstone|Tyranitar, L50, F, shiny|100/100\n|-ability|p1a: Staraptor|Intimidate|boost\n|-unboost|p2a: Glowstone|atk|1\n|-fail|p2b: ItsAChicken|unboost|[from] ability: Clear Body|[of] p2b: ItsAChicken\n|-weather|Sandstorm|[from] ability: Sand Stream|[of] p2a: Glowstone\n|turn|6\n|inactive|R1ply has 30 seconds left.\n|\n|t:|1788297194\n|switch|p2a: TheJanitor|Houndstone, L50, M|100/100\n|detailschange|p1a: Staraptor|Staraptor-Mega, L50, M\n|-mega|p1a: Staraptor|Staraptor|Staraptite\n|move|p2b: ItsAChicken|Protect|p2b: ItsAChicken\n|-singleturn|p2b: ItsAChicken|Protect\n|move|p1b: Kingambit|Sucker Punch||[still]\n|-fail|p1b: Kingambit\n|move|p1a: Staraptor|Close Combat|p2a: TheJanitor\n|-immune|p2a: TheJanitor\n|\n|-weather|Sandstorm|[upkeep]\n|-damage|p2b: ItsAChicken|93/100|[from] Sandstorm\n|-damage|p1a: Staraptor|94/100|[from] Sandstorm\n|upkeep\n|turn|7\n|inactive|untakenname22 has 30 seconds left.\n|inactive|R1ply has 30 seconds left.\n|\n|t:|1788297229\n|move|p2a: TheJanitor|Protect|p2a: TheJanitor\n|-singleturn|p2a: TheJanitor|Protect\n|move|p1b: Kingambit|Sucker Punch|p2b: ItsAChicken\n|-supereffective|p2b: ItsAChicken|1\n|-enditem|p2b: ItsAChicken|Colbur Berry|[eat]\n|-enditem|p2b: ItsAChicken|Colbur Berry|[weaken]\n|-damage|p2b: ItsAChicken|0 fnt\n|faint|p2b: ItsAChicken\n|-damage|p1b: Kingambit|5/100|[from] item: Life Orb\n|move|p1a: Staraptor|Dual Wingbeat|p2a: TheJanitor\n|-activate|p2a: TheJanitor|move: Protect\n|\n|-weather|Sandstorm|[upkeep]\n|-damage|p1a: Staraptor|88/100|[from] Sandstorm\n|upkeep\n|\n|t:|1788297240\n|switch|p2b: Glowstone|Tyranitar, L50, F, shiny|100/100\n|turn|8\n|\n|t:|1788297258\n|detailschange|p2b: Glowstone|Tyranitar-Mega, L50, F, shiny\n|-mega|p2b: Glowstone|Tyranitar|Tyranitarite\n|move|p1b: Kingambit|Sucker Punch|p2a: TheJanitor\n|-supereffective|p2a: TheJanitor|1\n|-damage|p2a: TheJanitor|0 fnt\n|faint|p2a: TheJanitor\n|-damage|p1b: Kingambit|0 fnt|[from] item: Life Orb\n|faint|p1b: Kingambit\n|move|p1a: Staraptor|Close Combat|p2b: Glowstone\n|-supereffective|p2b: Glowstone|2\n|-damage|p2b: Glowstone|0 fnt\n|-boost|p1a: Staraptor|def|1\n|-boost|p1a: Staraptor|spd|1\n|faint|p2b: Glowstone\n|\n|win|R1ply\n|raw|R1ply's rating: 1047 &rarr; <strong>1084</strong><br />(+37 for winning)\n|raw|untakenname22's rating: 1091 &rarr; <strong>1064</strong><br />(-27 for losing)\n|l|☆untakenname22\n|player|p2|\n|c|☆R1ply|gg\n","uploadtime":1788297276,"views":"2","formatid":"gen9championsvgc2026regmb","rating":1064,"private":0,"password":null}