{"id":"gen9championsvgc2026regmb-2674788643","format":"[Gen 9 Champions] VGC 2026 Reg M-B","players":["GenericEdgeLrd","Easowo"],"log":"|j|☆GenericEdgeLrd\n|j|☆Easowo\n|t:|1788407029\n|gametype|doubles\n|player|p1|GenericEdgeLrd|gentleman-gen4|1135\n|player|p2|Easowo|elesa|1044\n|gen|9\n|tier|[Gen 9 Champions] VGC 2026 Reg M-B\n|rated|\n|rule|Species Clause: Limit one of each Pokémon\n|rule|Item Clause: Limit 1 of each item\n|clearpoke\n|poke|p1|Whimsicott, L50, F|\n|poke|p1|Charizard, L50, F, shiny|\n|poke|p1|Gholdengo, L50|\n|poke|p1|Mamoswine, L50, F|\n|poke|p1|Overqwil, L50, F|\n|poke|p1|Farigiraf, L50, F|\n|poke|p2|Basculegion, L50, M, shiny|\n|poke|p2|Floette-Eternal, L50, F|\n|poke|p2|Garchomp, L50, F, shiny|\n|poke|p2|Kingambit, L50, M, shiny|\n|poke|p2|Sneasler, L50, M, shiny|\n|poke|p2|Dragonite, L50, F, shiny|\n|teampreview|4\n|inactive|Battle timer is ON: inactive players will automatically lose when time's up. (requested by GenericEdgeLrd)\n|inactive|Easowo has 60 seconds left.\n|\n|t:|1788407064\n|teamsize|p1|4\n|teamsize|p2|4\n|start\n|switch|p1a: Overqwil|Overqwil, L50, F|100/100\n|switch|p1b: Charizard|Charizard, L50, F, shiny|100/100\n|switch|p2a: Floette|Floette-Eternal, L50, F|100/100\n|switch|p2b: Sneasler|Sneasler, L50, M, shiny|100/100\n|-ability|p1a: Overqwil|Intimidate|boost\n|-unboost|p2a: Floette|atk|1\n|-unboost|p2b: Sneasler|atk|1\n|turn|1\n|\n|t:|1788407083\n|detailschange|p2a: Floette|Floette-Mega, L50, F\n|-mega|p2a: Floette|Floette|Floettite\n|-ability|p2a: Floette|Fairy Aura\n|move|p1b: Charizard|Protect|p1b: Charizard\n|-singleturn|p1b: Charizard|Protect\n|move|p1a: Overqwil|Protect|p1a: Overqwil\n|-singleturn|p1a: Overqwil|Protect\n|move|p2b: Sneasler|Fake Out|p1b: Charizard\n|-activate|p1b: Charizard|move: Protect\n|move|p2a: Floette|Dazzling Gleam|p1b: Charizard|[spread] \n|-activate|p1a: Overqwil|move: Protect\n|-activate|p1b: Charizard|move: Protect\n|\n|upkeep\n|turn|2\n|\n|t:|1788407098\n|detailschange|p1b: Charizard|Charizard-Mega-Y, L50, F, shiny\n|-mega|p1b: Charizard|Charizard|Charizardite Y\n|-weather|SunnyDay|[from] ability: Drought|[of] p1b: Charizard\n|move|p2b: Sneasler|Dire Claw|p1b: Charizard\n|-damage|p1b: Charizard|57/100\n|-status|p1b: Charizard|psn|[from] ability: Poison Touch|[of] p2b: Sneasler\n|move|p2a: Floette|Dazzling Gleam|p1b: Charizard|[spread] p1b\n|-miss|p2a: Floette|p1a: Overqwil\n|-resisted|p1b: Charizard|1\n|-damage|p1b: Charizard|32/100 psn\n|move|p1b: Charizard|Weather Ball|p2b: Sneasler\n|-crit|p2b: Sneasler\n|-enditem|p2b: Sneasler|Focus Sash\n|-damage|p2b: Sneasler|1/100\n|move|p1a: Overqwil|Poison Jab|p2a: Floette\n|-supereffective|p2a: Floette|1\n|-damage|p2a: Floette|0 fnt\n|faint|p2a: Floette\n|\n|-weather|SunnyDay|[upkeep]\n|-damage|p1b: Charizard|20/100y psn|[from] psn\n|upkeep\n|\n|t:|1788407111\n|switch|p2a: Kingambit|Kingambit, L50, M, shiny|100/100\n|turn|3\n|\n|t:|1788407123\n|move|p2a: Kingambit|Sucker Punch|p1b: Charizard\n|-damage|p1b: Charizard|0 fnt\n|faint|p1b: Charizard\n|move|p2b: Sneasler|Dire Claw|p1a: Overqwil\n|-resisted|p1a: Overqwil|1\n|-damage|p1a: Overqwil|83/100\n|move|p1a: Overqwil|Minimize|p1a: Overqwil\n|-boost|p1a: Overqwil|evasion|2\n|\n|-weather|SunnyDay|[upkeep]\n|upkeep\n|\n|t:|1788407127\n|switch|p1b: Mamoswine|Mamoswine, L50, F|100/100\n|turn|4\n|\n|t:|1788407144\n|switch|p2b: Basculegion|Basculegion, L50, M, shiny|100/100\n|move|p1b: Mamoswine|Protect|p1b: Mamoswine\n|-singleturn|p1b: Mamoswine|Protect\n|move|p1a: Overqwil|Crunch|p2b: Basculegion\n|-supereffective|p2b: Basculegion|1\n|-damage|p2b: Basculegion|10/100\n|move|p2a: Kingambit|Iron Head|p1b: Mamoswine\n|-activate|p1b: Mamoswine|move: Protect\n|\n|-weather|SunnyDay|[upkeep]\n|upkeep\n|turn|5\n|inactive|Easowo has 30 seconds left.\n|\n|t:|1788407171\n|move|p1a: Overqwil|Protect|p1a: Overqwil\n|-singleturn|p1a: Overqwil|Protect\n|move|p2b: Basculegion|Protect|p2b: Basculegion\n|-singleturn|p2b: Basculegion|Protect\n|move|p1b: Mamoswine|Earthquake|p2a: Kingambit|[spread] p2a\n|-activate|p1a: Overqwil|move: Protect\n|-activate|p2b: Basculegion|move: Protect\n|-supereffective|p2a: Kingambit|1\n|-damage|p2a: Kingambit|36/100\n|move|p2a: Kingambit|Low Kick|p1b: Mamoswine\n|-supereffective|p1b: Mamoswine|1\n|-damage|p1b: Mamoswine|0 fnt\n|faint|p1b: Mamoswine\n|\n|-weather|SunnyDay|[upkeep]\n|upkeep\n|\n|t:|1788407176\n|switch|p1b: Gholdengo|Gholdengo, L50|100/100\n|turn|6\n|\n|t:|1788407196\n|move|p1b: Gholdengo|Protect|p1b: Gholdengo\n|-singleturn|p1b: Gholdengo|Protect\n|move|p1a: Overqwil|Minimize|p1a: Overqwil\n|-boost|p1a: Overqwil|evasion|2\n|move|p2b: Basculegion|Wave Crash|p1a: Overqwil\n|-damage|p1a: Overqwil|28/100\n|-damage|p2b: Basculegion|0 fnt|[from] Recoil\n|faint|p2b: Basculegion\n|move|p2a: Kingambit|Kowtow Cleave|p1b: Gholdengo\n|-activate|p1b: Gholdengo|move: Protect\n|\n|-weather|none\n|upkeep\n|\n|t:|1788407206\n|switch|p2b: Sneasler|Sneasler, L50, M, shiny|1/100\n|turn|7\n|\n|t:|1788407213\n|move|p2b: Sneasler|Fake Out|p1a: Overqwil|[miss]\n|-miss|p2b: Sneasler|p1a: Overqwil\n|move|p1a: Overqwil|Crunch|p2a: Kingambit\n|-resisted|p2a: Kingambit|1\n|-damage|p2a: Kingambit|22/100\n|-unboost|p2a: Kingambit|def|1\n|-ability|p2a: Kingambit|Defiant|boost\n|-boost|p2a: Kingambit|atk|2\n|move|p1b: Gholdengo|Make It Rain|p2b: Sneasler|[spread] p2a,p2b\n|-resisted|p2a: Kingambit|1\n|-damage|p2a: Kingambit|0 fnt\n|-damage|p2b: Sneasler|0 fnt\n|-unboost|p1b: Gholdengo|spa|2\n|faint|p2a: Kingambit\n|faint|p2b: Sneasler\n|-damage|p1b: Gholdengo|90/100|[from] item: Life Orb\n|\n|win|GenericEdgeLrd\n|raw|GenericEdgeLrd's rating: 1135 &rarr; <strong>1154</strong><br />(+19 for winning)\n|raw|Easowo's rating: 1044 &rarr; <strong>1032</strong><br />(-12 for losing)\n","uploadtime":1788407225,"views":"0","formatid":"gen9championsvgc2026regmb","rating":1032,"private":0,"password":null}