{"id":"gen9championsvgc2026regmb-2674049750","format":"[Gen 9 Champions] VGC 2026 Reg M-B","players":["Pax bois","m3troGoonin"],"log":"|j|☆Pax bois\n|j|☆m3troGoonin\n|t:|1788292559\n|gametype|doubles\n|player|p1|Pax bois|265|1509\n|player|p2|m3troGoonin|101|1438\n|gen|9\n|tier|[Gen 9 Champions] VGC 2026 Reg M-B\n|rated|\n|rule|Species Clause: Limit one of each Pokémon\n|rule|Item Clause: Limit 1 of each item\n|clearpoke\n|poke|p1|Meowstic, L50, M|\n|poke|p1|Sneasler, L50, M|\n|poke|p1|Overqwil, L50, F|\n|poke|p1|Delphox, L50, F|\n|poke|p1|Sableye, L50, M|\n|poke|p1|Klefki, L50, F|\n|poke|p2|Scovillain, L50, F, shiny|\n|poke|p2|Basculegion, L50, M|\n|poke|p2|Kingambit, L50, F|\n|poke|p2|Sneasler, L50, M|\n|poke|p2|Lycanroc-Dusk, L50, M|\n|poke|p2|Froslass, L50, F|\n|teampreview|4\nm3troGoonin has agreed to open team sheets.\n|inactive|Battle timer is ON: inactive players will automatically lose when time's up. (requested by Pax bois)\n|inactive|m3troGoonin has 60 seconds left.\n|inactive|m3troGoonin has 30 seconds left.\n|\n|t:|1788292630\n|teamsize|p1|4\n|teamsize|p2|4\n|start\n|switch|p1a: Meowstic|Meowstic, L50, M|100/100\n|switch|p1b: Overqwil|Overqwil, L50, F|100/100\n|switch|p2a: Kingambit|Kingambit, L50, F|100/100\n|switch|p2b: Froslass|Froslass, L50, F|100/100\n|-ability|p1b: Overqwil|Intimidate|boost\n|-unboost|p2a: Kingambit|atk|1\n|-ability|p2a: Kingambit|Defiant|boost\n|-boost|p2a: Kingambit|atk|2\n|-unboost|p2b: Froslass|atk|1\n|turn|1\n|c|☆m3troGoonin|bruh this team\n|inactive|Pax bois has 30 seconds left.\n|inactive|Pax bois has 20 seconds left.\n|inactive|Pax bois has 15 seconds left.\n|inactive|Pax bois has 10 seconds left.\n|\n|t:|1788292675\n|detailschange|p2b: Froslass|Froslass-Mega, L50, F\n|-mega|p2b: Froslass|Froslass|Froslassite\n|-weather|Snowscape|[from] ability: Snow Warning|[of] p2b: Froslass\n|move|p1a: Meowstic|Sunny Day|p1a: Meowstic\n|-weather|SunnyDay\n|move|p2b: Froslass|Blizzard|p1a: Meowstic|[spread] p1a\n|-miss|p2b: Froslass|p1b: Overqwil\n|-damage|p1a: Meowstic|58/100\n|move|p1b: Overqwil|Stockpile|p1b: Overqwil\n|-start|p1b: Overqwil|stockpile1\n|-boost|p1b: Overqwil|def|1\n|-boost|p1b: Overqwil|spd|1\n|move|p2a: Kingambit|Swords Dance|p2a: Kingambit\n|-boost|p2a: Kingambit|atk|2\n|\n|-weather|SunnyDay|[upkeep]\n|upkeep\n|turn|2\n|\n|t:|1788292699\n|move|p1a: Meowstic|Skill Swap|p1b: Overqwil\n|-activate|p1a: Meowstic|Skill Swap|||[of] p1b: Overqwil\n|-hint|Skill Swap does not announce the abilities of the Pokémon when used between allies.\n|-ability|p1a: Meowstic|Intimidate|boost\n|-unboost|p2a: Kingambit|atk|1\n|-ability|p2a: Kingambit|Defiant|boost\n|-boost|p2a: Kingambit|atk|2\n|-unboost|p2b: Froslass|atk|1\n|move|p1b: Overqwil|Minimize|p1b: Overqwil\n|-boost|p1b: Overqwil|evasion|2\n|move|p2b: Froslass|Blizzard|p1b: Overqwil|[spread] p1a\n|-miss|p2b: Froslass|p1b: Overqwil\n|-damage|p1a: Meowstic|11/100\n|move|p2a: Kingambit|Swords Dance|p2a: Kingambit\n|-boost|p2a: Kingambit|atk|2\n|\n|-weather|SunnyDay|[upkeep]\n|upkeep\n|turn|3\n|inactive|Pax bois has 30 seconds left.\n|\n|t:|1788292726\n|move|p1b: Overqwil|Minimize|p1b: Overqwil\n|-boost|p1b: Overqwil|evasion|2\n|move|p2b: Froslass|Shadow Ball|p1a: Meowstic\n|-supereffective|p1a: Meowstic|1\n|-damage|p1a: Meowstic|0 fnt\n|faint|p1a: Meowstic\n|move|p2a: Kingambit|Kowtow Cleave|p1b: Overqwil\n|-resisted|p1b: Overqwil|1\n|-damage|p1b: Overqwil|25/100\n|\n|-weather|SunnyDay|[upkeep]\n|-heal|p1b: Overqwil|31/100|[from] item: Leftovers\n|upkeep\n|\n|t:|1788292734\n|switch|p1a: Sableye|Sableye, L50, M|100/100\n|turn|4\n|\n|t:|1788292749\n|move|p1b: Overqwil|Protect|p1b: Overqwil\n|-singleturn|p1b: Overqwil|Protect\n|move|p1a: Sableye|Psych Up|p1b: Overqwil\n|-copyboost|p1a: Sableye|p1b: Overqwil|[from] move: Psych Up\n|move|p2b: Froslass|Shadow Ball|p1a: Sableye\n|-crit|p1a: Sableye\n|-damage|p1a: Sableye|40/100\n|move|p2a: Kingambit|Kowtow Cleave|p1b: Overqwil\n|-activate|p1b: Overqwil|move: Protect\n|\n|-weather|SunnyDay|[upkeep]\n|-heal|p1b: Overqwil|37/100|[from] item: Leftovers\n|upkeep\n|turn|5\n|inactive|Pax bois has 30 seconds left.\n|inactive|Pax bois has 20 seconds left.\n|\n|t:|1788292786\n|detailschange|p1a: Sableye|Sableye-Mega, L50, M\n|-mega|p1a: Sableye|Sableye|Sablenite\n|move|p1b: Overqwil|Stockpile|p1b: Overqwil\n|-start|p1b: Overqwil|stockpile2\n|-boost|p1b: Overqwil|def|1\n|-boost|p1b: Overqwil|spd|1\n|move|p2b: Froslass|Shadow Ball|p1a: Sableye|[miss]\n|-miss|p2b: Froslass|p1a: Sableye\n|move|p2a: Kingambit|Kowtow Cleave|p1b: Overqwil\n|-resisted|p1b: Overqwil|1\n|-damage|p1b: Overqwil|0 fnt\n|faint|p1b: Overqwil\n|move|p1a: Sableye|Foul Play|p2a: Kingambit\n|-resisted|p2a: Kingambit|1\n|-damage|p2a: Kingambit|16/100\n|\n|-weather|none\n|upkeep\n|\n|t:|1788292798\n|switch|p1b: Klefki|Klefki, L50, F|100/100\n|turn|6\n|\n|t:|1788292820\n|move|p1b: Klefki|Psych Up|p1a: Sableye\n|-copyboost|p1b: Klefki|p1a: Sableye|[from] move: Psych Up\n|move|p2a: Kingambit|Sucker Punch|p1a: Sableye|[miss]\n|-miss|p2a: Kingambit|p1a: Sableye\n|move|p2b: Froslass|Shadow Ball|p1b: Klefki|[miss]\n|-miss|p2b: Froslass|p1b: Klefki\n|move|p1a: Sableye|Foul Play|p2a: Kingambit\n|-resisted|p2a: Kingambit|1\n|-damage|p2a: Kingambit|0 fnt\n|faint|p2a: Kingambit\n|\n|upkeep\n|inactive|m3troGoonin has 30 seconds left.\n|\n|t:|1788292845\n|switch|p2a: Basculegion|Basculegion, L50, M|100/100\n|turn|7\n|inactive|Pax bois has 30 seconds left.\n|inactive|Pax bois has 20 seconds left.\n|inactive|Pax bois has 15 seconds left.\n|inactive|Pax bois has 10 seconds left.\n|inactive|Pax bois has 5 seconds left.\n|\n|t:|1788292895\n|switch|p2b: Lycanroc|Lycanroc-Dusk, L50, M|100/100\n|move|p1b: Klefki|Substitute|p1b: Klefki\n|-start|p1b: Klefki|Substitute\n|-damage|p1b: Klefki|75/100\n|move|p2a: Basculegion|Last Respects|p1a: Sableye\n|-damage|p1a: Sableye|0 fnt\n|faint|p1a: Sableye\n|-damage|p2a: Basculegion|90/100|[from] item: Life Orb\n|\n|upkeep\n|turn|8\n|\n|t:|1788292914\n|switch|p2b: Froslass|Froslass-Mega, L50, F|100/100\n|-weather|Snowscape|[from] ability: Snow Warning|[of] p2b: Froslass\n|move|p1b: Klefki|Calm Mind|p1b: Klefki\n|-boost|p1b: Klefki|spa|1\n|-boost|p1b: Klefki|spd|1\n|move|p2a: Basculegion|Last Respects|p1b: Klefki|[miss]\n|-miss|p2a: Basculegion|p1b: Klefki\n|\n|-weather|Snowscape|[upkeep]\n|upkeep\n|turn|9\n|\n|t:|1788292928\n|move|p2b: Froslass|Blizzard|p1b: Klefki\n|-resisted|p1b: Klefki|1\n|-activate|p1b: Klefki|move: Substitute|[damage]\n|move|p2a: Basculegion|Last Respects|p1b: Klefki|[miss]\n|-miss|p2a: Basculegion|p1b: Klefki\n|move|p1b: Klefki|Draining Kiss|p2a: Basculegion\n|-damage|p2a: Basculegion|67/100\n|-heal|p1b: Klefki|96/100|[from] drain|[of] p2a: Basculegion\n|\n|-weather|Snowscape|[upkeep]\n|upkeep\n|turn|10\n|\n|t:|1788292953\n|move|p1b: Klefki|Calm Mind|p1b: Klefki\n|-boost|p1b: Klefki|spa|1\n|-boost|p1b: Klefki|spd|1\n|move|p2b: Froslass|Blizzard|p1b: Klefki\n|-resisted|p1b: Klefki|1\n|-end|p1b: Klefki|Substitute\n|move|p2a: Basculegion|Last Respects|p1b: Klefki\n|-damage|p1b: Klefki|45/100\n|-enditem|p1b: Klefki|Sitrus Berry|[eat]\n|-heal|p1b: Klefki|70/100|[from] item: Sitrus Berry\n|-damage|p2a: Basculegion|57/100|[from] item: Life Orb\n|\n|-weather|Snowscape|[upkeep]\n|upkeep\n|turn|11\n|\n|t:|1788292969\n|move|p2b: Froslass|Blizzard|p1b: Klefki\n|-resisted|p1b: Klefki|1\n|-damage|p1b: Klefki|58/100\n|move|p2a: Basculegion|Last Respects|p1b: Klefki\n|-damage|p1b: Klefki|10/100\n|-damage|p2a: Basculegion|48/100|[from] item: Life Orb\n|move|p1b: Klefki|Draining Kiss|p2a: Basculegion\n|-damage|p2a: Basculegion|16/100\n|-heal|p1b: Klefki|39/100|[from] drain|[of] p2a: Basculegion\n|\n|-weather|Snowscape|[upkeep]\n|upkeep\n|turn|12\n|\n|t:|1788292981\n|move|p1b: Klefki|Substitute|p1b: Klefki\n|-start|p1b: Klefki|Substitute\n|-damage|p1b: Klefki|14/100\n|move|p2b: Froslass|Blizzard|p1b: Klefki\n|-resisted|p1b: Klefki|1\n|-activate|p1b: Klefki|move: Substitute|[damage]\n|move|p2a: Basculegion|Last Respects|p1b: Klefki\n|-end|p1b: Klefki|Substitute\n|-damage|p2a: Basculegion|7/100|[from] item: Life Orb\n|\n|-weather|none\n|upkeep\n|turn|13\n|\n|t:|1788292993\n|move|p2b: Froslass|Blizzard|p1b: Klefki\n|-resisted|p1b: Klefki|1\n|-damage|p1b: Klefki|3/100\n|move|p2a: Basculegion|Last Respects|p1b: Klefki\n|-damage|p1b: Klefki|0 fnt\n|faint|p1b: Klefki\n|-damage|p2a: Basculegion|0 fnt|[from] item: Life Orb\n|faint|p2a: Basculegion\n|\n|win|m3troGoonin\n|raw|Pax bois's rating: 1509 &rarr; <strong>1485</strong><br />(-24 for losing)\n|raw|m3troGoonin's rating: 1438 &rarr; <strong>1462</strong><br />(+24 for winning)\n","uploadtime":1788292993,"views":"0","formatid":"gen9championsvgc2026regmb","rating":1462,"private":0,"password":null}