{"id":"gen9championsvgc2026regmb-2674609581","format":"[Gen 9 Champions] VGC 2026 Reg M-B","players":["asefito","ChenZengjia"],"log":"|j|☆asefito\n|j|☆ChenZengjia\n|t:|1788379881\n|gametype|doubles\n|player|p1|asefito|169|1234\n|player|p2|ChenZengjia|ghetsis-gen5bw|1312\n|gen|9\n|tier|[Gen 9 Champions] VGC 2026 Reg M-B\n|rated|\n|rule|Species Clause: Limit one of each Pokémon\n|rule|Item Clause: Limit 1 of each item\n|clearpoke\n|poke|p1|Staraptor, L50, F, shiny|\n|poke|p1|Garchomp, L50, M, shiny|\n|poke|p1|Whimsicott, L50, F, shiny|\n|poke|p1|Delphox, L50, F, shiny|\n|poke|p1|Glimmora, L50, F, shiny|\n|poke|p1|Kingambit, L50, M, shiny|\n|poke|p2|Froslass, L50, F|\n|poke|p2|Dragonite, L50, F|\n|poke|p2|Toxapex, L50, F|\n|poke|p2|Sneasler, L50, F|\n|poke|p2|Kingambit, L50, M|\n|poke|p2|Blaziken, L50, M|\n|teampreview|4\n|inactive|Battle timer is ON: inactive players will automatically lose when time's up. (requested by asefito)\n|inactive|ChenZengjia has 60 seconds left.\n|inactive|ChenZengjia has 30 seconds left.\n|inactive|ChenZengjia has 20 seconds left.\n|inactive|ChenZengjia has 15 seconds left.\n|inactive|ChenZengjia has 10 seconds left.\n|\n|t:|1788379966\n|teamsize|p1|4\n|teamsize|p2|4\n|start\n|switch|p1a: Whimsicott|Whimsicott, L50, F, shiny|100/100\n|switch|p1b: Glimmora|Glimmora, L50, F, shiny|100/100\n|switch|p2a: Gazel|Froslass, L50, F|100/100\n|switch|p2b: Dragonite|Dragonite, L50, F|100/100\n|turn|1\n|inactive|ChenZengjia has 30 seconds left.\n|\n|t:|1788379999\n|detailschange|p2a: Gazel|Froslass-Mega, L50, F\n|-mega|p2a: Gazel|Froslass|Froslassite\n|-weather|Snowscape|[from] ability: Snow Warning|[of] p2a: Gazel\n|move|p1a: Whimsicott|Tailwind|p1a: Whimsicott\n|-sidestart|p1: asefito|move: Tailwind\n|move|p1b: Glimmora|Power Gem|p2a: Gazel\n|-supereffective|p2a: Gazel|1\n|-damage|p2a: Gazel|0 fnt\n|faint|p2a: Gazel\n|move|p2b: Dragonite|Dragon Claw|p1b: Glimmora\n|-damage|p1b: Glimmora|21/100\n|-activate|p1b: Glimmora|ability: Toxic Debris\n|-sidestart|p2: ChenZengjia|move: Toxic Spikes\n|-damage|p2b: Dragonite|90/100|[from] item: Life Orb\n|\n|-weather|Snowscape|[upkeep]\n|upkeep\n|\n|t:|1788380016\n|switch|p2a: Sneasler|Sneasler, L50, F|100/100\n|-sideend|p2: ChenZengjia|move: Toxic Spikes|[of] p2a: Sneasler\n|turn|2\n|\n|t:|1788380029\n|move|p2a: Sneasler|Fake Out|p1a: Whimsicott\n|-damage|p1a: Whimsicott|78/100\n|move|p2b: Dragonite|Extreme Speed|p1b: Glimmora\n|-resisted|p1b: Glimmora|1\n|-damage|p1b: Glimmora|0 fnt\n|-activate|p1b: Glimmora|ability: Toxic Debris\n|-sidestart|p2: ChenZengjia|move: Toxic Spikes\n|faint|p1b: Glimmora\n|-damage|p2b: Dragonite|80/100|[from] item: Life Orb\n|cant|p1a: Whimsicott|flinch\n|\n|-weather|Snowscape|[upkeep]\n|upkeep\n|\n|t:|1788380039\n|switch|p1b: Delphox|Delphox, L50, F, shiny|100/100\n|turn|3\n|inactive|ChenZengjia has 30 seconds left.\n|\n|t:|1788380068\n|detailschange|p1b: Delphox|Delphox-Mega, L50, F, shiny\n|-mega|p1b: Delphox|Delphox|Delphoxite\n|move|p1b: Delphox|Heat Wave|p2b: Dragonite|[spread] p2a,p2b\n|-resisted|p2b: Dragonite|1\n|-damage|p2a: Sneasler|43/100\n|-damage|p2b: Dragonite|59/100\n|-status|p2b: Dragonite|brn\n|move|p1a: Whimsicott|Moonblast|p2b: Dragonite\n|-supereffective|p2b: Dragonite|1\n|-damage|p2b: Dragonite|0 fnt\n|faint|p2b: Dragonite\n|move|p2a: Sneasler|Poison Jab|p1a: Whimsicott\n|-supereffective|p1a: Whimsicott|2\n|-damage|p1a: Whimsicott|0 fnt\n|faint|p1a: Whimsicott\n|\n|-weather|Snowscape|[upkeep]\n|upkeep\n|\n|t:|1788380085\n|switch|p1a: Garchomp|Garchomp, L50, M, shiny|100/100\n|switch|p2b: Toxapex|Toxapex, L50, F|100/100\n|-sideend|p2: ChenZengjia|move: Toxic Spikes|[of] p2b: Toxapex\n|turn|4\n|\n|t:|1788380094\n|move|p2b: Toxapex|Wide Guard|p2b: Toxapex\n|-singleturn|p2b: Toxapex|Wide Guard\n|move|p1b: Delphox|Psychic|p2b: Toxapex\n|-supereffective|p2b: Toxapex|1\n|-damage|p2b: Toxapex|10/100\n|move|p1a: Garchomp|Dragon Claw|p2a: Sneasler\n|-damage|p2a: Sneasler|0 fnt\n|faint|p2a: Sneasler\n|-damage|p1a: Garchomp|90/100|[from] item: Life Orb\n|\n|-weather|Snowscape|[upkeep]\n|-heal|p2b: Toxapex|16/100|[from] item: Leftovers\n|-sideend|p1: asefito|move: Tailwind\n|upkeep\n|turn|5\n|-message|ChenZengjia forfeited.\n|\n|win|asefito\n|raw|asefito's rating: 1234 &rarr; <strong>1265</strong><br />(+31 for winning)\n|raw|ChenZengjia's rating: 1312 &rarr; <strong>1288</strong><br />(-24 for losing)\n","uploadtime":1788380104,"views":"0","formatid":"gen9championsvgc2026regmb","rating":1265,"private":0,"password":null}