{"id":"gen9championsvgc2026regmb-2674031279","format":"[Gen 9 Champions] VGC 2026 Reg M-B","players":["Vhplays","BIOSTurtleVGC"],"log":"|j|☆Vhplays\n|j|☆BIOSTurtleVGC\n|t:|1788290357\n|gametype|doubles\n|player|p1|Vhplays|266|1019\n|player|p2|BIOSTurtleVGC|swimmer|1049\n|gen|9\n|tier|[Gen 9 Champions] VGC 2026 Reg M-B\n|rated|\n|rule|Species Clause: Limit one of each Pokémon\n|rule|Item Clause: Limit 1 of each item\n|clearpoke\n|poke|p1|Cofagrigus, L50, F|\n|poke|p1|Lycanroc-Midnight, L50, F|\n|poke|p1|Infernape, L50, F|\n|poke|p1|Hawlucha, L50, F|\n|poke|p1|Samurott, L50, M|\n|poke|p1|Pangoro, L50, M|\n|poke|p2|Malamar, L50, F|\n|poke|p2|Grimmsnarl, L50, M|\n|poke|p2|Scrafty, L50, M|\n|poke|p2|Sinistcha, L50|\n|poke|p2|Vaporeon, L50, M|\n|poke|p2|Tinkaton, L50, F|\n|teampreview|4\n|\n|t:|1788290397\n|teamsize|p1|4\n|teamsize|p2|4\n|start\n|switch|p1a: Goleiro Bruno|Cofagrigus, L50, F|100/100\n|switch|p1b: Zico|Infernape, L50, F|100/100\n|switch|p2a: Malamar|Malamar, L50, F|100/100\n|switch|p2b: Grimmsnarl|Grimmsnarl, L50, M|100/100\n|turn|1\n|\n|t:|1788290441\n|detailschange|p2a: Malamar|Malamar-Mega, L50, F\n|-mega|p2a: Malamar|Malamar|Malamarite\n|move|p1b: Zico|Fake Out|p2a: Malamar\n|-damage|p2a: Malamar|85/100\n|move|p2b: Grimmsnarl|Scary Face|p2a: Malamar\n|-boost|p2a: Malamar|spe|2\n|cant|p2a: Malamar|flinch\n|move|p1a: Goleiro Bruno|Imprison|p1a: Goleiro Bruno\n|-start|p1a: Goleiro Bruno|move: Imprison\n|\n|upkeep\n|turn|2\n|\n|t:|1788290470\n|move|p2b: Grimmsnarl|Parting Shot|p2a: Malamar\n|-boost|p2a: Malamar|atk|1\n|-boost|p2a: Malamar|spa|1\n|\n|t:|1788290474\n|switch|p2b: Sinistcha|Sinistcha, L50|100/100|[from] Parting Shot\n|-heal|p2a: Malamar|100/100|[from] ability: Hospitality|[of] p2b: Sinistcha\n|move|p2a: Malamar|Psycho Cut|p1b: Zico\n|-supereffective|p1b: Zico|1\n|-enditem|p1b: Zico|Focus Sash\n|-damage|p1b: Zico|1/100\n|move|p1b: Zico|Close Combat|p2a: Malamar\n|-damage|p2a: Malamar|29/100\n|-unboost|p1b: Zico|def|1\n|-unboost|p1b: Zico|spd|1\n|move|p1a: Goleiro Bruno|Power Split|p2a: Malamar\n|-activate|p1a: Goleiro Bruno|move: Power Split|[of] p2a: Malamar\n|\n|upkeep\n|turn|3\n|\n|t:|1788290512\n|move|p2b: Sinistcha|Rage Powder|p2b: Sinistcha\n|-singleturn|p2b: Sinistcha|move: Rage Powder\n|move|p2a: Malamar|Superpower|p1b: Zico\n|-damage|p1b: Zico|0 fnt\n|-boost|p2a: Malamar|atk|1\n|-boost|p2a: Malamar|def|1\n|faint|p1b: Zico\n|move|p1a: Goleiro Bruno|Trick Room|p1a: Goleiro Bruno\n|-fieldstart|move: Trick Room|[of] p1a: Goleiro Bruno\n|\n|upkeep\n|\n|t:|1788290532\n|switch|p1b: Foo Fighter|Hawlucha, L50, F|100/100\n|-ability|p1b: Foo Fighter|Mold Breaker\n|turn|4\n|\n|t:|1788290559\n|move|p1a: Goleiro Bruno|Protect|p1a: Goleiro Bruno\n|-singleturn|p1a: Goleiro Bruno|Protect\n|move|p2b: Sinistcha|Rage Powder|p2b: Sinistcha\n|-singleturn|p2b: Sinistcha|move: Rage Powder\n|move|p1b: Foo Fighter|Rock Slide|p2b: Sinistcha|[spread] p2a,p2b\n|-damage|p2a: Malamar|16/100\n|-damage|p2b: Sinistcha|89/100\n|move|p2a: Malamar|Knock Off|p1a: Goleiro Bruno\n|-activate|p1a: Goleiro Bruno|move: Protect\n|\n|upkeep\n|turn|5\n|\n|t:|1788290580\n|move|p1a: Goleiro Bruno|Protect||[still]\n|-fail|p1a: Goleiro Bruno\n|move|p2b: Sinistcha|Rage Powder|p2b: Sinistcha\n|-singleturn|p2b: Sinistcha|move: Rage Powder\n|move|p1b: Foo Fighter|Rock Slide|p2a: Malamar|[spread] p2a\n|-miss|p1b: Foo Fighter|p2b: Sinistcha\n|-damage|p2a: Malamar|4/100\n|move|p2a: Malamar|Knock Off|p1a: Goleiro Bruno\n|-supereffective|p1a: Goleiro Bruno|1\n|-damage|p1a: Goleiro Bruno|28/100\n|-activate|p1a: Goleiro Bruno|ability: Mummy|p2a: Malamar|[ability] Contrary\n|\n|upkeep\n|turn|6\n|\n|t:|1788290600\n|switch|p2a: Vaporeon|Vaporeon, L50, M|100/100\n|move|p1a: Goleiro Bruno|Protect|p1a: Goleiro Bruno\n|-singleturn|p1a: Goleiro Bruno|Protect\n|move|p2b: Sinistcha|Matcha Gotcha|p1a: Goleiro Bruno|[spread] p1b\n|-activate|p1a: Goleiro Bruno|move: Protect\n|-resisted|p1b: Foo Fighter|1\n|-damage|p1b: Foo Fighter|80/100\n|-heal|p2b: Sinistcha|98/100|[from] drain|[of] p1b: Foo Fighter\n|move|p1b: Foo Fighter|Rock Slide|p2a: Vaporeon|[spread] p2a,p2b\n|-damage|p2a: Vaporeon|83/100\n|-damage|p2b: Sinistcha|87/100\n|\n|upkeep\n|turn|7\n|\n|t:|1788290624\n|move|p2a: Vaporeon|Wish|p2a: Vaporeon\n|move|p2b: Sinistcha|Matcha Gotcha|p1a: Goleiro Bruno|[spread] p1b\n|-miss|p2b: Sinistcha|p1a: Goleiro Bruno\n|-resisted|p1b: Foo Fighter|1\n|-damage|p1b: Foo Fighter|60/100\n|-heal|p2b: Sinistcha|96/100|[from] drain|[of] p1b: Foo Fighter\n|move|p1b: Foo Fighter|U-turn|p2a: Vaporeon\n|-damage|p2a: Vaporeon|59/100\n|\n|t:|1788290634\n|switch|p1b: Samurott|Samurott, L50, M|100/100|[from] U-turn\n|move|p1a: Goleiro Bruno|Trick Room|p1a: Goleiro Bruno\n|-fieldend|move: Trick Room\n|\n|upkeep\n|turn|8\n|\n|t:|1788290648\n|switch|p2a: Malamar|Malamar-Mega, L50, F|4/100\n|move|p1b: Samurott|Air Slash|p2a: Malamar\n|-damage|p2a: Malamar|0 fnt\n|faint|p2a: Malamar\n|-damage|p1b: Samurott|90/100|[from] item: Life Orb\n|move|p2b: Sinistcha|Matcha Gotcha|p1b: Samurott|[spread] p1a,p1b\n|-supereffective|p1b: Samurott|1\n|-damage|p1a: Goleiro Bruno|6/100\n|-heal|p2b: Sinistcha|100/100|[from] drain|[of] p1a: Goleiro Bruno\n|-damage|p1b: Samurott|27/100\n|move|p1a: Goleiro Bruno|Trick Room|p1a: Goleiro Bruno\n|-fieldstart|move: Trick Room|[of] p1a: Goleiro Bruno\n|\n|upkeep\n|\n|t:|1788290664\n|switch|p2a: Grimmsnarl|Grimmsnarl, L50, M|100/100\n|turn|9\n|\n|t:|1788290686\n|move|p1a: Goleiro Bruno|Protect|p1a: Goleiro Bruno\n|-singleturn|p1a: Goleiro Bruno|Protect\n|move|p2a: Grimmsnarl|Scary Face|p2b: Sinistcha\n|-unboost|p2b: Sinistcha|spe|2\n|move|p2b: Sinistcha|Matcha Gotcha|p1a: Goleiro Bruno|[spread] p1b\n|-activate|p1a: Goleiro Bruno|move: Protect\n|-supereffective|p1b: Samurott|1\n|-damage|p1b: Samurott|0 fnt\n|faint|p1b: Samurott\n|\n|upkeep\n|\n|t:|1788290698\n|switch|p1b: Foo Fighter|Hawlucha, L50, F|60/100\n|-ability|p1b: Foo Fighter|Mold Breaker\n|turn|10\n|\n|t:|1788290722\n|move|p2a: Grimmsnarl|Parting Shot|p1b: Foo Fighter\n|-unboost|p1b: Foo Fighter|atk|1\n|-unboost|p1b: Foo Fighter|spa|1\n|\n|t:|1788290727\n|switch|p2a: Vaporeon|Vaporeon, L50, M|59/100|[from] Parting Shot\n|move|p2b: Sinistcha|Matcha Gotcha|p1b: Foo Fighter|[spread] p1a,p1b\n|-resisted|p1b: Foo Fighter|1\n|-damage|p1a: Goleiro Bruno|0 fnt\n|-damage|p1b: Foo Fighter|38/100\n|faint|p1a: Goleiro Bruno\n|move|p1b: Foo Fighter|Encore||[still]\n|-fail|p1b: Foo Fighter\n|\n|upkeep\n|turn|11\n|\n|t:|1788290756\n|move|p2b: Sinistcha|Matcha Gotcha|p1b: Foo Fighter\n|-resisted|p1b: Foo Fighter|1\n|-damage|p1b: Foo Fighter|11/100\n|-status|p1b: Foo Fighter|brn\n|move|p2a: Vaporeon|Ice Beam|p1b: Foo Fighter\n|-supereffective|p1b: Foo Fighter|1\n|-damage|p1b: Foo Fighter|0 fnt\n|faint|p1b: Foo Fighter\n|\n|win|BIOSTurtleVGC\n|raw|Vhplays's rating: 1019 &rarr; <strong>1007</strong><br />(-12 for losing)\n|raw|BIOSTurtleVGC's rating: 1049 &rarr; <strong>1079</strong><br />(+30 for winning)\n|c|☆BIOSTurtleVGC|gg\n","uploadtime":1788290767,"views":"9","formatid":"gen9championsvgc2026regmb","rating":1007,"private":0,"password":null}