{"id":"gen9championsvgc2026regmb-2674983921","format":"[Gen 9 Champions] VGC 2026 Reg M-B","players":["blackred123永雏塔菲侠","daisabe沼王侠"],"log":"|j|☆blackred123永雏塔菲侠\n|j|☆daisabe沼王侠\n|t:|1788445225\n|gametype|doubles\n|player|p1|blackred123永雏塔菲侠|emma|\n|player|p2|daisabe沼王侠|may-masters4|\n|gen|9\n|tier|[Gen 9 Champions] VGC 2026 Reg M-B\n|rule|Species Clause: Limit one of each Pokémon\n|rule|Item Clause: Limit 1 of each item\n|clearpoke\n|poke|p1|Raichu, L50, F|\n|poke|p1|Froslass, L50, F|\n|poke|p1|Garchomp, L50, M|\n|poke|p1|Kingambit, L50, F|\n|poke|p1|Toxapex, L50, F|\n|poke|p1|Incineroar, L50, M|\n|poke|p2|Banette, L50, F, shiny|\n|poke|p2|Sneasler, L50, F, shiny|\n|poke|p2|Basculegion, L50, M, shiny|\n|poke|p2|Kingambit, L50, F, shiny|\n|poke|p2|Sylveon, L50, F, shiny|\n|poke|p2|Aerodactyl, L50, F, shiny|\n|teampreview|4\n|inactive|Battle timer is ON: inactive players will automatically lose when time's up. (requested by blackred123永雏塔菲侠)\n|\n|t:|1788445254\n|teamsize|p1|4\n|teamsize|p2|4\n|start\n|switch|p1a: Froslass|Froslass, L50, F|100/100\n|switch|p1b: Garchomp|Garchomp, L50, M|100/100\n|switch|p2a: 鬼胶娃娃|Banette, L50, F, shiny|100/100\n|switch|p2b: 黄赌毒|Sneasler, L50, F, shiny|100/100\n|-item|p1a: Froslass|Froslassite|[from] ability: Frisk|[of] p2a: 鬼胶娃娃\n|-item|p1b: Garchomp|Choice Scarf|[from] ability: Frisk|[of] p2a: 鬼胶娃娃\n|turn|1\n|inactive|blackred123永雏塔菲侠 has 30 seconds left.\n|\n|t:|1788445284\n|detailschange|p1a: Froslass|Froslass-Mega, L50, F\n|-mega|p1a: Froslass|Froslass|Froslassite\n|-weather|Snowscape|[from] ability: Snow Warning|[of] p1a: Froslass\n|detailschange|p2a: 鬼胶娃娃|Banette-Mega, L50, F, shiny\n|-mega|p2a: 鬼胶娃娃|Banette|Banettite\n|move|p2a: 鬼胶娃娃|Swagger|p2b: 黄赌毒|[miss]\n|-miss|p2a: 鬼胶娃娃|p2b: 黄赌毒\n|move|p1b: Garchomp|Stomping Tantrum|p2b: 黄赌毒\n|-supereffective|p2b: 黄赌毒|1\n|-damage|p2b: 黄赌毒|25/100\n|move|p1a: Froslass|Aurora Veil|p1a: Froslass\n|-sidestart|p1: blackred123永雏塔菲侠|move: Aurora Veil\n|move|p2b: 黄赌毒|Close Combat|p1b: Garchomp\n|-damage|p1b: Garchomp|66/100\n|-unboost|p2b: 黄赌毒|def|1\n|-unboost|p2b: 黄赌毒|spd|1\n|-damage|p2b: 黄赌毒|13/100|[from] ability: Rough Skin|[of] p1b: Garchomp\n|\n|-weather|Snowscape|[upkeep]\n|upkeep\n|turn|2\n|inactive|blackred123永雏塔菲侠 has 30 seconds left.\n|\n|t:|1788445311\n|switch|p1b: Toxapex|Toxapex, L50, F|100/100\n|move|p2b: 黄赌毒|Protect|p2b: 黄赌毒\n|-singleturn|p2b: 黄赌毒|Protect\n|move|p2a: 鬼胶娃娃|Encore|p1a: Froslass\n|-start|p1a: Froslass|Encore\n|move|p1a: Froslass|Aurora Veil||[still]\n|-fail|p1a: Froslass\n|\n|-weather|Snowscape|[upkeep]\n|upkeep\n|turn|3\n|c|☆blackred123永雏塔菲侠|哎\n|c|☆blackred123永雏塔菲侠|卧槽\n|c|☆daisabe沼王侠|😋\n|\n|t:|1788445327\n|switch|p1a: Garchomp|Garchomp, L50, M|66/100\n|move|p2a: 鬼胶娃娃|Swagger|p2b: 黄赌毒\n|-boost|p2b: 黄赌毒|atk|2\n|-start|p2b: 黄赌毒|confusion\n|-enditem|p2b: 黄赌毒|Lum Berry|[eat]\n|-end|p2b: 黄赌毒|confusion\n|move|p2b: 黄赌毒|Close Combat|p1a: Garchomp\n|-damage|p1a: Garchomp|0 fnt\n|-unboost|p2b: 黄赌毒|def|1\n|-unboost|p2b: 黄赌毒|spd|1\n|-damage|p2b: 黄赌毒|1/100|[from] ability: Rough Skin|[of] p1a: Garchomp\n|faint|p1a: Garchomp\n|move|p1b: Toxapex|Infestation|p2b: 黄赌毒\n|-resisted|p2b: 黄赌毒|2\n|-damage|p2b: 黄赌毒|0 fnt\n|faint|p2b: 黄赌毒\n|\n|-weather|Snowscape|[upkeep]\n|upkeep\n|c|☆daisabe沼王侠|哈哈哈哈哈哈\n|\n|t:|1788445342\n|switch|p1a: Froslass|Froslass-Mega, L50, F|100/100\n|switch|p2b: 仙开裹尸布|Sylveon, L50, F, shiny|100/100\n|turn|4\n|\n|t:|1788445359\n|move|p1a: Froslass|Protect|p1a: Froslass\n|-singleturn|p1a: Froslass|Protect\n|move|p2b: 仙开裹尸布|Detect|p2b: 仙开裹尸布\n|-singleturn|p2b: 仙开裹尸布|Protect\n|move|p2a: 鬼胶娃娃|Destiny Bond|p2a: 鬼胶娃娃\n|-singlemove|p2a: 鬼胶娃娃|Destiny Bond\n|move|p1b: Toxapex|Toxic|p2b: 仙开裹尸布\n|-activate|p2b: 仙开裹尸布|move: Protect\n|\n|-weather|Snowscape|[upkeep]\n|upkeep\n|turn|5\n|\n|t:|1788445372\n|switch|p1a: Kingambit|Kingambit, L50, F|100/100\n|move|p2b: 仙开裹尸布|Hyper Voice|p1b: Toxapex|[spread] p1a,p1b\n|-resisted|p1b: Toxapex|1\n|-damage|p1a: Kingambit|71/100\n|-damage|p1b: Toxapex|88/100\n|move|p2a: 鬼胶娃娃|Poltergeist|p1a: Kingambit\n|-activate|p1a: Kingambit|move: Poltergeist|Chople Berry\n|-resisted|p1a: Kingambit|1\n|-damage|p1a: Kingambit|54/100\n|move|p1b: Toxapex|Infestation|p2a: 鬼胶娃娃\n|-resisted|p2a: 鬼胶娃娃|1\n|-damage|p2a: 鬼胶娃娃|98/100\n|-activate|p2a: 鬼胶娃娃|move: Infestation|[of] p1b: Toxapex\n|\n|-weather|none\n|-heal|p1b: Toxapex|94/100|[from] item: Leftovers\n|-damage|p2a: 鬼胶娃娃|85/100|[from] move: Infestation|[partiallytrapped]\n|-sideend|p1: blackred123永雏塔菲侠|move: Aurora Veil\n|upkeep\n|turn|6\n|\n|t:|1788445390\n|move|p1b: Toxapex|Wide Guard|p1b: Toxapex\n|-singleturn|p1b: Toxapex|Wide Guard\n|move|p2a: 鬼胶娃娃|Encore|p1b: Toxapex\n|-start|p1b: Toxapex|Encore\n|move|p2b: 仙开裹尸布|Hyper Voice|p1a: Kingambit|[spread] \n|-activate|p1a: Kingambit|move: Wide Guard\n|-activate|p1b: Toxapex|move: Wide Guard\n|move|p1a: Kingambit|Iron Head|p2b: 仙开裹尸布\n|-supereffective|p2b: 仙开裹尸布|1\n|-damage|p2b: 仙开裹尸布|0 fnt\n|faint|p2b: 仙开裹尸布\n|\n|-heal|p1b: Toxapex|100/100|[from] item: Leftovers\n|-damage|p2a: 鬼胶娃娃|73/100|[from] move: Infestation|[partiallytrapped]\n|upkeep\n|\n|t:|1788445394\n|switch|p2b: 鲑头紫尾|Basculegion, L50, M, shiny|100/100\n|turn|7\n|\n|t:|1788445408\n|switch|p1b: Froslass|Froslass-Mega, L50, F|100/100\n|-weather|Snowscape|[from] ability: Snow Warning|[of] p1b: Froslass\n|move|p2a: 鬼胶娃娃|Destiny Bond|p2a: 鬼胶娃娃\n|-singlemove|p2a: 鬼胶娃娃|Destiny Bond\n|move|p1a: Kingambit|Sucker Punch|p2b: 鲑头紫尾\n|-supereffective|p2b: 鲑头紫尾|1\n|-enditem|p2b: 鲑头紫尾|Focus Sash\n|-damage|p2b: 鲑头紫尾|1/100\n|move|p2b: 鲑头紫尾|Liquidation|p1a: Kingambit\n|-damage|p1a: Kingambit|10/100\n|\n|-weather|Snowscape|[upkeep]\n|-end|p2a: 鬼胶娃娃|Infestation|[partiallytrapped]|[silent]\n|upkeep\n|turn|8\n|inactive|daisabe沼王侠 has 30 seconds left.\n|\n|t:|1788445443\n|move|p2b: 鲑头紫尾|Protect|p2b: 鲑头紫尾\n|-singleturn|p2b: 鲑头紫尾|Protect\n|move|p1a: Kingambit|Sucker Punch|p2a: 鬼胶娃娃\n|-supereffective|p2a: 鬼胶娃娃|1\n|-damage|p2a: 鬼胶娃娃|0 fnt\n|faint|p2a: 鬼胶娃娃\n|-activate|p2a: 鬼胶娃娃|move: Destiny Bond\n|faint|p1a: Kingambit\n|move|p1b: Froslass|Blizzard|p2b: 鲑头紫尾\n|-activate|p2b: 鲑头紫尾|move: Protect\n|\n|-weather|Snowscape|[upkeep]\n|upkeep\n|c|☆blackred123永雏塔菲侠|区\n|\n|t:|1788445447\n|switch|p1a: Toxapex|Toxapex, L50, F|100/100\n|turn|9\n|-message|daisabe沼王侠 forfeited.\n|\n|win|blackred123永雏塔菲侠\n|l|☆daisabe沼王侠\n|player|p2|\n","uploadtime":1788445451,"views":"3","formatid":"gen9championsvgc2026regmb","rating":null,"private":0,"password":null}