{"id":"gen9championsvgc2026regmb-2674072642","format":"[Gen 9 Champions] VGC 2026 Reg M-B","players":["cinarguncavdi2231","KingK0opa"],"log":"|j|‽cinarguncavdi2231\n|j|☆KingK0opa\n|t:|1788295396\n|gametype|doubles\n|player|p1|cinarguncavdi2231|101|1496\n|player|p2|KingK0opa|bugsy|1545\n|gen|9\n|tier|[Gen 9 Champions] VGC 2026 Reg M-B\n|rated|\n|rule|Species Clause: Limit one of each Pokémon\n|rule|Item Clause: Limit 1 of each item\n|clearpoke\n|poke|p1|Archaludon, L50, M, shiny|\n|poke|p1|Swampert, L50, F|\n|poke|p1|Grimmsnarl, L50, M|\n|poke|p1|Pelipper, L50, F|\n|poke|p1|Metagross, L50|\n|poke|p1|Sinistcha, L50|\n|poke|p2|Beedrill, L50, M|\n|poke|p2|Basculegion, L50, M|\n|poke|p2|Aerodactyl, L50, F|\n|poke|p2|Farigiraf, L50, F|\n|poke|p2|Kingambit, L50, M|\n|poke|p2|Hydreigon, L50, M|\n|teampreview|4\n|inactive|Battle timer is ON: inactive players will automatically lose when time's up. (requested by KingK0opa)\nKingK0opa rejected open team sheets.\n|inactive|KingK0opa has 60 seconds left.\n|\n|t:|1788295429\n|teamsize|p1|4\n|teamsize|p2|4\n|start\n|switch|p1a: Archaludon|Archaludon, L50, M, shiny|100/100\n|switch|p1b: Grimmsnarl|Grimmsnarl, L50, M|100/100\n|switch|p2a: Beedrill|Beedrill, L50, M|100/100\n|switch|p2b: Aerodactyl|Aerodactyl, L50, F|100/100\n|-ability|p2b: Aerodactyl|Unnerve\n|turn|1\n|inactive|cinarguncavdi2231 has 30 seconds left.\n|\n|t:|1788295458\n|detailschange|p2a: Beedrill|Beedrill-Mega, L50, M\n|-mega|p2a: Beedrill|Beedrill|Beedrillite\n|move|p1b: Grimmsnarl|Parting Shot|p2a: Beedrill\n|-unboost|p2a: Beedrill|atk|1\n|-unboost|p2a: Beedrill|spa|1\n|\n|t:|1788295462\n|switch|p1b: Pelipper|Pelipper, L50, F|100/100|[from] Parting Shot\n|-weather|RainDance|[from] ability: Drizzle|[of] p1b: Pelipper\n|move|p2a: Beedrill|Poison Jab|p1b: Pelipper\n|-damage|p1b: Pelipper|54/100\n|move|p2b: Aerodactyl|Tailwind|p2b: Aerodactyl\n|-sidestart|p2: KingK0opa|move: Tailwind\n|move|p1a: Archaludon|Electro Shot||[still]\n|-prepare|p1a: Archaludon|Electro Shot\n|-boost|p1a: Archaludon|spa|1\n|-anim|p1a: Archaludon|Electro Shot|p2a: Beedrill\n|-damage|p2a: Beedrill|13/100\n|\n|-weather|RainDance|[upkeep]\n|upkeep\n|turn|2\n|inactive|cinarguncavdi2231 has 30 seconds left.\n|\n|t:|1788295488\n|move|p1b: Pelipper|Wide Guard|p1b: Pelipper\n|-singleturn|p1b: Pelipper|Wide Guard\n|move|p2a: Beedrill|U-turn|p1b: Pelipper\n|-resisted|p1b: Pelipper|1\n|-damage|p1b: Pelipper|31/100\n|\n|t:|1788295493\n|switch|p2a: Kingambit|Kingambit, L50, M|100/100|[from] U-turn\n|move|p2b: Aerodactyl|Dual Wingbeat|p1b: Pelipper\n|-damage|p1b: Pelipper|12/100\n|-damage|p1b: Pelipper|0 fnt\n|faint|p1b: Pelipper\n|-hitcount|p1: Pelipper|2\n|move|p1a: Archaludon|Electro Shot||[still]\n|-prepare|p1a: Archaludon|Electro Shot\n|-boost|p1a: Archaludon|spa|1\n|-anim|p1a: Archaludon|Electro Shot|p2a: Kingambit\n|-damage|p2a: Kingambit|20/100y\n|\n|-weather|RainDance|[upkeep]\n|upkeep\n|\n|t:|1788295499\n|switch|p1b: Grimmsnarl|Grimmsnarl, L50, M|100/100\n|turn|3\n|\n|t:|1788295509\n|move|p1b: Grimmsnarl|Reflect|p1b: Grimmsnarl\n|-sidestart|p1: cinarguncavdi2231|Reflect\n|move|p2b: Aerodactyl|Dual Wingbeat|p1b: Grimmsnarl\n|-damage|p1b: Grimmsnarl|88/100\n|-damage|p1b: Grimmsnarl|76/100\n|-hitcount|p1b: Grimmsnarl|2\n|move|p2a: Kingambit|Low Kick|p1a: Archaludon\n|-supereffective|p1a: Archaludon|1\n|-damage|p1a: Archaludon|70/100\n|-ability|p1a: Archaludon|Stamina|boost\n|-boost|p1a: Archaludon|def|1\n|move|p1a: Archaludon|Electro Shot||[still]\n|-prepare|p1a: Archaludon|Electro Shot\n|-boost|p1a: Archaludon|spa|1\n|-anim|p1a: Archaludon|Electro Shot|p2a: Kingambit\n|-damage|p2a: Kingambit|0 fnt\n|faint|p2a: Kingambit\n|\n|-weather|RainDance|[upkeep]\n|-heal|p1a: Archaludon|75/100|[from] item: Leftovers\n|upkeep\n|\n|t:|1788295520\n|switch|p2a: Beedrill|Beedrill-Mega, L50, M|13/100\n|turn|4\n|\n|t:|1788295533\n|move|p1b: Grimmsnarl|Parting Shot|p2a: Beedrill\n|-unboost|p2a: Beedrill|atk|1\n|-unboost|p2a: Beedrill|spa|1\n|\n|t:|1788295536\n|switch|p1b: Swampert|Swampert, L50, F|100/100|[from] Parting Shot\n|move|p2a: Beedrill|Poison Jab|p1b: Swampert\n|-resisted|p1b: Swampert|1\n|-damage|p1b: Swampert|85/100\n|move|p2b: Aerodactyl|Dual Wingbeat|p1b: Swampert\n|-damage|p1b: Swampert|72/100\n|-damage|p1b: Swampert|59/100\n|-hitcount|p1b: Swampert|2\n|move|p1a: Archaludon|Electro Shot||[still]\n|-prepare|p1a: Archaludon|Electro Shot\n|-boost|p1a: Archaludon|spa|1\n|-anim|p1a: Archaludon|Electro Shot|p2a: Beedrill\n|-damage|p2a: Beedrill|0 fnt\n|faint|p2a: Beedrill\n|\n|-weather|RainDance|[upkeep]\n|-heal|p1a: Archaludon|81/100|[from] item: Leftovers\n|-sideend|p2: KingK0opa|move: Tailwind\n|upkeep\n|\n|t:|1788295545\n|switch|p2a: Basculegion|Basculegion, L50, M|100/100\n|turn|5\n|\n|t:|1788295557\n|detailschange|p1b: Swampert|Swampert-Mega, L50, F\n|-mega|p1b: Swampert|Swampert|Swampertite\n|move|p1b: Swampert|Ice Punch|p2b: Aerodactyl\n|-supereffective|p2b: Aerodactyl|1\n|-damage|p2b: Aerodactyl|12/100\n|move|p2a: Basculegion|Last Respects|p1a: Archaludon\n|-damage|p1a: Archaludon|53/100\n|-ability|p1a: Archaludon|Stamina|boost\n|-boost|p1a: Archaludon|def|1\n|move|p2b: Aerodactyl|Rock Slide|p1a: Archaludon|[spread] p1b\n|-miss|p2b: Aerodactyl|p1a: Archaludon\n|-resisted|p1b: Swampert|1\n|-damage|p1b: Swampert|51/100\n|move|p1a: Archaludon|Electro Shot||[still]\n|-prepare|p1a: Archaludon|Electro Shot\n|-boost|p1a: Archaludon|spa|1\n|-anim|p1a: Archaludon|Electro Shot|p2a: Basculegion\n|-supereffective|p2a: Basculegion|1\n|-damage|p2a: Basculegion|0 fnt\n|faint|p2a: Basculegion\n|\n|-weather|none\n|-heal|p1a: Archaludon|59/100|[from] item: Leftovers\n|upkeep\n|turn|6\n|-message|KingK0opa forfeited.\n|\n|win|cinarguncavdi2231\n|raw|cinarguncavdi2231's rating: 1496 &rarr; <strong>1519</strong><br />(+23 for winning)\n|raw|KingK0opa's rating: 1545 &rarr; <strong>1522</strong><br />(-23 for losing)\n|l|☆KingK0opa\n|player|p2|\n","uploadtime":1788295581,"views":"3","formatid":"gen9championsvgc2026regmb","rating":1519,"private":0,"password":null}