{"id":"gen9championsvgc2026regmb-2674360512","format":"[Gen 9 Champions] VGC 2026 Reg M-B","players":["anoanoanoanoano","kaalaas7"],"log":"|j|☆anoanoanoanoano\n|j|☆kaalaas7\n|t:|1788348687\n|gametype|doubles\n|player|p1|anoanoanoanoano|266|1463\n|player|p2|kaalaas7|rocketgruntf|1478\n|gen|9\n|tier|[Gen 9 Champions] VGC 2026 Reg M-B\n|rated|\n|rule|Species Clause: Limit one of each Pokémon\n|rule|Item Clause: Limit 1 of each item\n|clearpoke\n|poke|p1|Victreebel, L50, M|\n|poke|p1|Sneasler, L50, F|\n|poke|p1|Corviknight, L50, F|\n|poke|p1|Sableye, L50, F|\n|poke|p1|Kingambit, L50, F|\n|poke|p1|Raichu, L50, M|\n|poke|p2|Scovillain, L50, M|\n|poke|p2|Incineroar, L50, M|\n|poke|p2|Blastoise, L50, M|\n|poke|p2|Whimsicott, L50, F|\n|poke|p2|Sneasler, L50, F|\n|poke|p2|Kingambit, L50, M|\n|teampreview|4\n|inactive|Battle timer is ON: inactive players will automatically lose when time's up. (requested by kaalaas7)\n|\n|t:|1788348709\n|teamsize|p1|4\n|teamsize|p2|4\n|start\n|switch|p1a: Victreebel|Victreebel, L50, M|100/100\n|switch|p1b: Sneasler|Sneasler, L50, F|100/100\n|switch|p2a: Blastoise|Blastoise, L50, M|100/100\n|switch|p2b: Sneasler|Sneasler, L50, F|100/100\n|turn|1\n|\n|t:|1788348725\n|switch|p2a: Kingambit|Kingambit, L50, M|100/100\n|detailschange|p1a: Victreebel|Victreebel-Mega, L50, M\n|-mega|p1a: Victreebel|Victreebel|Victreebelite\n|move|p2b: Sneasler|Fake Out|p1a: Victreebel\n|-damage|p1a: Victreebel|85/100\n|move|p1b: Sneasler|Feint|p2a: Kingambit\n|-resisted|p2a: Kingambit|1\n|-damage|p2a: Kingambit|95/100\n|cant|p1a: Victreebel|flinch\n|\n|upkeep\n|turn|2\n|\n|t:|1788348745\n|switch|p2a: Whimsicott|Whimsicott, L50, F|100/100\n|move|p1b: Sneasler|Close Combat|p2a: Whimsicott\n|-resisted|p2a: Whimsicott|1\n|-damage|p2a: Whimsicott|58/100\n|-unboost|p1b: Sneasler|def|1\n|-unboost|p1b: Sneasler|spd|1\n|move|p2b: Sneasler|Dire Claw|p1a: Victreebel\n|-damage|p1a: Victreebel|38/100\n|move|p1a: Victreebel|Strength Sap|p2b: Sneasler\n|-unboost|p2b: Sneasler|atk|1\n|-heal|p1a: Victreebel|100/100\n|\n|upkeep\n|turn|3\n|inactive|anoanoanoanoano has 30 seconds left.\n|\n|t:|1788348773\n|switch|p2b: Blastoise|Blastoise, L50, M|100/100\n|move|p1b: Sneasler|Feint|p2a: Whimsicott\n|-damage|p2a: Whimsicott|45/100\n|move|p2a: Whimsicott|Encore|p1a: Victreebel\n|-start|p1a: Victreebel|Encore\n|move|p1a: Victreebel|Strength Sap|p2b: Blastoise\n|-unboost|p2b: Blastoise|atk|1\n|\n|upkeep\n|turn|4\n|\n|t:|1788348794\n|detailschange|p2b: Blastoise|Blastoise-Mega, L50, M\n|-mega|p2b: Blastoise|Blastoise|Blastoisinite\n|move|p2a: Whimsicott|Encore|p1b: Sneasler\n|-start|p1b: Sneasler|Encore\n|move|p1b: Sneasler|Feint|p2b: Blastoise\n|-damage|p2b: Blastoise|91/100\n|move|p2b: Blastoise|Shell Smash|p2b: Blastoise\n|-unboost|p2b: Blastoise|def|1\n|-unboost|p2b: Blastoise|spd|1\n|-boost|p2b: Blastoise|atk|2\n|-boost|p2b: Blastoise|spa|2\n|-boost|p2b: Blastoise|spe|2\n|move|p1a: Victreebel|Strength Sap|p2a: Whimsicott\n|-unboost|p2a: Whimsicott|atk|1\n|\n|upkeep\n|turn|5\n|\n|t:|1788348810\n|move|p1b: Sneasler|Feint|p2b: Blastoise\n|-damage|p2b: Blastoise|77/100\n|move|p2a: Whimsicott|Light Screen|p2a: Whimsicott\n|-sidestart|p2: kaalaas7|move: Light Screen\n|move|p2b: Blastoise|Water Spout|p1a: Victreebel|[spread] p1a,p1b\n|-resisted|p1a: Victreebel|1\n|-damage|p1a: Victreebel|43/100\n|-enditem|p1b: Sneasler|Focus Sash\n|-damage|p1b: Sneasler|1/100\n|move|p1a: Victreebel|Strength Sap|p2a: Whimsicott\n|-unboost|p2a: Whimsicott|atk|1\n|-heal|p1a: Victreebel|71/100\n|\n|-end|p1a: Victreebel|Encore\n|upkeep\n|turn|6\n|\n|t:|1788348832\n|move|p1b: Sneasler|Feint|p2b: Blastoise\n|-damage|p2b: Blastoise|63/100\n|move|p2a: Whimsicott|Encore|p1a: Victreebel\n|-start|p1a: Victreebel|Encore\n|move|p2b: Blastoise|Dark Pulse|p1a: Victreebel\n|-damage|p1a: Victreebel|0 fnt\n|-damage|p2b: Blastoise|0 fnt|[from] ability: Innards Out|[of] p1a: Victreebel\n|faint|p1a: Victreebel\n|faint|p2b: Blastoise\n|\n|-end|p1b: Sneasler|Encore\n|upkeep\n|\n|t:|1788348852\n|switch|p2b: Sneasler|Sneasler, L50, F|100/100\n|switch|p1a: Kingambit|Kingambit, L50, F|100/100\n|turn|7\n|\n|t:|1788348865\n|switch|p1b: Sableye|Sableye, L50, F|100/100\n|move|p1a: Kingambit|Protect|p1a: Kingambit\n|-singleturn|p1a: Kingambit|Protect\n|move|p2b: Sneasler|Fake Out|p1b: Sableye\n|-immune|p1b: Sableye\n|move|p2a: Whimsicott|Tailwind|p2a: Whimsicott\n|-sidestart|p2: kaalaas7|move: Tailwind\n|\n|upkeep\n|turn|8\n|\n|t:|1788348883\n|switch|p2b: Kingambit|Kingambit, L50, M|95/100\n|switch|p1a: Sneasler|Sneasler, L50, F|1/100\n|move|p1b: Sableye|Encore|p2b: Kingambit\n|-hint|Since gen 7, Dark is immune to Prankster moves.\n|-immune|p2b: Kingambit\n|move|p2a: Whimsicott|Moonblast|p1b: Sableye|[miss]\n|-miss|p2a: Whimsicott|p1b: Sableye\n|\n|upkeep\n|turn|9\n|inactive|kaalaas7 has 30 seconds left.\n|\n|t:|1788348909\n|move|p2b: Kingambit|Sucker Punch|p1a: Sneasler\n|-resisted|p1a: Sneasler|1\n|-damage|p1a: Sneasler|0 fnt\n|faint|p1a: Sneasler\n|-damage|p2b: Kingambit|85/100|[from] item: Life Orb\n|move|p1b: Sableye|Disable|p2a: Whimsicott\n|-start|p2a: Whimsicott|Disable|Moonblast\n|cant|p2a: Whimsicott|Disable|Moonblast\n|\n|-sideend|p2: kaalaas7|move: Light Screen\n|upkeep\n|\n|t:|1788348918\n|switch|p1a: Kingambit|Kingambit, L50, F|100/100\n|turn|10\n|\n|t:|1788348933\n|move|p1a: Kingambit|Protect|p1a: Kingambit\n|-singleturn|p1a: Kingambit|Protect\n|move|p2a: Whimsicott|Light Screen|p2a: Whimsicott\n|-sidestart|p2: kaalaas7|move: Light Screen\n|move|p2b: Kingambit|Low Kick|p1a: Kingambit\n|-activate|p1a: Kingambit|move: Protect\n|move|p1b: Sableye|Foul Play|p2a: Whimsicott\n|-resisted|p2a: Whimsicott|1\n|-damage|p2a: Whimsicott|38/100\n|\n|-sideend|p2: kaalaas7|move: Tailwind\n|upkeep\n|turn|11\n|\n|t:|1788348954\n|move|p2a: Whimsicott|Tailwind|p2a: Whimsicott\n|-sidestart|p2: kaalaas7|move: Tailwind\n|move|p2b: Kingambit|Low Kick|p1a: Kingambit\n|-supereffective|p1a: Kingambit|2\n|-enditem|p1a: Kingambit|Chople Berry|[eat]\n|-enditem|p1a: Kingambit|Chople Berry|[weaken]\n|-damage|p1a: Kingambit|29/100\n|-damage|p2b: Kingambit|76/100|[from] item: Life Orb\n|move|p1a: Kingambit|Iron Head|p2a: Whimsicott\n|-supereffective|p2a: Whimsicott|1\n|-damage|p2a: Whimsicott|0 fnt\n|faint|p2a: Whimsicott\n|move|p1b: Sableye|Foul Play|p2b: Kingambit\n|-resisted|p2b: Kingambit|1\n|-damage|p2b: Kingambit|56/100\n|\n|upkeep\n|\n|t:|1788348964\n|switch|p2a: Sneasler|Sneasler, L50, F|100/100\n|turn|12\n|\n|t:|1788348975\n|move|p1b: Sableye|Protect|p1b: Sableye\n|-singleturn|p1b: Sableye|Protect\n|move|p1a: Kingambit|Protect|p1a: Kingambit\n|-singleturn|p1a: Kingambit|Protect\n|move|p2a: Sneasler|Fake Out|p1a: Kingambit\n|-activate|p1a: Kingambit|move: Protect\n|move|p2b: Kingambit|Swords Dance|p2b: Kingambit\n|-boost|p2b: Kingambit|atk|2\n|\n|upkeep\n|turn|13\n|\n|t:|1788348989\n|move|p2a: Sneasler|Quick Guard|p2a: Sneasler\n|-singleturn|p2a: Sneasler|Quick Guard\n|move|p1b: Sableye|Encore|p2a: Sneasler\n|-activate|p2a: Sneasler|move: Quick Guard\n|move|p1a: Kingambit|Sucker Punch|p2b: Kingambit\n|-activate|p2b: Kingambit|move: Quick Guard\n|move|p2b: Kingambit|Low Kick|p1a: Kingambit\n|-supereffective|p1a: Kingambit|2\n|-damage|p1a: Kingambit|0 fnt\n|faint|p1a: Kingambit\n|-damage|p2b: Kingambit|46/100|[from] item: Life Orb\n|\n|upkeep\n|turn|14\n|-message|anoanoanoanoano forfeited.\n|\n|win|kaalaas7\n|raw|anoanoanoanoano's rating: 1463 &rarr; <strong>1444</strong><br />(-19 for losing)\n|raw|kaalaas7's rating: 1478 &rarr; <strong>1497</strong><br />(+19 for winning)\n|l|☆anoanoanoanoano\n|player|p1|\n","uploadtime":1788349001,"views":"1","formatid":"gen9championsvgc2026regmb","rating":1444,"private":0,"password":null}