{"id":"gen9championsvgc2026regmbbo3-2673322161","format":"[Gen 9 Champions] VGC 2026 Reg M-B (Bo3)","players":["ArielcitoTedetona","srrinath"],"log":"|j|☆ArielcitoTedetona\n|j|☆srrinath\n|html|<table width=\"100%\"><tr><td align=\"left\">ArielcitoTedetona</td><td align=\"right\">srrinath</tr><tr><td align=\"left\"><i class=\"fa fa-circle-o\"></i> <i class=\"fa fa-circle-o\"></i> </td><td align=\"right\"><i class=\"fa fa-circle-o\"></i> <i class=\"fa fa-circle-o\"></i> </tr></table>\n|uhtml|bestof|<h2><strong>Game 1</strong> of <a href=\"/game-bestof3-gen9championsvgc2026regmbbo3-2673322159\">a best-of-3</a></h2>\n|t:|1788183117\n|gametype|doubles\n|player|p1|ArielcitoTedetona|265|1131\n|player|p2|srrinath|1|1000\n|gen|9\n|tier|[Gen 9 Champions] VGC 2026 Reg M-B (Bo3)\n|rated|\n|rule|Species Clause: Limit one of each Pokémon\n|rule|Item Clause: Limit 1 of each item\n|clearpoke\n|poke|p1|Charizard, L50, F|\n|poke|p1|Incineroar, L50, M|\n|poke|p1|Venusaur, L50, M|\n|poke|p1|Garchomp, L50, M|\n|poke|p1|Sylveon, L50, F|\n|poke|p1|Annihilape, L50, M|\n|poke|p2|Charizard, L50, M|\n|poke|p2|Sylveon, L50, F|\n|poke|p2|Whimsicott, L50, M|\n|poke|p2|Incineroar, L50, F|\n|poke|p2|Garchomp, L50, M|\n|poke|p2|Corviknight, L50, M|\n|teampreview|4\n|showteam|p1|Charizard||CharizarditeY|Blaze|WeatherBall,HeatWave,AncientPower,Protect|Modest||F|||50|]Incineroar||SitrusBerry|Intimidate|FakeOut,FlareBlitz,DarkestLariat,PartingShot|Impish||M|||50|]Venusaur||LifeOrb|Chlorophyll|LeafStorm,SludgeBomb,EarthPower,Protect|Modest||M|||50|]Garchomp||ChoiceScarf|RoughSkin|Earthquake,DragonClaw,RockSlide,StompingTantrum|Adamant||M|||50|]Sylveon||FairyFeather|Pixilate|HyperVoice,Yawn,QuickAttack,Detect|Modest||F|||50|]Annihilape||FocusSash|Defiant|RockTomb,CloseCombat,RageFist,Protect|Jolly||M|||50|\n|showteam|p2|Charizard||CharizarditeY|Blaze|HeatWave,FireBlast,SolarBeam,Protect|Modest||M|||50|]Sylveon||FairyFeather|Pixilate|HyperVoice,HyperBeam,Psychic,Protect|Timid||F|||50|]Whimsicott||FocusSash|Prankster|Tailwind,HelpingHand,Protect,EnergyBall|Timid||M|||50|]Incineroar||SitrusBerry|Intimidate|FlareBlitz,PartingShot,FakeOut,Crunch|Adamant||F|||50|]Garchomp||YacheBerry|SandVeil|DragonClaw,RockSlide,StompingTantrum,Protect|Jolly||M|||50|]Corviknight||Leftovers|MirrorArmor|IronHead,BraveBird,Roost,Protect|Impish||M|||50|\n|\n|t:|1788183145\n|teamsize|p1|4\n|teamsize|p2|4\n|start\n|switch|p1a: Incha river|Annihilape, L50, M|100/100\n|switch|p1b: moron|Incineroar, L50, M|100/100\n|switch|p2a: Incineroar|Incineroar, L50, F|100/100\n|switch|p2b: Sylveon|Sylveon, L50, F|100/100\n|-ability|p1b: moron|Intimidate|boost\n|-unboost|p2a: Incineroar|atk|1\n|-unboost|p2b: Sylveon|atk|1\n|-ability|p2a: Incineroar|Intimidate|boost\n|-unboost|p1a: Incha river|atk|1\n|-ability|p1a: Incha river|Defiant|boost\n|-boost|p1a: Incha river|atk|2\n|-unboost|p1b: moron|atk|1\n|turn|1\n|inactive|Battle timer is ON: inactive players will automatically lose when time's up. (requested by srrinath)\n|\n|t:|1788183190\n|move|p2b: Sylveon|Protect|p2b: Sylveon\n|-singleturn|p2b: Sylveon|Protect\n|move|p1b: moron|Fake Out|p2b: Sylveon\n|-activate|p2b: Sylveon|move: Protect\n|move|p2a: Incineroar|Fake Out|p1b: moron\n|-damage|p1b: moron|93/100\n|move|p1a: Incha river|Close Combat|p2a: Incineroar\n|-supereffective|p2a: Incineroar|1\n|-damage|p2a: Incineroar|0 fnt\n|-unboost|p1a: Incha river|def|1\n|-unboost|p1a: Incha river|spd|1\n|faint|p2a: Incineroar\n|\n|upkeep\n|\n|t:|1788183206\n|switch|p2a: Whimsicott|Whimsicott, L50, M|100/100\n|turn|2\n|inactive|ArielcitoTedetona has 30 seconds left.\n|\n|t:|1788183232\n|move|p2a: Whimsicott|Helping Hand|p2b: Sylveon\n|-singleturn|p2b: Sylveon|Helping Hand|[of] p2a: Whimsicott\n|move|p1a: Incha river|Rock Tomb|p2b: Sylveon\n|-damage|p2b: Sylveon|59/100\n|-unboost|p2b: Sylveon|spe|1\n|move|p2b: Sylveon|Hyper Voice|p1a: Incha river|[spread] p1a,p1b\n|-supereffective|p1a: Incha river|1\n|-enditem|p1a: Incha river|Focus Sash\n|-damage|p1a: Incha river|1/100\n|-damage|p1b: moron|36/100\n|-enditem|p1b: moron|Sitrus Berry|[eat]\n|-heal|p1b: moron|61/100|[from] item: Sitrus Berry\n|move|p1b: moron|Parting Shot|p2a: Whimsicott\n|-unboost|p2a: Whimsicott|atk|1\n|-unboost|p2a: Whimsicott|spa|1\n|\n|t:|1788183248\n|switch|p1b: megaladron|Garchomp, L50, M|100/100|[from] Parting Shot\n|\n|upkeep\n|turn|3\n|\n|t:|1788183265\n|move|p2a: Whimsicott|Tailwind|p2a: Whimsicott\n|-sidestart|p2: srrinath|move: Tailwind\n|move|p1b: megaladron|Rock Slide|p2a: Whimsicott|[spread] p2a,p2b\n|-damage|p2a: Whimsicott|74/100\n|-damage|p2b: Sylveon|26/100\n|move|p2b: Sylveon|Hyper Voice|p1a: Incha river|[spread] p1a,p1b\n|-supereffective|p1a: Incha river|1\n|-supereffective|p1b: megaladron|1\n|-damage|p1a: Incha river|0 fnt\n|-damage|p1b: megaladron|0 fnt\n|faint|p1a: Incha river\n|faint|p1b: megaladron\n|\n|upkeep\n|\n|t:|1788183277\n|switch|p1a: moron|Incineroar, L50, M|61/100\n|switch|p1b: tranformer|Sylveon, L50, F|100/100\n|-ability|p1a: moron|Intimidate|boost\n|-unboost|p2a: Whimsicott|atk|1\n|-unboost|p2b: Sylveon|atk|1\n|turn|4\n|\n|t:|1788183294\n|move|p2a: Whimsicott|Protect|p2a: Whimsicott\n|-singleturn|p2a: Whimsicott|Protect\n|move|p2b: Sylveon|Protect|p2b: Sylveon\n|-singleturn|p2b: Sylveon|Protect\n|move|p1a: moron|Fake Out|p2a: Whimsicott\n|-activate|p2a: Whimsicott|move: Protect\n|move|p1b: tranformer|Hyper Voice|p2b: Sylveon|[spread] \n|-activate|p2a: Whimsicott|move: Protect\n|-activate|p2b: Sylveon|move: Protect\n|\n|upkeep\n|turn|5\n|\n|t:|1788183309\n|move|p2a: Whimsicott|Helping Hand|p2b: Sylveon\n|-singleturn|p2b: Sylveon|Helping Hand|[of] p2a: Whimsicott\n|move|p2b: Sylveon|Hyper Voice|p1a: moron|[spread] p1a,p1b\n|-damage|p1a: moron|2/100\n|-damage|p1b: tranformer|45/100\n|move|p1b: tranformer|Yawn|p2b: Sylveon\n|-start|p2b: Sylveon|move: Yawn|[of] p1b: tranformer\n|move|p1a: moron|Flare Blitz|p2a: Whimsicott\n|-supereffective|p2a: Whimsicott|1\n|-damage|p2a: Whimsicott|0 fnt\n|faint|p2a: Whimsicott\n|-damage|p1a: moron|0 fnt|[from] Recoil\n|faint|p1a: moron\n|\n|upkeep\n|\n|t:|1788183323\n|switch|p2a: Charizard|Charizard, L50, M|100/100\n|turn|6\n|\n|t:|1788183333\n|detailschange|p2a: Charizard|Charizard-Mega-Y, L50, M\n|-mega|p2a: Charizard|Charizard|Charizardite Y\n|-weather|SunnyDay|[from] ability: Drought|[of] p2a: Charizard\n|move|p2a: Charizard|Solar Beam||[still]\n|-prepare|p2a: Charizard|Solar Beam\n|-anim|p2a: Charizard|Solar Beam|p1b: tranformer\n|-crit|p1b: tranformer\n|-damage|p1b: tranformer|0 fnt\n|faint|p1b: tranformer\n|\n|win|srrinath\n||srrinath is ready for game 2.\n|inactive|ArielcitoTedetona has 30 seconds to confirm battle start!\n|inactive|ArielcitoTedetona has 20 seconds to confirm battle start!\n||ArielcitoTedetona is ready for game 2.\n|uhtml|next|Next: <a href=\"/battle-gen9championsvgc2026regmbbo3-2673323811\"><strong>Game 2 of 3</strong></a>\n|l|☆srrinath\n|player|p2|\n","uploadtime":1788183834,"views":"1","formatid":"gen9championsvgc2026regmbbo3","rating":null,"private":0,"password":null}