{"id":"gen9championsvgc2026regmb-2674908470","format":"[Gen 9 Champions] VGC 2026 Reg M-B","players":["KSMULLER2020","Thornlace48812"],"log":"|j|☆KSMULLER2020\n|j|☆Thornlace48812\n|t:|1788433931\n|gametype|doubles\n|player|p1|KSMULLER2020|nate|1107\n|player|p2|Thornlace48812|102|1186\n|gen|9\n|tier|[Gen 9 Champions] VGC 2026 Reg M-B\n|rated|\n|rule|Species Clause: Limit one of each Pokémon\n|rule|Item Clause: Limit 1 of each item\n|clearpoke\n|poke|p1|Swampert, L50, F|\n|poke|p1|Glimmora, L50, F|\n|poke|p1|Whimsicott, L50, F|\n|poke|p1|Incineroar, L50, M|\n|poke|p1|Gholdengo, L50|\n|poke|p1|Dragonite, L50, M|\n|poke|p2|Garchomp, L50, F|\n|poke|p2|Charizard, L50, F|\n|poke|p2|Whimsicott, L50, M|\n|poke|p2|Sylveon, L50, F|\n|poke|p2|Kingambit, L50, M|\n|poke|p2|Basculegion, L50, M|\n|teampreview|4\n|inactive|Battle timer is ON: inactive players will automatically lose when time's up. (requested by Thornlace48812)\n|inactive|KSMULLER2020 also wants the timer to be on.\nThornlace48812 rejected open team sheets.\n|inactive|KSMULLER2020 has 60 seconds left.\n|inactive|KSMULLER2020 has 30 seconds left.\n|inactive|KSMULLER2020 has 20 seconds left.\n|\n|t:|1788434005\n|teamsize|p1|4\n|teamsize|p2|4\n|start\n|switch|p1a: Dragonite|Dragonite, L50, M|100/100\n|switch|p1b: Incineroar|Incineroar, L50, M|100/100\n|switch|p2a: Charizard|Charizard, L50, F|100/100\n|switch|p2b: Garchomp|Garchomp, L50, F|100/100\n|-ability|p1b: Incineroar|Intimidate|boost\n|-unboost|p2a: Charizard|atk|1\n|-unboost|p2b: Garchomp|atk|1\n|turn|1\n|\n|t:|1788434021\n|detailschange|p1a: Dragonite|Dragonite-Mega, L50, M\n|-mega|p1a: Dragonite|Dragonite|Dragoninite\n|move|p2a: Charizard|Protect|p2a: Charizard\n|-singleturn|p2a: Charizard|Protect\n|move|p1b: Incineroar|Fake Out|p2b: Garchomp\n|-damage|p2b: Garchomp|89/100\n|-damage|p1b: Incineroar|87/100|[from] ability: Rough Skin|[of] p2b: Garchomp\n|cant|p2b: Garchomp|flinch\n|move|p1a: Dragonite|Thunderbolt|p2a: Charizard\n|-activate|p2a: Charizard|move: Protect\n|\n|upkeep\n|turn|2\n|\n|t:|1788434036\n|detailschange|p2a: Charizard|Charizard-Mega-Y, L50, F\n|-mega|p2a: Charizard|Charizard|Charizardite Y\n|-weather|SunnyDay|[from] ability: Drought|[of] p2a: Charizard\n|move|p2b: Garchomp|Dragon Claw|p1a: Dragonite\n|-supereffective|p1a: Dragonite|1\n|-damage|p1a: Dragonite|64/100\n|-damage|p2b: Garchomp|79/100|[from] item: Life Orb\n|move|p1a: Dragonite|Dragon Pulse|p2b: Garchomp\n|-supereffective|p2b: Garchomp|1\n|-damage|p2b: Garchomp|0 fnt\n|faint|p2b: Garchomp\n|move|p2a: Charizard|Heat Wave|p1b: Incineroar|[spread] p1a,p1b\n|-resisted|p1a: Dragonite|1\n|-resisted|p1b: Incineroar|1\n|-damage|p1a: Dragonite|35/100\n|-damage|p1b: Incineroar|57/100\n|move|p1b: Incineroar|Parting Shot|p2a: Charizard\n|-unboost|p2a: Charizard|atk|1\n|-unboost|p2a: Charizard|spa|1\n|\n|t:|1788434052\n|switch|p1b: Glimmora|Glimmora, L50, F|100/100|[from] Parting Shot\n|\n|-weather|SunnyDay|[upkeep]\n|upkeep\n|\n|t:|1788434052\n|switch|p2b: Sylveon|Sylveon, L50, F|100/100\n|turn|3\n|\n|t:|1788434061\n|move|p1a: Dragonite|Heat Wave|p2b: Sylveon|[spread] p2a\n|-miss|p1a: Dragonite|p2b: Sylveon\n|-resisted|p2a: Charizard|1\n|-damage|p2a: Charizard|76/100\n|move|p2a: Charizard|Heat Wave|p1a: Dragonite|[spread] p1a,p1b\n|-resisted|p1a: Dragonite|1\n|-resisted|p1b: Glimmora|1\n|-damage|p1a: Dragonite|17/100\n|-damage|p1b: Glimmora|68/100\n|-status|p1a: Dragonite|brn\n|-status|p1b: Glimmora|brn\n|move|p1b: Glimmora|Sludge Bomb|p2b: Sylveon\n|-supereffective|p2b: Sylveon|1\n|-damage|p2b: Sylveon|17/100\n|move|p2b: Sylveon|Hyper Voice|p1b: Glimmora|[spread] p1a,p1b\n|-supereffective|p1a: Dragonite|1\n|-resisted|p1b: Glimmora|1\n|-damage|p1a: Dragonite|0 fnt\n|-damage|p1b: Glimmora|35/100 brn\n|faint|p1a: Dragonite\n|\n|-weather|SunnyDay|[upkeep]\n|-damage|p1b: Glimmora|28/100 brn|[from] brn\n|upkeep\n|\n|t:|1788434081\n|switch|p1a: Whimsicott|Whimsicott, L50, F|100/100\n|turn|4\n|\n|t:|1788434088\n|move|p1a: Whimsicott|Tailwind|p1a: Whimsicott\n|-sidestart|p1: KSMULLER2020|move: Tailwind\n|move|p1b: Glimmora|Power Gem|p2a: Charizard\n|-supereffective|p2a: Charizard|2\n|-damage|p2a: Charizard|0 fnt\n|faint|p2a: Charizard\n|move|p2b: Sylveon|Hyper Voice|p1a: Whimsicott|[spread] p1a,p1b\n|-resisted|p1b: Glimmora|1\n|-damage|p1a: Whimsicott|37/100\n|-damage|p1b: Glimmora|0 fnt\n|faint|p1b: Glimmora\n|\n|-weather|SunnyDay|[upkeep]\n|upkeep\n|\n|t:|1788434098\n|switch|p2a: Basculegion|Basculegion, L50, M|100/100\n|switch|p1b: Incineroar|Incineroar, L50, M|57/100\n|-ability|p1b: Incineroar|Intimidate|boost\n|-unboost|p2a: Basculegion|atk|1\n|-unboost|p2b: Sylveon|atk|1\n|turn|5\n|\n|t:|1788434108\n|move|p2a: Basculegion|Protect|p2a: Basculegion\n|-singleturn|p2a: Basculegion|Protect\n|move|p2b: Sylveon|Detect|p2b: Sylveon\n|-singleturn|p2b: Sylveon|Protect\n|move|p1a: Whimsicott|Moonblast|p2a: Basculegion\n|-activate|p2a: Basculegion|move: Protect\n|move|p1b: Incineroar|Darkest Lariat|p2a: Basculegion\n|-activate|p2a: Basculegion|move: Protect\n|\n|-weather|SunnyDay|[upkeep]\n|upkeep\n|turn|6\n|\n|t:|1788434121\n|move|p1a: Whimsicott|Encore|p2a: Basculegion\n|-start|p2a: Basculegion|Encore\n|move|p2a: Basculegion|Protect|p2a: Basculegion\n|-singleturn|p2a: Basculegion|Protect\n|move|p1b: Incineroar|Flare Blitz|p2b: Sylveon\n|-damage|p2b: Sylveon|0 fnt\n|faint|p2b: Sylveon\n|-damage|p1b: Incineroar|52/100|[from] Recoil\n|\n|-weather|none\n|upkeep\n|turn|7\n|\n|t:|1788434132\n|move|p2a: Basculegion|Protect||[still]\n|-fail|p2a: Basculegion\n|move|p1a: Whimsicott|Moonblast|p2a: Basculegion\n|-damage|p2a: Basculegion|49/100\n|move|p1b: Incineroar|Darkest Lariat|p2a: Basculegion\n|-supereffective|p2a: Basculegion|1\n|-crit|p2a: Basculegion\n|-damage|p2a: Basculegion|0 fnt\n|faint|p2a: Basculegion\n|\n|win|KSMULLER2020\n|raw|KSMULLER2020's rating: 1107 &rarr; <strong>1137</strong><br />(+30 for winning)\n|raw|Thornlace48812's rating: 1179 &rarr; <strong>1149</strong><br />(-30 for losing)\n","uploadtime":1788434133,"views":"3","formatid":"gen9championsvgc2026regmb","rating":1137,"private":0,"password":null}