{"id":"gen9championsvgc2026regmbbo3-2674228718","format":"[Gen 9 Champions] VGC 2026 Reg M-B (Bo3)","players":["ilykuronaa","koraidonfan#37748"],"log":"|j|☆ilykuronaa\n|j|☆koraidonfan#37748\n|html|<table width=\"100%\"><tr><td align=\"left\">ilykuronaa</td><td align=\"right\">koraidonfan#37748</tr><tr><td align=\"left\"><i class=\"fa fa-circle-o\"></i> <i class=\"fa fa-circle-o\"></i> </td><td align=\"right\"><i class=\"fa fa-circle-o\"></i> <i class=\"fa fa-circle-o\"></i> </tr></table>\n|uhtml|bestof|<h2><strong>Game 1</strong> of <a href=\"/game-bestof3-gen9championsvgc2026regmbbo3-2674228717\">a best-of-3</a></h2>\n|t:|1788319122\n|gametype|doubles\n|player|p1|ilykuronaa|102|1183\n|player|p2|koraidonfan#37748|cynthia|1059\n|gen|9\n|tier|[Gen 9 Champions] VGC 2026 Reg M-B (Bo3)\n|rated|\n|rule|Species Clause: Limit one of each Pokémon\n|rule|Item Clause: Limit 1 of each item\n|clearpoke\n|poke|p1|Floette-Eternal, L50, F|\n|poke|p1|Basculegion, L50, M|\n|poke|p1|Kingambit, L50, F|\n|poke|p1|Dragonite, L50, M|\n|poke|p1|Garchomp, L50, M|\n|poke|p1|Sneasler, L50, F|\n|poke|p2|Floette-Eternal, L50, F|\n|poke|p2|Venusaur, L50, M|\n|poke|p2|Incineroar, L50, F|\n|poke|p2|Sinistcha, L50|\n|poke|p2|Charizard, L50, F|\n|poke|p2|Sneasler, L50, F|\n|teampreview|4\n|showteam|p1|Floette-Eternal||Floettite|FlowerVeil|Moonblast,DazzlingGleam,LightofRuin,Protect|Timid||F|||50|]Basculegion||LifeOrb|Adaptability|WaveCrash,LastRespects,AquaJet,Protect|Adamant||M|||50|]Kingambit||ChopleBerry|Defiant|SuckerPunch,KowtowCleave,LowKick,IronHead|Adamant||F|||50|]Dragonite||Dragoninite|Multiscale|DragonPulse,HeatWave,ExtremeSpeed,Protect|Modest||M|||50|]Garchomp||ChoiceScarf|RoughSkin|DragonClaw,StompingTantrum,Earthquake,RockSlide|Jolly||M|||50|]Sneasler||FocusSash|Unburden|CloseCombat,DireClaw,FakeOut,Feint|Adamant||F|||50|\n|showteam|p2|Floette-Eternal||Floettite|FlowerVeil|Protect,CalmMind,DrainingKiss,DazzlingGleam|Timid||F|||50|]Venusaur||FocusSash|Chlorophyll|Protect,SludgeBomb,SleepPowder,EarthPower|Timid||M|||50|]Incineroar||SitrusBerry|Intimidate|FakeOut,HelpingHand,PartingShot,FlareBlitz|Serious||F|||50|]Sinistcha||ColburBerry|Hospitality|Protect,MatchaGotcha,TrickRoom,RagePowder|Bold|||||50|]Charizard||CharizarditeY|Blaze|Protect,AncientPower,HeatWave,WeatherBall|Modest||F|||50|]Sneasler||WhiteHerb|Pressure|Coaching,CloseCombat,DireClaw,FakeOut|Jolly||F|||50|\n|\n|t:|1788319168\n|teamsize|p1|4\n|teamsize|p2|4\n|start\n|switch|p1a: Sneasler|Sneasler, L50, F|100/100\n|switch|p1b: Garchomp|Garchomp, L50, M|100/100\n|switch|p2a: Floette|Floette-Eternal, L50, F|100/100\n|switch|p2b: Incineroar|Incineroar, L50, F|100/100\n|-ability|p2b: Incineroar|Intimidate|boost\n|-unboost|p1a: Sneasler|atk|1\n|-unboost|p1b: Garchomp|atk|1\n|turn|1\n|\n|t:|1788319208\n|switch|p1b: Kingambit|Kingambit, L50, F|100/100\n|detailschange|p2a: Floette|Floette-Mega, L50, F\n|-mega|p2a: Floette|Floette|Floettite\n|-ability|p2a: Floette|Fairy Aura\n|move|p2a: Floette|Protect|p2a: Floette\n|-singleturn|p2a: Floette|Protect\n|move|p1a: Sneasler|Fake Out|p2b: Incineroar\n|-damage|p2b: Incineroar|90/100\n|cant|p2b: Incineroar|flinch\n|\n|upkeep\n|turn|2\n|\n|t:|1788319229\n|switch|p2a: Sneasler|Sneasler, L50, F|100/100\n|-ability|p2a: Sneasler|Pressure\n|move|p1a: Sneasler|Dire Claw|p2a: Sneasler\n|-resisted|p2a: Sneasler|1\n|-damage|p2a: Sneasler|71/100\n|move|p2b: Incineroar|Parting Shot|p1a: Sneasler\n|-unboost|p1a: Sneasler|atk|1\n|-unboost|p1a: Sneasler|spa|1\n|\n|t:|1788319239\n|switch|p2b: Floette|Floette-Mega, L50, F|100/100|[from] Parting Shot\n|-ability|p2b: Floette|Fairy Aura\n|move|p1b: Kingambit|Low Kick|p2b: Floette\n|-resisted|p2b: Floette|1\n|-damage|p2b: Floette|80/100\n|\n|upkeep\n|turn|3\n|\n|t:|1788319269\n|move|p2a: Sneasler|Close Combat|p1b: Kingambit\n|-supereffective|p1b: Kingambit|2\n|-enditem|p1b: Kingambit|Chople Berry|[eat]\n|-enditem|p1b: Kingambit|Chople Berry|[weaken]\n|-damage|p1b: Kingambit|1/100\n|-unboost|p2a: Sneasler|def|1\n|-unboost|p2a: Sneasler|spd|1\n|-enditem|p2a: Sneasler|White Herb\n|-clearnegativeboost|p2a: Sneasler|[silent]\n|move|p1a: Sneasler|Dire Claw|p2b: Floette\n|-supereffective|p2b: Floette|1\n|-damage|p2b: Floette|35/100\n|-status|p2b: Floette|slp\n|cant|p2b: Floette|slp\n|move|p1b: Kingambit|Iron Head|p2b: Floette\n|-supereffective|p2b: Floette|1\n|-damage|p2b: Floette|0 fnt\n|faint|p2b: Floette\n|\n|upkeep\n|\n|t:|1788319290\n|switch|p2b: Sinistcha|Sinistcha, L50|100/100\n|-heal|p2a: Sneasler|96/100|[from] ability: Hospitality|[of] p2b: Sinistcha\n|turn|4\n|\n|t:|1788319321\n|move|p2a: Sneasler|Close Combat|p1a: Sneasler\n|-resisted|p1a: Sneasler|1\n|-damage|p1a: Sneasler|46/100\n|-unboost|p2a: Sneasler|def|1\n|-unboost|p2a: Sneasler|spd|1\n|move|p1a: Sneasler|Dire Claw|p2b: Sinistcha\n|-damage|p2b: Sinistcha|82/100\n|move|p1b: Kingambit|Kowtow Cleave|p2b: Sinistcha\n|-supereffective|p2b: Sinistcha|1\n|-enditem|p2b: Sinistcha|Colbur Berry|[eat]\n|-enditem|p2b: Sinistcha|Colbur Berry|[weaken]\n|-damage|p2b: Sinistcha|43/100\n|move|p2b: Sinistcha|Trick Room|p2b: Sinistcha\n|-fieldstart|move: Trick Room|[of] p2b: Sinistcha\n|\n|upkeep\n|turn|5\n|\n|t:|1788319356\n|move|p2b: Sinistcha|Protect|p2b: Sinistcha\n|-singleturn|p2b: Sinistcha|Protect\n|move|p1b: Kingambit|Kowtow Cleave|p2b: Sinistcha\n|-activate|p2b: Sinistcha|move: Protect\n|move|p1a: Sneasler|Dire Claw|p2a: Sneasler\n|-resisted|p2a: Sneasler|1\n|-damage|p2a: Sneasler|68/100\n|move|p2a: Sneasler|Close Combat|p1b: Kingambit\n|-supereffective|p1b: Kingambit|2\n|-damage|p1b: Kingambit|0 fnt\n|-unboost|p2a: Sneasler|def|1\n|-unboost|p2a: Sneasler|spd|1\n|faint|p1b: Kingambit\n|\n|upkeep\n|\n|t:|1788319364\n|switch|p1b: Dragonite|Dragonite, L50, M|100/100\n|turn|6\n|\n|t:|1788319382\n|switch|p2b: Incineroar|Incineroar, L50, F|90/100\n|-ability|p2b: Incineroar|Intimidate|boost\n|-unboost|p1a: Sneasler|atk|1\n|-unboost|p1b: Dragonite|atk|1\n|detailschange|p1b: Dragonite|Dragonite-Mega, L50, M\n|-mega|p1b: Dragonite|Dragonite|Dragoninite\n|move|p1b: Dragonite|Heat Wave|p2a: Sneasler|[spread] p2a,p2b\n|-resisted|p2b: Incineroar|1\n|-crit|p2b: Incineroar\n|-damage|p2a: Sneasler|0 fnt\n|-damage|p2b: Incineroar|67/100\n|faint|p2a: Sneasler\n|move|p1a: Sneasler|Dire Claw|p2b: Incineroar\n|-damage|p2b: Incineroar|51/100\n|\n|upkeep\n|\n|t:|1788319394\n|switch|p2a: Sinistcha|Sinistcha, L50|43/100\n|-heal|p2b: Incineroar|76/100|[from] ability: Hospitality|[of] p2a: Sinistcha\n|turn|7\n|\n|t:|1788319405\n|move|p2b: Incineroar|Fake Out|p1b: Dragonite\n|-damage|p1b: Dragonite|94/100\n|move|p2a: Sinistcha|Matcha Gotcha|p1b: Dragonite|[spread] p1a\n|-miss|p2a: Sinistcha|p1b: Dragonite\n|-resisted|p1a: Sneasler|1\n|-damage|p1a: Sneasler|29/100\n|-heal|p2a: Sinistcha|51/100|[from] drain|[of] p1a: Sneasler\n|cant|p1b: Dragonite|flinch\n|move|p1a: Sneasler|Close Combat|p2b: Incineroar\n|-supereffective|p2b: Incineroar|1\n|-damage|p2b: Incineroar|25/100\n|-unboost|p1a: Sneasler|def|1\n|-unboost|p1a: Sneasler|spd|1\n|-enditem|p2b: Incineroar|Sitrus Berry|[eat]\n|-heal|p2b: Incineroar|50/100g|[from] item: Sitrus Berry\n|\n|upkeep\n|turn|8\n|\n|t:|1788319426\n|move|p2b: Incineroar|Parting Shot|p1b: Dragonite\n|-unboost|p1b: Dragonite|atk|1\n|-unboost|p1b: Dragonite|spa|1\n|move|p2a: Sinistcha|Matcha Gotcha|p1b: Dragonite|[spread] p1a,p1b\n|-resisted|p1a: Sneasler|1\n|-resisted|p1b: Dragonite|2\n|-damage|p1a: Sneasler|1/100\n|-heal|p2a: Sinistcha|63/100|[from] drain|[of] p1a: Sneasler\n|-damage|p1b: Dragonite|89/100\n|-heal|p2a: Sinistcha|66/100|[from] drain|[of] p1b: Dragonite\n|move|p1b: Dragonite|Heat Wave|p2b: Incineroar|[spread] p2a,p2b\n|-supereffective|p2a: Sinistcha|1\n|-resisted|p2b: Incineroar|1\n|-damage|p2a: Sinistcha|25/100\n|-damage|p2b: Incineroar|40/100\n|-status|p2a: Sinistcha|brn\n|move|p1a: Sneasler|Close Combat|p2b: Incineroar\n|-supereffective|p2b: Incineroar|1\n|-damage|p2b: Incineroar|0 fnt\n|-unboost|p1a: Sneasler|def|1\n|-unboost|p1a: Sneasler|spd|1\n|faint|p2b: Incineroar\n|\n|-damage|p2a: Sinistcha|19/100 brn|[from] brn\n|-fieldend|move: Trick Room\n|upkeep\n|turn|9\n|-message|koraidonfan#37748 forfeited.\n|\n|win|ilykuronaa\n","uploadtime":1788319442,"views":"6","formatid":"gen9championsvgc2026regmbbo3","rating":null,"private":0,"password":null}