{"id":"gen9championsvgc2026regmbbo3-2674022917","format":"[Gen 9 Champions] VGC 2026 Reg M-B (Bo3)","players":["xFaxe","TipsyTrapinch1"],"log":"|j|☆xFaxe\n|j|☆TipsyTrapinch1\n|html|<table width=\"100%\"><tr><td align=\"left\">xFaxe</td><td align=\"right\">TipsyTrapinch1</tr><tr><td align=\"left\"><i class=\"fa fa-circle\"></i> <i class=\"fa fa-circle-o\"></i> </td><td align=\"right\"><i class=\"fa fa-circle-o\"></i> <i class=\"fa fa-circle-o\"></i> </tr></table>\n|uhtml|bestof|<h2><strong>Game 2</strong> of <a href=\"/game-bestof3-gen9championsvgc2026regmbbo3-2674019805\">a best-of-3</a></h2>\n|t:|1788289353\n|gametype|doubles\n|player|p1|xFaxe|2|\n|player|p2|TipsyTrapinch1|170|\n|gen|9\n|tier|[Gen 9 Champions] VGC 2026 Reg M-B (Bo3)\n|rule|Species Clause: Limit one of each Pokémon\n|rule|Item Clause: Limit 1 of each item\n|clearpoke\n|poke|p1|Drampa, L50, F|\n|poke|p1|Politoed, L50, M, shiny|\n|poke|p1|Swampert, L50, M|\n|poke|p1|Raichu-Alola, L50, M|\n|poke|p1|Staraptor, L50, M, shiny|\n|poke|p1|Trevenant, L50, M, shiny|\n|poke|p2|Liepard, L50, M|\n|poke|p2|Venusaur, L50, F|\n|poke|p2|Charizard, L50, M|\n|poke|p2|Primarina, L50, F|\n|poke|p2|Staraptor, L50, M|\n|poke|p2|Ditto, L50|\n|teampreview|4\n|showteam|p1|Drampa||Drampanite|SapSipper|HyperVoice,ShadowBall,DracoMeteor,Protect|Quiet||F|||50|]Politoed||Leftovers|Drizzle|WeatherBall,EarthPower,Protect,PerishSong|Modest||M|||50|]Swampert||Swampertite|Damp|HighHorsepower,WaveCrash,Protect,HelpingHand|Adamant||M|||50|]Raichu-Alola||FocusSash|SurgeSurfer|VoltSwitch,Nuzzle,FakeOut,Encore|Timid||M|||50|]Staraptor||MentalHerb|Reckless|BraveBird,Protect,HelpingHand,Uturn|Adamant||M|||50|]Trevenant||SitrusBerry|Harvest|HornLeech,Protect,TrickRoom,WillOWisp|Brave||M|||50|\n|showteam|p2|Liepard||FocusSash|Prankster|FakeOut,SunnyDay,Encore,FoulPlay|Jolly||M|||50|]Venusaur||Venusaurite|Chlorophyll|SludgeBomb,GigaDrain,EarthPower,Protect|Timid||F|||50|]Charizard||LifeOrb|SolarPower|HeatWave,SolarBeam,DragonPulse,Protect|Timid||M|||50|]Primarina||SitrusBerry|LiquidVoice|HyperVoice,Moonblast,EnergyBall,Protect|Modest||F|||50|]Staraptor||Staraptite|Intimidate|CloseCombat,BraveBird,Tailwind,Protect|Serious||M|||50|]Ditto||ChoiceScarf|Imposter|Transform|Serious|||||50|\n|\n|t:|1788289455\n|teamsize|p1|4\n|teamsize|p2|4\n|start\n|switch|p1a: Trevenant|Trevenant, L50, M, shiny|100/100\n|switch|p1b: Better Raichu|Raichu-Alola, L50, M|100/100\n|switch|p2a: Liepard|Liepard, L50, M|100/100\n|switch|p2b: Venusaur|Venusaur, L50, F|100/100\n|turn|1\n|\n|t:|1788289484\n|detailschange|p2b: Venusaur|Venusaur-Mega, L50, F\n|-mega|p2b: Venusaur|Venusaur|Venusaurite\n|move|p1b: Better Raichu|Fake Out|p2a: Liepard\n|-damage|p2a: Liepard|86/100\n|cant|p2a: Liepard|flinch\n|move|p2b: Venusaur|Sludge Bomb|p1a: Trevenant\n|-damage|p1a: Trevenant|55/100\n|move|p1a: Trevenant|Trick Room|p1a: Trevenant\n|-fieldstart|move: Trick Room|[of] p1a: Trevenant\n|\n|upkeep\n|turn|2\n|\n|t:|1788289549\n|switch|p1a: Staraptor|Staraptor, L50, M, shiny|100/100\n|move|p2b: Venusaur|Sludge Bomb|p1a: Staraptor\n|-damage|p1a: Staraptor|42/100\n|move|p2a: Liepard|Foul Play|p1a: Staraptor\n|-damage|p1a: Staraptor|0 fnt\n|faint|p1a: Staraptor\n|move|p1b: Better Raichu|Volt Switch|p2a: Liepard\n|-damage|p2a: Liepard|38/100\n|\n|t:|1788289560\n|switch|p1b: Top 3 NEW Mega|Drampa, L50, F|100/100|[from] Volt Switch\n|\n|upkeep\n|\n|t:|1788289573\n|switch|p1a: Better Raichu|Raichu-Alola, L50, M|100/100\n|turn|3\n|\n|t:|1788289586\n|switch|p2a: Staraptor|Staraptor, L50, M|100/100\n|-ability|p2a: Staraptor|Intimidate|boost\n|-unboost|p1a: Better Raichu|atk|1\n|-unboost|p1b: Top 3 NEW Mega|atk|1\n|detailschange|p1b: Top 3 NEW Mega|Drampa-Mega, L50, F\n|-mega|p1b: Top 3 NEW Mega|Drampa|Drampanite\n|move|p2b: Venusaur|Protect|p2b: Venusaur\n|-singleturn|p2b: Venusaur|Protect\n|move|p1a: Better Raichu|Fake Out|p2b: Venusaur\n|-activate|p2b: Venusaur|move: Protect\n|move|p1b: Top 3 NEW Mega|Hyper Voice|p2a: Staraptor|[spread] p2a\n|-activate|p2b: Venusaur|move: Protect\n|-damage|p2a: Staraptor|39/100\n|\n|upkeep\n|turn|4\n|\n|t:|1788289617\n|move|p1b: Top 3 NEW Mega|Hyper Voice|p2a: Staraptor|[spread] p2a,p2b\n|-damage|p2a: Staraptor|0 fnt\n|-damage|p2b: Venusaur|64/100\n|faint|p2a: Staraptor\n|move|p2b: Venusaur|Giga Drain|p1a: Better Raichu\n|-damage|p1a: Better Raichu|59/100\n|-heal|p2b: Venusaur|81/100|[from] drain|[of] p1a: Better Raichu\n|move|p1a: Better Raichu|Nuzzle|p2b: Venusaur\n|-resisted|p2b: Venusaur|1\n|-damage|p2b: Venusaur|80/100\n|-status|p2b: Venusaur|par\n|\n|upkeep\n|\n|t:|1788289627\n|switch|p2a: Primarina|Primarina, L50, F|100/100\n|turn|5\n|\n|t:|1788289651\n|move|p1b: Top 3 NEW Mega|Protect|p1b: Top 3 NEW Mega\n|-singleturn|p1b: Top 3 NEW Mega|Protect\n|move|p2b: Venusaur|Earth Power|p1a: Better Raichu\n|-supereffective|p1a: Better Raichu|1\n|-damage|p1a: Better Raichu|0 fnt\n|faint|p1a: Better Raichu\n|move|p2a: Primarina|Moonblast|p1b: Top 3 NEW Mega\n|-activate|p1b: Top 3 NEW Mega|move: Protect\n|\n|-fieldend|move: Trick Room\n|upkeep\n|\n|t:|1788289658\n|switch|p1a: Trevenant|Trevenant, L50, M, shiny|55/100\n|turn|6\n|\n|t:|1788289687\n|move|p1b: Top 3 NEW Mega|Protect||[still]\n|-fail|p1b: Top 3 NEW Mega\n|move|p2a: Primarina|Moonblast|p1b: Top 3 NEW Mega\n|-supereffective|p1b: Top 3 NEW Mega|1\n|-damage|p1b: Top 3 NEW Mega|1/100\n|-ability|p1b: Top 3 NEW Mega|Berserk|boost\n|-boost|p1b: Top 3 NEW Mega|spa|1\n|move|p2b: Venusaur|Sludge Bomb|p1b: Top 3 NEW Mega\n|-damage|p1b: Top 3 NEW Mega|0 fnt\n|faint|p1b: Top 3 NEW Mega\n|move|p1a: Trevenant|Trick Room|p1a: Trevenant\n|-fieldstart|move: Trick Room|[of] p1a: Trevenant\n|\n|upkeep\n|turn|7\n|\n|t:|1788289699\n|move|p1a: Trevenant|Protect|p1a: Trevenant\n|-singleturn|p1a: Trevenant|Protect\n|move|p2a: Primarina|Protect|p2a: Primarina\n|-singleturn|p2a: Primarina|Protect\n|move|p2b: Venusaur|Sludge Bomb|p1a: Trevenant\n|-activate|p1a: Trevenant|move: Protect\n|\n|upkeep\n|turn|8\n|c|☆xFaxe|ggs\n|\n|t:|1788289720\n|move|p1a: Trevenant|Horn Leech|p2a: Primarina\n|-supereffective|p2a: Primarina|1\n|-damage|p2a: Primarina|9/100\n|-heal|p1a: Trevenant|100/100|[from] drain|[of] p2a: Primarina\n|-enditem|p2a: Primarina|Sitrus Berry|[eat]\n|-heal|p2a: Primarina|33/100|[from] item: Sitrus Berry\n|move|p2b: Venusaur|Sludge Bomb|p1a: Trevenant\n|-damage|p1a: Trevenant|57/100\n|-status|p1a: Trevenant|psn\n|move|p2a: Primarina|Moonblast|p1a: Trevenant\n|-damage|p1a: Trevenant|2/100 psn\n|-enditem|p1a: Trevenant|Sitrus Berry|[eat]\n|-heal|p1a: Trevenant|27/100 psn|[from] item: Sitrus Berry\n|\n|-damage|p1a: Trevenant|15/100 psn|[from] psn\n|upkeep\n|turn|9\n|\n|t:|1788289745\n|move|p2a: Primarina|Protect|p2a: Primarina\n|-singleturn|p2a: Primarina|Protect\n|move|p1a: Trevenant|Horn Leech|p2a: Primarina\n|-activate|p2a: Primarina|move: Protect\n|move|p2b: Venusaur|Sludge Bomb|p1a: Trevenant\n|-damage|p1a: Trevenant|0 fnt\n|faint|p1a: Trevenant\n|\n|win|TipsyTrapinch1\n||xFaxe is ready for game 3.\n|c|☆TipsyTrapinch1|Ggs!\n||TipsyTrapinch1 is ready for game 3.\n|uhtml|next|Next: <a href=\"/battle-gen9championsvgc2026regmbbo3-2674026258\"><strong>Game 3 of 3</strong></a>\n|l|☆TipsyTrapinch1\n|player|p2|\n","uploadtime":1788290153,"views":"2","formatid":"gen9championsvgc2026regmbbo3","rating":null,"private":0,"password":null}