{"id":"gen9championsvgc2026regmb-2673865934","format":"[Gen 9 Champions] VGC 2026 Reg M-B","players":["mercadia games","Thornlace48812"],"log":"|j|☆mercadia games\n|j|☆Thornlace48812\n|t:|1788270511\n|gametype|doubles\n|player|p1|mercadia games|1|1045\n|player|p2|Thornlace48812|102|1079\n|gen|9\n|tier|[Gen 9 Champions] VGC 2026 Reg M-B\n|rated|\n|rule|Species Clause: Limit one of each Pokémon\n|rule|Item Clause: Limit 1 of each item\n|clearpoke\n|poke|p1|Sylveon, L50, F, shiny|\n|poke|p1|Aerodactyl, L50, M, shiny|\n|poke|p1|Charizard, L50, M|\n|poke|p1|Kingambit, L50, M|\n|poke|p1|Garchomp, L50, M|\n|poke|p1|Farigiraf, L50, F|\n|poke|p2|Garchomp, L50, M|\n|poke|p2|Charizard, L50, F|\n|poke|p2|Whimsicott, L50, M|\n|poke|p2|Sylveon, L50, M|\n|poke|p2|Kingambit, L50, M|\n|poke|p2|Basculegion, L50, M|\n|teampreview|4\n|inactive|Battle timer is ON: inactive players will automatically lose when time's up. (requested by Thornlace48812)\nThornlace48812 rejected open team sheets.\n|inactive|mercadia games has 60 seconds left.\n|inactive|mercadia games has 30 seconds left.\n|inactive|mercadia games has 20 seconds left.\n|\n|t:|1788270582\n|teamsize|p1|4\n|teamsize|p2|4\n|start\n|switch|p1a: Aerodactyl|Aerodactyl, L50, M, shiny|100/100\n|switch|p1b: Kingambit|Kingambit, L50, M|100/100\n|switch|p2a: Charizard|Charizard, L50, F|100/100\n|switch|p2b: Garchomp|Garchomp, L50, M|100/100\n|-ability|p1a: Aerodactyl|Unnerve\n|turn|1\n|\n|t:|1788270591\n|detailschange|p1a: Aerodactyl|Aerodactyl-Mega, L50, M, shiny\n|-mega|p1a: Aerodactyl|Aerodactyl|Aerodactylite\n|detailschange|p2a: Charizard|Charizard-Mega-Y, L50, F\n|-mega|p2a: Charizard|Charizard|Charizardite Y\n|-weather|SunnyDay|[from] ability: Drought|[of] p2a: Charizard\n|move|p2a: Charizard|Protect|p2a: Charizard\n|-singleturn|p2a: Charizard|Protect\n|move|p1a: Aerodactyl|Rock Slide|p2a: Charizard|[spread] p2b\n|-activate|p2a: Charizard|move: Protect\n|-resisted|p2b: Garchomp|1\n|-damage|p2b: Garchomp|85/100\n|move|p2b: Garchomp|Earthquake|p1b: Kingambit|[spread] p1b\n|-activate|p2a: Charizard|move: Protect\n|-immune|p1a: Aerodactyl\n|-supereffective|p1b: Kingambit|1\n|-damage|p1b: Kingambit|16/100\n|-damage|p2b: Garchomp|76/100|[from] item: Life Orb\n|move|p1b: Kingambit|Kowtow Cleave|p2b: Garchomp\n|-damage|p2b: Garchomp|27/100\n|-damage|p1b: Kingambit|3/100|[from] ability: Rough Skin|[of] p2b: Garchomp\n|\n|-weather|SunnyDay|[upkeep]\n|upkeep\n|turn|2\n|\n|t:|1788270604\n|move|p1b: Kingambit|Sucker Punch|p2b: Garchomp\n|-damage|p2b: Garchomp|0 fnt\n|-damage|p1b: Kingambit|0 fnt|[from] ability: Rough Skin|[of] p2b: Garchomp\n|faint|p2b: Garchomp\n|faint|p1b: Kingambit\n|move|p1a: Aerodactyl|Rock Slide|p2a: Charizard\n|-supereffective|p2a: Charizard|2\n|-damage|p2a: Charizard|0 fnt\n|faint|p2a: Charizard\n|\n|-weather|SunnyDay|[upkeep]\n|upkeep\n|\n|t:|1788270610\n|switch|p2b: Basculegion|Basculegion, L50, M|100/100\n|switch|p2a: Sylveon|Sylveon, L50, M|100/100\n|switch|p1b: Sylveon|Sylveon, L50, F, shiny|100/100\n|turn|3\n|\n|t:|1788270620\n|move|p1a: Aerodactyl|Rock Slide|p2b: Basculegion|[spread] p2a,p2b\n|-crit|p2b: Basculegion\n|-damage|p2a: Sylveon|64/100\n|-damage|p2b: Basculegion|49/100\n|move|p2b: Basculegion|Last Respects|p1a: Aerodactyl\n|-damage|p1a: Aerodactyl|0 fnt\n|faint|p1a: Aerodactyl\n|move|p2a: Sylveon|Hyper Voice|p1b: Sylveon\n|-damage|p1b: Sylveon|51/100\n|move|p1b: Sylveon|Hyper Voice|p2a: Sylveon|[spread] p2a,p2b\n|-damage|p2a: Sylveon|28/100\n|-damage|p2b: Basculegion|1/100\n|\n|-weather|SunnyDay|[upkeep]\n|upkeep\n|\n|t:|1788270630\n|switch|p1a: Farigiraf|Farigiraf, L50, F|100/100\n|turn|4\n|\n|t:|1788270642\n|move|p1b: Sylveon|Quick Attack|p2b: Basculegion\n|-damage|p2b: Basculegion|0 fnt\n|faint|p2b: Basculegion\n|move|p2a: Sylveon|Hyper Voice|p1b: Sylveon|[spread] p1a,p1b\n|-damage|p1a: Farigiraf|57/100\n|-damage|p1b: Sylveon|12/100\n|move|p1a: Farigiraf|Psychic|p2a: Sylveon\n|-damage|p2a: Sylveon|4/100\n|\n|-weather|SunnyDay|[upkeep]\n|upkeep\n|turn|5\n|\n|t:|1788270647\n|move|p1b: Sylveon|Quick Attack|p2a: Sylveon\n|-damage|p2a: Sylveon|0 fnt\n|faint|p2a: Sylveon\n|\n|win|mercadia games\n|raw|mercadia games's rating: 1045 &rarr; <strong>1084</strong><br />(+39 for winning)\n|raw|Thornlace48812's rating: 1104 &rarr; <strong>1075</strong><br />(-29 for losing)\n","uploadtime":1788270647,"views":"0","formatid":"gen9championsvgc2026regmb","rating":1075,"private":0,"password":null}