{"id":"gen9championsvgc2026regmb-2674122294","format":"[Gen 9 Champions] VGC 2026 Reg M-B","players":["Olivia Regidrigo","youngfurhenchman"],"log":"|j|☆Olivia Regidrigo\n|j|☆youngfurhenchman\n|t:|1788302352\n|gametype|doubles\n|player|p1|Olivia Regidrigo|n|1469\n|player|p2|youngfurhenchman|schoolkid-gen4dp|1379\n|gen|9\n|tier|[Gen 9 Champions] VGC 2026 Reg M-B\n|rated|\n|rule|Species Clause: Limit one of each Pokémon\n|rule|Item Clause: Limit 1 of each item\n|clearpoke\n|poke|p1|Gholdengo, L50|\n|poke|p1|Staraptor, L50, M|\n|poke|p1|Tyranitar, L50, F|\n|poke|p1|Farigiraf, L50, F|\n|poke|p1|Whimsicott, L50, M, shiny|\n|poke|p1|Excadrill, L50, F, shiny|\n|poke|p2|Pelipper, L50, M|\n|poke|p2|Swampert, L50, M|\n|poke|p2|Archaludon, L50, M|\n|poke|p2|Hydreigon, L50, M|\n|poke|p2|Sneasler, L50, F|\n|poke|p2|Sableye, L50, M|\n|teampreview|4\n|\n|t:|1788302382\n|teamsize|p1|4\n|teamsize|p2|4\n|start\n|switch|p1a: Staraptor|Staraptor, L50, M|100/100\n|switch|p1b: Gholdengo|Gholdengo, L50|100/100\n|switch|p2a: Archaludon|Archaludon, L50, M|100/100\n|switch|p2b: Sneasler|Sneasler, L50, F|100/100\n|-ability|p1a: Staraptor|Intimidate|boost\n|-unboost|p2a: Archaludon|atk|1\n|-unboost|p2b: Sneasler|atk|1\n|turn|1\n|\n|t:|1788302396\n|switch|p2b: Pelipper|Pelipper, L50, M|100/100\n|-weather|RainDance|[from] ability: Drizzle|[of] p2b: Pelipper\n|detailschange|p1a: Staraptor|Staraptor-Mega, L50, M\n|-mega|p1a: Staraptor|Staraptor|Staraptite\n|move|p1a: Staraptor|Close Combat|p2a: Archaludon\n|-supereffective|p2a: Archaludon|1\n|-enditem|p2a: Archaludon|Chople Berry|[eat]\n|-enditem|p2a: Archaludon|Chople Berry|[weaken]\n|-damage|p2a: Archaludon|51/100\n|-boost|p1a: Staraptor|def|1\n|-boost|p1a: Staraptor|spd|1\n|-ability|p2a: Archaludon|Stamina|boost\n|-boost|p2a: Archaludon|def|1\n|move|p1b: Gholdengo|Shadow Ball|p2a: Archaludon\n|-damage|p2a: Archaludon|0 fnt\n|faint|p2a: Archaludon\n|-damage|p1b: Gholdengo|90/100|[from] item: Life Orb\n|\n|-weather|RainDance|[upkeep]\n|upkeep\n|\n|t:|1788302412\n|switch|p2a: Swampert|Swampert, L50, M|100/100\n|turn|2\n|\n|t:|1788302422\n|detailschange|p2a: Swampert|Swampert-Mega, L50, M\n|-mega|p2a: Swampert|Swampert|Swampertite\n|move|p1a: Staraptor|Protect|p1a: Staraptor\n|-singleturn|p1a: Staraptor|Protect\n|move|p2a: Swampert|Wave Crash|p1a: Staraptor\n|-activate|p1a: Staraptor|move: Protect\n|move|p1b: Gholdengo|Make It Rain|p2a: Swampert|[spread] p2a,p2b\n|-resisted|p2a: Swampert|1\n|-resisted|p2b: Pelipper|1\n|-damage|p2a: Swampert|73/100\n|-damage|p2b: Pelipper|58/100\n|-unboost|p1b: Gholdengo|spa|2\n|-damage|p1b: Gholdengo|81/100|[from] item: Life Orb\n|move|p2b: Pelipper|Hurricane|p1a: Staraptor\n|-activate|p1a: Staraptor|move: Protect\n|\n|-weather|RainDance|[upkeep]\n|upkeep\n|turn|3\n|\n|t:|1788302442\n|switch|p1b: Tyranitar|Tyranitar, L50, F|100/100\n|-weather|Sandstorm|[from] ability: Sand Stream|[of] p1b: Tyranitar\n|move|p2b: Pelipper|Wide Guard|p2b: Pelipper\n|-singleturn|p2b: Pelipper|Wide Guard\n|move|p1a: Staraptor|Close Combat|p2a: Swampert\n|-damage|p2a: Swampert|21/100\n|-boost|p1a: Staraptor|def|1\n|-boost|p1a: Staraptor|spd|1\n|move|p2a: Swampert|Earthquake|p1b: Tyranitar|[spread] p1b\n|-activate|p2b: Pelipper|move: Wide Guard\n|-immune|p1a: Staraptor\n|-supereffective|p1b: Tyranitar|1\n|-damage|p1b: Tyranitar|19/100\n|\n|-weather|Sandstorm|[upkeep]\n|-damage|p1a: Staraptor|94/100|[from] Sandstorm\n|-damage|p2b: Pelipper|52/100|[from] Sandstorm\n|upkeep\n|turn|4\n|\n|t:|1788302474\n|move|p2a: Swampert|Protect|p2a: Swampert\n|-singleturn|p2a: Swampert|Protect\n|move|p1a: Staraptor|Close Combat|p2a: Swampert\n|-activate|p2a: Swampert|move: Protect\n|move|p1b: Tyranitar|Rock Slide|p2a: Swampert|[spread] p2b\n|-activate|p2a: Swampert|move: Protect\n|-supereffective|p2b: Pelipper|1\n|-damage|p2b: Pelipper|4/100\n|-enditem|p2b: Pelipper|Sitrus Berry|[eat]\n|-heal|p2b: Pelipper|28/100|[from] item: Sitrus Berry\n|cant|p2b: Pelipper|flinch\n|\n|-weather|Sandstorm|[upkeep]\n|-damage|p1a: Staraptor|88/100|[from] Sandstorm\n|-damage|p2b: Pelipper|22/100|[from] Sandstorm\n|upkeep\n|turn|5\n|\n|t:|1788302493\n|switch|p2a: Sneasler|Sneasler, L50, F|100/100\n|move|p2b: Pelipper|Protect|p2b: Pelipper\n|-singleturn|p2b: Pelipper|Protect\n|move|p1a: Staraptor|Close Combat|p2a: Sneasler\n|-resisted|p2a: Sneasler|1\n|-damage|p2a: Sneasler|52/100\n|-boost|p1a: Staraptor|def|1\n|-boost|p1a: Staraptor|spd|1\n|move|p1b: Tyranitar|Knock Off|p2b: Pelipper\n|-activate|p2b: Pelipper|move: Protect\n|\n|-weather|Sandstorm|[upkeep]\n|-damage|p1a: Staraptor|82/100|[from] Sandstorm\n|-damage|p2a: Sneasler|46/100|[from] Sandstorm\n|-damage|p2b: Pelipper|16/100|[from] Sandstorm\n|upkeep\n|turn|6\n|\n|t:|1788302528\n|switch|p1b: Farigiraf|Farigiraf, L50, F|100/100\n|switch|p2b: Swampert|Swampert-Mega, L50, M|21/100\n|move|p2a: Sneasler|Fake Out||[still]\n|cant|p1b: Farigiraf|ability: Armor Tail|Fake Out|[of] p2a: Sneasler\n|move|p1a: Staraptor|Close Combat|p2b: Swampert\n|-damage|p2b: Swampert|0 fnt\n|-boost|p1a: Staraptor|def|1\n|-boost|p1a: Staraptor|spd|1\n|faint|p2b: Swampert\n|\n|-weather|Sandstorm|[upkeep]\n|-damage|p1a: Staraptor|76/100|[from] Sandstorm\n|-damage|p2a: Sneasler|40/100|[from] Sandstorm\n|-damage|p1b: Farigiraf|94/100|[from] Sandstorm\n|upkeep\n|-message|youngfurhenchman forfeited.\n|\n|win|Olivia Regidrigo\n|raw|Olivia Regidrigo's rating: 1469 &rarr; <strong>1484</strong><br />(+15 for winning)\n|raw|youngfurhenchman's rating: 1379 &rarr; <strong>1364</strong><br />(-15 for losing)\n|l|☆youngfurhenchman\n|player|p2|\n","uploadtime":1788302546,"views":"30","formatid":"gen9championsvgc2026regmb","rating":1364,"private":0,"password":null}