{"id":"gen9championsvgc2026regmbbo3-2674197747","format":"[Gen 9 Champions] VGC 2026 Reg M-B (Bo3)","players":["kingsrowbajax","wizzcoaster"],"log":"|j|☆kingsrowbajax\n|j|☆wizzcoaster\n|html|<table width=\"100%\"><tr><td align=\"left\">kingsrowbajax</td><td align=\"right\">wizzcoaster</tr><tr><td align=\"left\"><i class=\"fa fa-circle-o\"></i> <i class=\"fa fa-circle-o\"></i> </td><td align=\"right\"><i class=\"fa fa-circle-o\"></i> <i class=\"fa fa-circle-o\"></i> </tr></table>\n|uhtml|bestof|<h2><strong>Game 1</strong> of <a href=\"/game-bestof3-gen9championsvgc2026regmbbo3-2674197746\">a best-of-3</a></h2>\n|t:|1788313996\n|gametype|doubles\n|player|p1|kingsrowbajax|265|1266\n|player|p2|wizzcoaster|adaman-masters|1335\n|gen|9\n|tier|[Gen 9 Champions] VGC 2026 Reg M-B (Bo3)\n|rated|\n|rule|Species Clause: Limit one of each Pokémon\n|rule|Item Clause: Limit 1 of each item\n|clearpoke\n|poke|p1|Blastoise, L50, M|\n|poke|p1|Delphox, L50, M|\n|poke|p1|Sinistcha, L50|\n|poke|p1|Kingambit, L50, F|\n|poke|p1|Sneasler, L50, M|\n|poke|p1|Incineroar, L50, M|\n|poke|p2|Sneasler, L50, F|\n|poke|p2|Basculegion, L50, M|\n|poke|p2|Kingambit, L50, M|\n|poke|p2|Dragonite, L50, F|\n|poke|p2|Floette-Eternal, L50, F|\n|poke|p2|Garchomp, L50, M|\n|teampreview|4\n|showteam|p1|Blastoise||Blastoisinite|RainDish|WaterSpout,DarkPulse,ShellSmash,Protect|Modest||M|||50|]Delphox||Delphoxite|Blaze|HeatWave,Psychic,NastyPlot,Protect|Timid||M|||50|]Sinistcha||ColburBerry|Hospitality|MatchaGotcha,RagePowder,TrickRoom,Protect|Bold|||||50|]Kingambit||LifeOrb|Defiant|KowtowCleave,SuckerPunch,SwordsDance,Protect|Adamant||F|||50|]Sneasler||FocusSash|PoisonTouch|FakeOut,PoisonJab,CloseCombat,QuickGuard|Jolly||M|||50|]Incineroar||SitrusBerry|Intimidate|FakeOut,FlareBlitz,ThroatChop,PartingShot|Careful||M|||50|\n|showteam|p2|Sneasler||FocusSash|PoisonTouch|FakeOut,CloseCombat,DireClaw,Feint|Jolly||F|||50|]Basculegion||LifeOrb|Adaptability|WaveCrash,LastRespects,AquaJet,Protect|Adamant||M|||50|]Kingambit||ChopleBerry|Defiant|KowtowCleave,SuckerPunch,LowKick,IronHead|Adamant||M|||50|]Dragonite||Dragoninite|Multiscale|DragonPulse,HeatWave,ExtremeSpeed,Protect|Modest||F|||50|]Floette-Eternal||Floettite|FlowerVeil|Moonblast,DazzlingGleam,LightofRuin,Protect|Timid||F|||50|]Garchomp||ChoiceScarf|RoughSkin|DragonClaw,StompingTantrum,RockSlide,Earthquake|Adamant||M|||50|\n|inactive|Battle timer is ON: inactive players will automatically lose when time's up. (requested by kingsrowbajax)\n|\n|t:|1788314038\n|teamsize|p1|4\n|teamsize|p2|4\n|start\n|switch|p1a: Blastoise|Blastoise, L50, M|100/100\n|switch|p1b: Sneasler|Sneasler, L50, M|100/100\n|switch|p2a: Garchomp|Garchomp, L50, M|100/100\n|switch|p2b: Kingambit|Kingambit, L50, M|100/100\n|turn|1\n|inactive|kingsrowbajax has 30 seconds left.\n|\n|t:|1788314065\n|detailschange|p1a: Blastoise|Blastoise-Mega, L50, M\n|-mega|p1a: Blastoise|Blastoise|Blastoisinite\n|move|p1b: Sneasler|Fake Out|p2b: Kingambit\n|-resisted|p2b: Kingambit|1\n|-damage|p2b: Kingambit|94/100\n|move|p2a: Garchomp|Earthquake|p1b: Sneasler|[spread] p2b,p1a,p1b\n|-supereffective|p2b: Kingambit|1\n|-supereffective|p1b: Sneasler|1\n|-damage|p2b: Kingambit|36/100\n|-damage|p1a: Blastoise|63/100\n|-enditem|p1b: Sneasler|Focus Sash\n|-damage|p1b: Sneasler|1/100\n|move|p1a: Blastoise|Shell Smash|p1a: Blastoise\n|-unboost|p1a: Blastoise|def|1\n|-unboost|p1a: Blastoise|spd|1\n|-boost|p1a: Blastoise|atk|2\n|-boost|p1a: Blastoise|spa|2\n|-boost|p1a: Blastoise|spe|2\n|cant|p2b: Kingambit|flinch\n|\n|upkeep\n|turn|2\n|inactive|kingsrowbajax has 30 seconds left.\n|\n|t:|1788314094\n|switch|p1b: Sinistcha|Sinistcha, L50|100/100\n|-heal|p1a: Blastoise|88/100|[from] ability: Hospitality|[of] p1b: Sinistcha\n|switch|p2b: Sneasler|Sneasler, L50, F|100/100\n|move|p1a: Blastoise|Water Spout|p2b: Sneasler|[spread] p2a,p2b\n|-damage|p2a: Garchomp|0 fnt\n|-enditem|p2b: Sneasler|Focus Sash\n|-damage|p2b: Sneasler|1/100\n|faint|p2a: Garchomp\n|\n|upkeep\n|\n|t:|1788314103\n|switch|p2a: Basculegion|Basculegion, L50, M|100/100\n|turn|3\n|inactive|kingsrowbajax has 30 seconds left.\n|\n|t:|1788314132\n|switch|p1b: Incineroar|Incineroar, L50, M|100/100\n|-ability|p1b: Incineroar|Intimidate|boost\n|-unboost|p2a: Basculegion|atk|1\n|-unboost|p2b: Sneasler|atk|1\n|move|p1a: Blastoise|Protect|p1a: Blastoise\n|-singleturn|p1a: Blastoise|Protect\n|move|p2b: Sneasler|Feint|p1a: Blastoise\n|-activate|p1a: Blastoise|move: Feint\n|-damage|p1a: Blastoise|79/100\n|move|p2a: Basculegion|Last Respects|p1a: Blastoise\n|-damage|p1a: Blastoise|11/100\n|-damage|p2a: Basculegion|90/100|[from] item: Life Orb\n|\n|upkeep\n|turn|4\n|inactive|kingsrowbajax has 30 seconds left.\n|inactive|kingsrowbajax has 20 seconds left.\n|inactive|kingsrowbajax has 15 seconds left.\n|\n|t:|1788314172\n|move|p1b: Incineroar|Fake Out|p2b: Sneasler\n|-damage|p2b: Sneasler|0 fnt\n|faint|p2b: Sneasler\n|move|p2a: Basculegion|Aqua Jet|p1a: Blastoise\n|-resisted|p1a: Blastoise|1\n|-damage|p1a: Blastoise|0 fnt\n|faint|p1a: Blastoise\n|-damage|p2a: Basculegion|80/100|[from] item: Life Orb\n|\n|upkeep\n|inactive|wizzcoaster has 30 seconds left.\n|\n|t:|1788314205\n|switch|p2b: Kingambit|Kingambit, L50, M|36/100\n|switch|p1a: Sneasler|Sneasler, L50, M|1/100\n|turn|5\n|\n|t:|1788314215\n|move|p1a: Sneasler|Fake Out|p2b: Kingambit\n|-resisted|p2b: Kingambit|1\n|-damage|p2b: Kingambit|31/100\n|move|p2a: Basculegion|Wave Crash|p1b: Incineroar\n|-supereffective|p1b: Incineroar|1\n|-damage|p1b: Incineroar|0 fnt\n|faint|p1b: Incineroar\n|-damage|p2a: Basculegion|48/100|[from] Recoil\n|-damage|p2a: Basculegion|38/100|[from] item: Life Orb\n|cant|p2b: Kingambit|flinch\n|\n|upkeep\n|\n|t:|1788314225\n|switch|p1b: Sinistcha|Sinistcha, L50|100/100\n|-heal|p1a: Sneasler|25/100|[from] ability: Hospitality|[of] p1b: Sinistcha\n|turn|6\n|inactive|kingsrowbajax has 30 seconds left.\n|\n|t:|1788314253\n|move|p1b: Sinistcha|Rage Powder|p1b: Sinistcha\n|-singleturn|p1b: Sinistcha|move: Rage Powder\n|move|p2b: Kingambit|Sucker Punch||[still]\n|-fail|p2b: Kingambit\n|move|p1a: Sneasler|Poison Jab|p2a: Basculegion\n|-resisted|p2a: Basculegion|1\n|-damage|p2a: Basculegion|13/100\n|-status|p2a: Basculegion|psn\n|move|p2a: Basculegion|Last Respects|p1b: Sinistcha\n|-supereffective|p1b: Sinistcha|1\n|-damage|p1b: Sinistcha|0 fnt\n|faint|p1b: Sinistcha\n|-damage|p2a: Basculegion|4/100 psn|[from] item: Life Orb\n|\n|-damage|p2a: Basculegion|0 fnt|[from] psn\n|faint|p2a: Basculegion\n|upkeep\n|turn|7\n|\n|t:|1788314276\n|move|p1a: Sneasler|Quick Guard|p1a: Sneasler\n|-singleturn|p1a: Sneasler|Quick Guard\n|move|p2b: Kingambit|Iron Head|p1a: Sneasler\n|-damage|p1a: Sneasler|0 fnt\n|faint|p1a: Sneasler\n|\n|win|wizzcoaster\n","uploadtime":1788314276,"views":"0","formatid":"gen9championsvgc2026regmbbo3","rating":null,"private":0,"password":null}