{"id":"gen9championsvgc2026regmb-2673950353","format":"[Gen 9 Champions] VGC 2026 Reg M-B","players":["food14","AACV"],"log":"|j|☆food14\n|j|☆AACV\n|t:|1788280880\n|gametype|doubles\n|player|p1|food14|preschooler|1220\n|player|p2|AACV|juggler|1196\n|gen|9\n|tier|[Gen 9 Champions] VGC 2026 Reg M-B\n|rated|\n|rule|Species Clause: Limit one of each Pokémon\n|rule|Item Clause: Limit 1 of each item\n|clearpoke\n|poke|p1|Dragonite, L50, M|\n|poke|p1|Scovillain, L50, F|\n|poke|p1|Kingambit, L50, M|\n|poke|p1|Garchomp, L50, M|\n|poke|p1|Sneasler, L50, F|\n|poke|p1|Basculegion, L50, M|\n|poke|p2|Lucario, L50, M|\n|poke|p2|Krookodile, L50, F|\n|poke|p2|Aerodactyl, L50, F, shiny|\n|poke|p2|Talonflame, L50, M|\n|poke|p2|Ninetales-Alola, L50, F|\n|poke|p2|Zoroark-Hisui, L50, M|\n|teampreview|4\n|c|☆AACV|gl hf\nfood14 has agreed to open team sheets.\n|\n|t:|1788280913\n|teamsize|p1|4\n|teamsize|p2|4\n|start\n|switch|p1a: Basculegion|Basculegion, L50, M|100/100\n|switch|p1b: Dragonite|Dragonite, L50, M|100/100\n|switch|p2a: Talonflame|Talonflame, L50, M|100/100\n|switch|p2b: Lucario|Lucario, L50, M|100/100\n|turn|1\n|\n|t:|1788280934\n|switch|p1b: Sneasler|Sneasler, L50, F|100/100\n|move|p2a: Talonflame|Tailwind|p2a: Talonflame\n|-sidestart|p2: AACV|move: Tailwind\n|move|p1a: Basculegion|Aqua Jet|p2a: Talonflame\n|-supereffective|p2a: Talonflame|1\n|-damage|p2a: Talonflame|22/100\n|move|p2b: Lucario|Shadow Ball|p1b: Sneasler\n|-damage|p1b: Sneasler|46/100\n|\n|upkeep\n|turn|2\n|\n|t:|1788280950\n|move|p2a: Talonflame|Upper Hand|p1b: Sneasler\n|-resisted|p1b: Sneasler|1\n|-damage|p1b: Sneasler|33/100\n|cant|p1b: Sneasler|flinch\n|move|p1a: Basculegion|Aqua Jet|p2a: Talonflame\n|-supereffective|p2a: Talonflame|1\n|-damage|p2a: Talonflame|0 fnt\n|faint|p2a: Talonflame\n|move|p2b: Lucario|Shadow Ball|p1a: Basculegion\n|-supereffective|p1a: Basculegion|1\n|-damage|p1a: Basculegion|16/100\n|-unboost|p1a: Basculegion|spd|1\n|\n|upkeep\n|\n|t:|1788280963\n|switch|p2a: Lucario|Lucario, L50, M|100/100\n|turn|3\n|\n|t:|1788280981\n|switch|p1b: Dragonite|Dragonite, L50, M|100/100\n|detailschange|p2a: Lucario|Lucario-Mega, L50, M\n|-mega|p2a: Lucario|Lucario|Lucarionite\n|move|p1a: Basculegion|Protect|p1a: Basculegion\n|-singleturn|p1a: Basculegion|Protect\n|move|p2b: Lucario|Shadow Ball|p1a: Basculegion\n|-activate|p1a: Basculegion|move: Protect\n|move|p2a: Lucario|Psychic|p1b: Dragonite\n|-damage|p1b: Dragonite|82/100\n|\n|upkeep\n|turn|4\n|\n|t:|1788281008\n|detailschange|p1b: Dragonite|Dragonite-Mega, L50, M\n|-mega|p1b: Dragonite|Dragonite|Dragoninite\n|move|p1a: Basculegion|Aqua Jet|p2b: Lucario\n|-damage|p2b: Lucario|45/100\n|replace|p2b: Zoroark|Zoroark-Hisui, L50, M\n|-end|p2b: Zoroark|Illusion\n|move|p2b: Zoroark|Shadow Ball|p1a: Basculegion\n|-supereffective|p1a: Basculegion|1\n|-damage|p1a: Basculegion|0 fnt\n|faint|p1a: Basculegion\n|move|p2a: Lucario|Aura Sphere|p1b: Dragonite\n|-resisted|p1b: Dragonite|1\n|-damage|p1b: Dragonite|56/100\n|move|p1b: Dragonite|Dragon Pulse|p2b: Zoroark\n|-damage|p2b: Zoroark|0 fnt\n|faint|p2b: Zoroark\n|\n|-sideend|p2: AACV|move: Tailwind\n|upkeep\n|\n|t:|1788281025\n|switch|p2b: Aerodactyl|Aerodactyl, L50, F, shiny|100/100\n|switch|p1a: Sneasler|Sneasler, L50, F|33/100\n|-ability|p2b: Aerodactyl|Unnerve\n|turn|5\n|\n|t:|1788281036\n|move|p1a: Sneasler|Fake Out|p2b: Aerodactyl\n|-resisted|p2b: Aerodactyl|1\n|-damage|p2b: Aerodactyl|88/100\n|cant|p2b: Aerodactyl|flinch\n|move|p2a: Lucario|Psychic|p1a: Sneasler\n|-supereffective|p1a: Sneasler|2\n|-crit|p1a: Sneasler\n|-damage|p1a: Sneasler|0 fnt\n|faint|p1a: Sneasler\n|move|p1b: Dragonite|Thunderbolt|p2b: Aerodactyl\n|-supereffective|p2b: Aerodactyl|1\n|-damage|p2b: Aerodactyl|0 fnt\n|faint|p2b: Aerodactyl\n|\n|upkeep\n|\n|t:|1788281047\n|switch|p1a: Kingambit|Kingambit, L50, M|100/100\n|turn|6\n|inactive|Battle timer is ON: inactive players will automatically lose when time's up. (requested by AACV)\n|\n|t:|1788281062\n|move|p1a: Kingambit|Protect|p1a: Kingambit\n|-singleturn|p1a: Kingambit|Protect\n|move|p2a: Lucario|Nasty Plot|p2a: Lucario\n|-boost|p2a: Lucario|spa|2\n|move|p1b: Dragonite|Thunderbolt|p2a: Lucario\n|-damage|p2a: Lucario|42/100\n|\n|upkeep\n|turn|7\n|\n|t:|1788281072\n|move|p2a: Lucario|Vacuum Wave|p1a: Kingambit\n|-supereffective|p1a: Kingambit|2\n|-damage|p1a: Kingambit|0 fnt\n|faint|p1a: Kingambit\n|move|p1b: Dragonite|Thunderbolt|p2a: Lucario\n|-damage|p2a: Lucario|0 fnt\n|faint|p2a: Lucario\n|\n|win|food14\n|raw|food14's rating: 1220 &rarr; <strong>1243</strong><br />(+23 for winning)\n|raw|AACV's rating: 1196 &rarr; <strong>1173</strong><br />(-23 for losing)\n|c|☆AACV|gg\n|c|☆food14|gg\n","uploadtime":1788281081,"views":"2","formatid":"gen9championsvgc2026regmb","rating":1173,"private":0,"password":null}