{"id":"gen9championsvgc2026regmb-2674100512","format":"[Gen 9 Champions] VGC 2026 Reg M-B","players":["Amulo","GenericEdgeLrd"],"log":"|j|☆Amulo\n|j|☆GenericEdgeLrd\n|t:|1788299183\n|gametype|doubles\n|player|p1|Amulo|1|1173\n|player|p2|GenericEdgeLrd|gentleman-gen4|1259\n|gen|9\n|tier|[Gen 9 Champions] VGC 2026 Reg M-B\n|rated|\n|rule|Species Clause: Limit one of each Pokémon\n|rule|Item Clause: Limit 1 of each item\n|clearpoke\n|poke|p1|Lucario, L50, F|\n|poke|p1|Houndoom, L50, F|\n|poke|p1|Meowscarada, L50, M|\n|poke|p1|Ninetales, L50, M|\n|poke|p1|Mimikyu, L50, M|\n|poke|p1|Aegislash, L50, F|\n|poke|p2|Gengar, L50, F, shiny|\n|poke|p2|Whimsicott, L50, F|\n|poke|p2|Oranguru, L50, M|\n|poke|p2|Hawlucha, L50, F, shiny|\n|poke|p2|Lopunny, L50, M, shiny|\n|poke|p2|Sableye, L50, F|\n|teampreview|4\n|inactive|Battle timer is ON: inactive players will automatically lose when time's up. (requested by GenericEdgeLrd)\n|l|☆Amulo\n|inactive|Amulo disconnected and has a minute to reconnect!\n|player|p1|\n|j|☆Amulo\n|inactive|Amulo reconnected and has 80 seconds left.\n|player|p1|Amulo|1|\n|\n|t:|1788299211\n|teamsize|p1|4\n|teamsize|p2|4\n|start\n|switch|p1a: Houndoom|Houndoom, L50, F|100/100\n|switch|p1b: Ninetales|Ninetales, L50, M|100/100\n|switch|p2a: Lopunny|Lopunny, L50, M, shiny|100/100\n|switch|p2b: Sableye|Sableye, L50, F|100/100\n|-weather|SunnyDay|[from] ability: Drought|[of] p1b: Ninetales\n|turn|1\n|\n|t:|1788299234\n|detailschange|p2a: Lopunny|Lopunny-Mega, L50, M, shiny\n|-mega|p2a: Lopunny|Lopunny|Lopunnite\n|detailschange|p1a: Houndoom|Houndoom-Mega, L50, F\n|-mega|p1a: Houndoom|Houndoom|Houndoominite\n|move|p2b: Sableye|Protect|p2b: Sableye\n|-singleturn|p2b: Sableye|Protect\n|move|p2a: Lopunny|Fake Out|p1a: Houndoom\n|-damage|p1a: Houndoom|72/100\n|move|p1b: Ninetales|Extrasensory|p2a: Lopunny\n|-supereffective|p2a: Lopunny|1\n|-damage|p2a: Lopunny|40/100\n|cant|p1a: Houndoom|flinch\n|\n|-weather|SunnyDay|[upkeep]\n|-damage|p1a: Houndoom|59/100|[from] ability: Solar Power|[of] p1a: Houndoom\n|upkeep\n|turn|2\n|\n|t:|1788299248\n|move|p2b: Sableye|Disable|p1b: Ninetales\n|-start|p1b: Ninetales|Disable|Extrasensory\n|cant|p1b: Ninetales|Disable|Extrasensory\n|move|p2a: Lopunny|Close Combat|p1a: Houndoom\n|-supereffective|p1a: Houndoom|1\n|-damage|p1a: Houndoom|0 fnt\n|-unboost|p2a: Lopunny|def|1\n|-unboost|p2a: Lopunny|spd|1\n|faint|p1a: Houndoom\n|\n|-weather|SunnyDay|[upkeep]\n|upkeep\n|\n|t:|1788299255\n|switch|p1a: Aegislash|Aegislash, L50, F|100/100\n|turn|3\n|\n|t:|1788299269\n|switch|p1b: Mimikyu|Mimikyu, L50, M|100/100\n|switch|p2a: Oranguru|Oranguru, L50, M|100/100\n|-formechange|p1a: Aegislash|Aegislash-Blade|\n|move|p1a: Aegislash|Poltergeist|p2b: Sableye|[miss]\n|-miss|p1a: Aegislash|p2b: Sableye\n|move|p2b: Sableye|Foul Play|p1a: Aegislash\n|-supereffective|p1a: Aegislash|1\n|-damage|p1a: Aegislash|0 fnt\n|faint|p1a: Aegislash\n|\n|-weather|SunnyDay|[upkeep]\n|upkeep\n|\n|t:|1788299280\n|switch|p1a: Ninetales|Ninetales, L50, M|100/100\n|turn|4\n|inactive|GenericEdgeLrd has 30 seconds left.\n|\n|t:|1788299310\n|move|p2b: Sableye|Will-O-Wisp|p1b: Mimikyu\n|-status|p1b: Mimikyu|brn\n|move|p1a: Ninetales|Heat Wave|p2a: Oranguru|[spread] p2b\n|-miss|p1a: Ninetales|p2a: Oranguru\n|-damage|p2b: Sableye|52/100\n|move|p1b: Mimikyu|Play Rough|p2b: Sableye\n|-supereffective|p2b: Sableye|1\n|-damage|p2b: Sableye|0 fnt\n|faint|p2b: Sableye\n|move|p2a: Oranguru|Psyshock|p1a: Ninetales\n|-damage|p1a: Ninetales|61/100\n|\n|-weather|SunnyDay|[upkeep]\n|-damage|p1b: Mimikyu|93/100 brn|[from] brn\n|upkeep\n|\n|t:|1788299315\n|switch|p2b: Hawlucha|Hawlucha, L50, F, shiny|100/100\n|turn|5\n|\n|t:|1788299324\n|move|p2b: Hawlucha|Protect|p2b: Hawlucha\n|-singleturn|p2b: Hawlucha|Protect\n|move|p1a: Ninetales|Heat Wave|p2a: Oranguru|[spread] p2a\n|-activate|p2b: Hawlucha|move: Protect\n|-damage|p2a: Oranguru|72/100\n|-status|p2a: Oranguru|brn\n|move|p1b: Mimikyu|Play Rough|p2b: Hawlucha\n|-activate|p2b: Hawlucha|move: Protect\n|move|p2a: Oranguru|Psyshock|p1b: Mimikyu\n|-activate|p1b: Mimikyu|ability: Disguise\n|-damage|p1b: Mimikyu|93/100 brn\n|detailschange|p1b: Mimikyu|Mimikyu-Busted, L50, M\n|-damage|p1b: Mimikyu|81/100 brn|[from] pokemon: Mimikyu-Busted\n|\n|-weather|none\n|-damage|p1b: Mimikyu|75/100 brn|[from] brn\n|-damage|p2a: Oranguru|66/100 brn|[from] brn\n|upkeep\n|turn|6\n|\n|t:|1788299332\n|move|p1a: Ninetales|Heat Wave|p2a: Oranguru|[spread] p2a,p2b\n|-damage|p2a: Oranguru|48/100 brn\n|-damage|p2b: Hawlucha|54/100\n|move|p2b: Hawlucha|Close Combat|p1a: Ninetales\n|-damage|p1a: Ninetales|0 fnt\n|-unboost|p2b: Hawlucha|def|1\n|-unboost|p2b: Hawlucha|spd|1\n|faint|p1a: Ninetales\n|-enditem|p2b: Hawlucha|White Herb\n|-clearnegativeboost|p2b: Hawlucha|[silent]\n|move|p1b: Mimikyu|Play Rough|p2b: Hawlucha\n|-supereffective|p2b: Hawlucha|1\n|-damage|p2b: Hawlucha|0 fnt\n|faint|p2b: Hawlucha\n|move|p2a: Oranguru|Psyshock|p1b: Mimikyu\n|-damage|p1b: Mimikyu|36/100 brn\n|\n|-damage|p1b: Mimikyu|30/100 brn|[from] brn\n|-damage|p2a: Oranguru|42/100 brn|[from] brn\n|upkeep\n|\n|t:|1788299335\n|switch|p2b: Lopunny|Lopunny-Mega, L50, M, shiny|40/100\n|turn|7\n|\n|t:|1788299342\n|move|p2b: Lopunny|Ice Punch|p1b: Mimikyu\n|-damage|p1b: Mimikyu|0 fnt\n|faint|p1b: Mimikyu\n|\n|win|GenericEdgeLrd\n|raw|Amulo's rating: 1173 &rarr; <strong>1154</strong><br />(-19 for losing)\n|raw|GenericEdgeLrd's rating: 1259 &rarr; <strong>1278</strong><br />(+19 for winning)\n","uploadtime":1788299344,"views":"1","formatid":"gen9championsvgc2026regmb","rating":1154,"private":0,"password":null}