{"id":"gen9championsvgc2026regmb-2673913201","format":"[Gen 9 Champions] VGC 2026 Reg M-B","players":["gyromate","Ramzo"],"log":"|j|☆gyromate\n|j|☆Ramzo\n|t:|1788276396\n|gametype|doubles\n|player|p1|gyromate|101|1579\n|player|p2|Ramzo|volo|1545\n|gen|9\n|tier|[Gen 9 Champions] VGC 2026 Reg M-B\n|rated|\n|rule|Species Clause: Limit one of each Pokémon\n|rule|Item Clause: Limit 1 of each item\n|clearpoke\n|poke|p1|Farigiraf, L50, M|\n|poke|p1|Steelix, L50, F, shiny|\n|poke|p1|Tyranitar, L50, F|\n|poke|p1|Venusaur, L50, F|\n|poke|p1|Pelipper, L50, M, shiny|\n|poke|p1|Dragonite, L50, M|\n|poke|p2|Staraptor, L50, M|\n|poke|p2|Whimsicott, L50, M, shiny|\n|poke|p2|Glimmora, L50, F|\n|poke|p2|Garchomp, L50, F|\n|poke|p2|Delphox, L50, M|\n|poke|p2|Kingambit, L50, M, shiny|\n|teampreview|4\n|inactive|Battle timer is ON: inactive players will automatically lose when time's up. (requested by Ramzo)\nRamzo has agreed to open team sheets.\n|j| kingmain1\n|inactive|gyromate has 60 seconds left.\n|\n|t:|1788276441\n|teamsize|p1|4\n|teamsize|p2|4\n|start\n|switch|p1a: protect ya neck|Farigiraf, L50, M|100/100\n|switch|p1b: Peeko Bellic|Pelipper, L50, M, shiny|100/100\n|switch|p2a: Whimsicott|Whimsicott, L50, M, shiny|100/100\n|switch|p2b: Glimmora|Glimmora, L50, F|100/100\n|-weather|RainDance|[from] ability: Drizzle|[of] p1b: Peeko Bellic\n|turn|1\n|c| kingmain1|weird ass name\n|inactive|Ramzo has 30 seconds left.\n|inactive|Ramzo has 20 seconds left.\n|\n|t:|1788276479\n|move|p2a: Whimsicott|Light Screen|p2a: Whimsicott\n|-sidestart|p2: Ramzo|move: Light Screen\n|move|p2b: Glimmora|Power Gem|p1b: Peeko Bellic\n|-supereffective|p1b: Peeko Bellic|1\n|-enditem|p1b: Peeko Bellic|Focus Sash\n|-damage|p1b: Peeko Bellic|1/100\n|move|p1b: Peeko Bellic|Weather Ball|p2b: Glimmora\n|-supereffective|p2b: Glimmora|1\n|-enditem|p2b: Glimmora|Focus Sash\n|-damage|p2b: Glimmora|1/100\n|move|p1a: protect ya neck|Trick Room|p1a: protect ya neck\n|-fieldstart|move: Trick Room|[of] p1a: protect ya neck\n|\n|-weather|RainDance|[upkeep]\n|upkeep\n|turn|2\n|inactive|Ramzo has 30 seconds left.\n|\n|t:|1788276505\n|move|p1a: protect ya neck|Thunderbolt|p2b: Glimmora\n|-damage|p2b: Glimmora|0 fnt\n|faint|p2b: Glimmora\n|move|p1b: Peeko Bellic|Hurricane|p2a: Whimsicott\n|-supereffective|p2a: Whimsicott|1\n|-damage|p2a: Whimsicott|0 fnt\n|faint|p2a: Whimsicott\n|\n|-weather|RainDance|[upkeep]\n|upkeep\n|\n|t:|1788276512\n|switch|p2b: Staraptor|Staraptor, L50, M|100/100\n|switch|p2a: Garchomp|Garchomp, L50, F|100/100\n|-ability|p2b: Staraptor|Intimidate|boost\n|-unboost|p1a: protect ya neck|atk|1\n|-unboost|p1b: Peeko Bellic|atk|1\n|turn|3\n|\n|t:|1788276529\n|move|p1a: protect ya neck|Helping Hand|p1b: Peeko Bellic\n|-singleturn|p1b: Peeko Bellic|Helping Hand|[of] p1a: protect ya neck\n|move|p2b: Staraptor|Protect|p2b: Staraptor\n|-singleturn|p2b: Staraptor|Protect\n|move|p1b: Peeko Bellic|Weather Ball|p2a: Garchomp\n|-damage|p2a: Garchomp|23/100\n|move|p2a: Garchomp|Rock Slide|p1b: Peeko Bellic|[spread] p1a,p1b\n|-supereffective|p1b: Peeko Bellic|1\n|-damage|p1a: protect ya neck|80/100\n|-damage|p1b: Peeko Bellic|0 fnt\n|faint|p1b: Peeko Bellic\n|-damage|p2a: Garchomp|13/100|[from] item: Life Orb\n|\n|-weather|RainDance|[upkeep]\n|upkeep\n|\n|t:|1788276547\n|switch|p1b: Table Butter|Steelix, L50, F, shiny|100/100\n|turn|4\n|\n|t:|1788276560\n|detailschange|p1b: Table Butter|Steelix-Mega, L50, F, shiny\n|-mega|p1b: Table Butter|Steelix|Steelixite\n|detailschange|p2b: Staraptor|Staraptor-Mega, L50, M\n|-mega|p2b: Staraptor|Staraptor|Staraptite\n|move|p1b: Table Butter|Heavy Slam|p2b: Staraptor\n|-damage|p2b: Staraptor|31/100\n|move|p1a: protect ya neck|Psychic Fangs|p2a: Garchomp\n|-sideend|p2: Ramzo|move: Light Screen\n|-damage|p2a: Garchomp|0 fnt\n|-damage|p1a: protect ya neck|67/100|[from] ability: Rough Skin|[of] p2a: Garchomp\n|faint|p2a: Garchomp\n|move|p2b: Staraptor|Close Combat|p1b: Table Butter\n|-supereffective|p1b: Table Butter|1\n|-damage|p1b: Table Butter|43/100\n|-boost|p2b: Staraptor|def|1\n|-boost|p2b: Staraptor|spd|1\n|\n|-weather|RainDance|[upkeep]\n|upkeep\n|turn|5\n|inactive|Ramzo has 30 seconds left.\n|\n|t:|1788276588\n|move|p2b: Staraptor|Protect|p2b: Staraptor\n|-singleturn|p2b: Staraptor|Protect\n|move|p1b: Table Butter|Heavy Slam|p2b: Staraptor\n|-activate|p2b: Staraptor|move: Protect\n|move|p1a: protect ya neck|Thunderbolt|p2b: Staraptor\n|-activate|p2b: Staraptor|move: Protect\n|\n|-weather|none\n|-fieldend|move: Trick Room\n|upkeep\n|turn|6\n|inactive|Ramzo has 30 seconds left.\n|\n|t:|1788276620\n|move|p2b: Staraptor|Roost|p2b: Staraptor\n|-heal|p2b: Staraptor|81/100\n|-singleturn|p2b: Staraptor|move: Roost\n|move|p1a: protect ya neck|Thunderbolt|p2b: Staraptor\n|-damage|p2b: Staraptor|64/100\n|-status|p2b: Staraptor|par\n|move|p1b: Table Butter|Heavy Slam|p2b: Staraptor\n|-damage|p2b: Staraptor|21/100 par\n|\n|upkeep\n|turn|7\n|\n|t:|1788276633\n|move|p1b: Table Butter|Protect|p1b: Table Butter\n|-singleturn|p1b: Table Butter|Protect\n|move|p2b: Staraptor|Close Combat|p1a: protect ya neck\n|-damage|p1a: protect ya neck|22/100\n|-boost|p2b: Staraptor|def|1\n|-boost|p2b: Staraptor|spd|1\n|-enditem|p1a: protect ya neck|Sitrus Berry|[eat]\n|-heal|p1a: protect ya neck|47/100|[from] item: Sitrus Berry\n|move|p1a: protect ya neck|Psychic Fangs|p2b: Staraptor\n|-supereffective|p2b: Staraptor|1\n|-damage|p2b: Staraptor|4/100 par\n|\n|upkeep\n|turn|8\n|\n|t:|1788276654\n|switch|p1a: Darude|Tyranitar, L50, F|100/100\n|-weather|Sandstorm|[from] ability: Sand Stream|[of] p1a: Darude\n|move|p2b: Staraptor|Roost|p2b: Staraptor\n|-heal|p2b: Staraptor|54/100 par\n|-singleturn|p2b: Staraptor|move: Roost\n|move|p1b: Table Butter|Heavy Slam|p2b: Staraptor\n|-damage|p2b: Staraptor|14/100 par\n|\n|-weather|Sandstorm|[upkeep]\n|-damage|p2b: Staraptor|8/100 par|[from] Sandstorm\n|upkeep\n|turn|9\n|\n|t:|1788276671\n|move|p1a: Darude|Ice Punch|p2b: Staraptor\n|-supereffective|p2b: Staraptor|1\n|-crit|p2b: Staraptor\n|-damage|p2b: Staraptor|0 fnt\n|faint|p2b: Staraptor\n|\n|win|gyromate\n|raw|gyromate's rating: 1579 &rarr; <strong>1597</strong><br />(+18 for winning)\n|raw|Ramzo's rating: 1545 &rarr; <strong>1527</strong><br />(-18 for losing)\n|l|☆Ramzo\n|player|p2|\n","uploadtime":1788276687,"views":"17","formatid":"gen9championsvgc2026regmb","rating":1527,"private":0,"password":null}