{"id":"gen9championsvgc2026regmb-2674542793","format":"[Gen 9 Champions] VGC 2026 Reg M-B","players":["ryangreenblue","ester7stars"],"log":"|j|☆ryangreenblue\n|j|☆ester7stars\n|html|<table width=\"100%\"><tr><td align=\"left\">ryangreenblue</td><td align=\"right\">ester7stars</tr><tr><td align=\"left\"><i class=\"fa fa-circle-o\"></i> <i class=\"fa fa-circle-o\"></i> </td><td align=\"right\"><i class=\"fa fa-circle-o\"></i> <i class=\"fa fa-circle-o\"></i> </tr></table>\n|uhtml|bestof|<h2><strong>Game 1</strong> of <a href=\"/game-bestof3-gen9championsvgc2026regmb-2674542792\">a best-of-3</a></h2>\n|t:|1788372033\n|gametype|doubles\n|player|p1|ryangreenblue|unknown|\n|player|p2|ester7stars|266|\n|gen|9\n|tier|[Gen 9 Champions] VGC 2026 Reg M-B\n|rule|Species Clause: Limit one of each Pokémon\n|rule|Item Clause: Limit 1 of each item\n|raw|<div class=\"infobox\"><details class=\"readmore\" open><summary><strong>1 custom rule:</strong></summary> Best of = 3</details></div>\n|clearpoke\n|poke|p1|Blastoise, L50, M|\n|poke|p1|Espathra, L50, M|\n|poke|p1|Sylveon, L50, M|\n|poke|p1|Basculegion, L50, M|\n|poke|p1|Kangaskhan, L50, F|\n|poke|p1|Typhlosion-Hisui, L50, F|\n|poke|p2|Aegislash, L50, M|\n|poke|p2|Dragonite, L50, F|\n|poke|p2|Glimmora, L50, M, shiny|\n|poke|p2|Rotom-Wash, L50, shiny|\n|poke|p2|Volcarona, L50, F|\n|poke|p2|Sylveon, L50, F, shiny|\n|teampreview|4\n|c|☆ester7stars|hai :3\n|c|☆ryangreenblue|oh shooot\n|c|☆ryangreenblue|pvp\nryangreenblue rejected open team sheets.\n|c|☆ryangreenblue|hi this draft team specifically made me lose 0-2\n|c|☆ester7stars|no way its worse than my bullshit\n|\n|t:|1788372139\n|teamsize|p1|4\n|teamsize|p2|4\n|start\n|switch|p1a: Cow's Ice Cream|Blastoise, L50, M|100/100\n|switch|p1b: Halifax Shipyard|Typhlosion-Hisui, L50, F|100/100\n|switch|p2a: Appliance|Rotom-Wash, L50, shiny|100/100\n|switch|p2b: Gender|Dragonite, L50, F|100/100\n|-item|p2a: Appliance|Life Orb|[from] ability: Frisk|[of] p1b: Halifax Shipyard\n|-item|p2b: Gender|Dragoninite|[from] ability: Frisk|[of] p1b: Halifax Shipyard\n|turn|1\n|\n|t:|1788372171\n|switch|p1b: Old Town Clock|Sylveon, L50, M|100/100\n|detailschange|p1a: Cow's Ice Cream|Blastoise-Mega, L50, M\n|-mega|p1a: Cow's Ice Cream|Blastoise|Blastoisinite\n|detailschange|p2b: Gender|Dragonite-Mega, L50, F\n|-mega|p2b: Gender|Dragonite|Dragoninite\n|move|p2b: Gender|Protect|p2b: Gender\n|-singleturn|p2b: Gender|Protect\n|move|p1a: Cow's Ice Cream|Fake Out|p2b: Gender\n|-activate|p2b: Gender|move: Protect\n|move|p2a: Appliance|Light Screen|p2a: Appliance\n|-sidestart|p2: ester7stars|move: Light Screen\n|\n|upkeep\n|turn|2\n|\n|t:|1788372201\n|switch|p1a: Halifax Shipyard|Typhlosion-Hisui, L50, F|100/100\n|-item|p2a: Appliance|Life Orb|[from] ability: Frisk|[of] p1a: Halifax Shipyard\n|-item|p2b: Gender|Dragoninite|[from] ability: Frisk|[of] p1a: Halifax Shipyard\n|switch|p2b: Sword|Aegislash, L50, M|100/100\n|move|p2a: Appliance|Hydro Pump|p1b: Old Town Clock\n|-damage|p1b: Old Town Clock|61/100\n|-damage|p2a: Appliance|90/100|[from] item: Life Orb\n|move|p1b: Old Town Clock|Hyper Voice|p2b: Sword|[spread] p2a,p2b\n|-resisted|p2b: Sword|1\n|-damage|p2a: Appliance|62/100\n|-damage|p2b: Sword|86/100\n|-damage|p1b: Old Town Clock|51/100|[from] item: Life Orb\n|\n|upkeep\n|turn|3\n|\n|t:|1788372231\n|move|p2b: Sword|King's Shield|p2b: Sword\n|-singleturn|p2b: Sword|Protect\n|move|p1a: Halifax Shipyard|Eruption|p2a: Appliance|[spread] p2a\n|-activate|p2b: Sword|move: Protect\n|-resisted|p2a: Appliance|1\n|-damage|p2a: Appliance|41/100\n|move|p2a: Appliance|Hydro Pump|p1a: Halifax Shipyard\n|-supereffective|p1a: Halifax Shipyard|1\n|-damage|p1a: Halifax Shipyard|0 fnt\n|faint|p1a: Halifax Shipyard\n|-damage|p2a: Appliance|31/100|[from] item: Life Orb\n|move|p1b: Old Town Clock|Hyper Voice|p2b: Sword|[spread] p2a\n|-activate|p2b: Sword|move: Protect\n|-damage|p2a: Appliance|1/100\n|-damage|p1b: Old Town Clock|41/100|[from] item: Life Orb\n|\n|upkeep\n|\n|t:|1788372252\n|switch|p1a: Cow's Ice Cream|Blastoise-Mega, L50, M|100/100\n|turn|4\n|\n|t:|1788372273\n|move|p2a: Appliance|Protect|p2a: Appliance\n|-singleturn|p2a: Appliance|Protect\n|move|p1b: Old Town Clock|Quick Attack|p2a: Appliance\n|-activate|p2a: Appliance|move: Protect\n|move|p1a: Cow's Ice Cream|Water Spout|p2a: Appliance|[spread] p2b\n|-activate|p2a: Appliance|move: Protect\n|-damage|p2b: Sword|53/100\n|-formechange|p2b: Sword|Aegislash-Blade|\n|move|p2b: Sword|Flash Cannon|p1b: Old Town Clock\n|-supereffective|p1b: Old Town Clock|1\n|-damage|p1b: Old Town Clock|0 fnt\n|faint|p1b: Old Town Clock\n|\n|upkeep\n|\n|t:|1788372285\n|switch|p1b: Peggy's Cove|Espathra, L50, M|100/100\n|turn|5\n|\n|t:|1788372306\n|move|p1a: Cow's Ice Cream|Protect|p1a: Cow's Ice Cream\n|-singleturn|p1a: Cow's Ice Cream|Protect\n|-formechange|p2b: Sword|Aegislash|\n|move|p2b: Sword|King's Shield|p2b: Sword\n|-singleturn|p2b: Sword|Protect\n|move|p2a: Appliance|Light Screen||[still]\n|-fail|p2a: Appliance\n|move|p1b: Peggy's Cove|Calm Mind|p1b: Peggy's Cove\n|-boost|p1b: Peggy's Cove|spa|1\n|-boost|p1b: Peggy's Cove|spd|1\n|\n|-sideend|p2: ester7stars|move: Light Screen\n|-ability|p1b: Peggy's Cove|Speed Boost|boost\n|-boost|p1b: Peggy's Cove|spe|1\n|upkeep\n|turn|6\n|\n|t:|1788372328\n|move|p2a: Appliance|Protect|p2a: Appliance\n|-singleturn|p2a: Appliance|Protect\n|move|p1b: Peggy's Cove|Lumina Crash|p2a: Appliance\n|-activate|p2a: Appliance|move: Protect\n|move|p1a: Cow's Ice Cream|Dark Pulse|p2b: Sword\n|-supereffective|p2b: Sword|1\n|-damage|p2b: Sword|0 fnt\n|faint|p2b: Sword\n|\n|-ability|p1b: Peggy's Cove|Speed Boost|boost\n|-boost|p1b: Peggy's Cove|spe|1\n|upkeep\n|\n|t:|1788372343\n|switch|p2b: Gender|Dragonite-Mega, L50, F|100/100\n|turn|7\n|\n|t:|1788372377\n|move|p1b: Peggy's Cove|Lumina Crash|p2a: Appliance\n|-damage|p2a: Appliance|0 fnt\n|faint|p2a: Appliance\n|move|p1a: Cow's Ice Cream|Dark Pulse|p2b: Gender\n|-damage|p2b: Gender|84/100\n|cant|p2b: Gender|flinch\n|\n|-ability|p1b: Peggy's Cove|Speed Boost|boost\n|-boost|p1b: Peggy's Cove|spe|1\n|upkeep\n|\n|t:|1788372387\n|switch|p2a: Glim|Glimmora, L50, M, shiny|100/100\n|turn|8\n|c|☆ryangreenblue|holy dark pulse flinch\n|c|☆ester7stars|lmaoo\n|\n|t:|1788372429\n|move|p1b: Peggy's Cove|Lumina Crash|p2b: Gender\n|-damage|p2b: Gender|53/100\n|-unboost|p2b: Gender|spd|2\n|move|p1a: Cow's Ice Cream|Water Spout|p2a: Glim|[spread] p2a,p2b\n|-supereffective|p2a: Glim|1\n|-resisted|p2b: Gender|1\n|-damage|p2a: Glim|0 fnt\n|-damage|p2b: Gender|7/100\n|faint|p2a: Glim\n|move|p2b: Gender|Dragon Claw|p1b: Peggy's Cove\n|-damage|p1b: Peggy's Cove|53/100\n|\n|-ability|p1b: Peggy's Cove|Speed Boost|boost\n|-boost|p1b: Peggy's Cove|spe|1\n|upkeep\n|turn|9\n|\n|t:|1788372446\n|move|p2b: Gender|Extreme Speed|p1b: Peggy's Cove\n|-damage|p1b: Peggy's Cove|21/100\n|move|p1b: Peggy's Cove|Lumina Crash|p2b: Gender\n|-damage|p2b: Gender|0 fnt\n|faint|p2b: Gender\n|\n|win|ryangreenblue\n||ryangreenblue is ready for game 2.\n|c|☆ester7stars|ah u hate to see a choke\n|inactive|ester7stars has 28 seconds to confirm battle start!\n||ester7stars is ready for game 2.\n|uhtml|next|Next: <a href=\"/battle-gen9championsvgc2026regmb-2674546609\"><strong>Game 2 of 3</strong></a>\n","uploadtime":1788372823,"views":"0","formatid":"gen9championsvgc2026regmb","rating":null,"private":0,"password":null}