{"id":"gen9championsvgc2026regmb-2673861577","format":"[Gen 9 Champions] VGC 2026 Reg M-B","players":["very_beeg_rat","Number_JU4N"],"log":"|j|☆very_beeg_rat\n|j|‽Number_JU4N\n|t:|1788269917\n|gametype|doubles\n|player|p1|very_beeg_rat|169|1155\n|player|p2|Number_JU4N|ethan|1260\n|gen|9\n|tier|[Gen 9 Champions] VGC 2026 Reg M-B\n|rated|\n|rule|Species Clause: Limit one of each Pokémon\n|rule|Item Clause: Limit 1 of each item\n|clearpoke\n|poke|p1|Dragonite, L50, F|\n|poke|p1|Sneasler, L50, M|\n|poke|p1|Basculegion, L50, M|\n|poke|p1|Kingambit, L50, M|\n|poke|p1|Garchomp, L50, F|\n|poke|p1|Floette-Eternal, L50, F|\n|poke|p2|Tyranitar, L50, M|\n|poke|p2|Arcanine, L50, M|\n|poke|p2|Whimsicott, L50, M|\n|poke|p2|Aggron, L50, M|\n|poke|p2|Milotic, L50, M|\n|poke|p2|Delphox, L50, M|\n|teampreview|4\n|inactive|Battle timer is ON: inactive players will automatically lose when time's up. (requested by very_beeg_rat)\n|inactive|very_beeg_rat has 60 seconds left.\n|\n|t:|1788269972\n|teamsize|p1|4\n|teamsize|p2|4\n|start\n|switch|p1a: Garchomp|Garchomp, L50, F|100/100\n|switch|p1b: Sneasler|Sneasler, L50, M|100/100\n|switch|p2a: Delphox|Delphox, L50, M|100/100\n|switch|p2b: Aggron|Aggron, L50, M|100/100\n|turn|1\n|\n|t:|1788269984\n|detailschange|p2b: Aggron|Aggron-Mega, L50, M\n|-mega|p2b: Aggron|Aggron|Aggronite\n|move|p1b: Sneasler|Fake Out|p2b: Aggron\n|-resisted|p2b: Aggron|1\n|-damage|p2b: Aggron|96/100\n|move|p2a: Delphox|Psychic|p1b: Sneasler\n|-supereffective|p1b: Sneasler|2\n|-enditem|p1b: Sneasler|Focus Sash\n|-damage|p1b: Sneasler|1/100\n|move|p1a: Garchomp|Rock Slide|p2a: Delphox|[spread] p2a,p2b\n|-supereffective|p2a: Delphox|1\n|-resisted|p2b: Aggron|1\n|-damage|p2a: Delphox|35/100\n|-damage|p2b: Aggron|91/100\n|cant|p2b: Aggron|flinch\n|\n|upkeep\n|turn|2\n|inactive|very_beeg_rat has 30 seconds left.\n|\n|t:|1788270014\n|move|p2a: Delphox|Psychic|p1b: Sneasler\n|-supereffective|p1b: Sneasler|2\n|-damage|p1b: Sneasler|0 fnt\n|faint|p1b: Sneasler\n|move|p1a: Garchomp|Rock Slide|p2b: Aggron|[spread] p2a,p2b\n|-supereffective|p2a: Delphox|1\n|-resisted|p2b: Aggron|1\n|-damage|p2a: Delphox|0 fnt\n|-damage|p2b: Aggron|86/100\n|faint|p2a: Delphox\n|move|p2b: Aggron|Iron Defense|p2b: Aggron\n|-boost|p2b: Aggron|def|2\n|\n|upkeep\n|\n|t:|1788270026\n|switch|p1b: Dragonite|Dragonite, L50, F|100/100\n|switch|p2a: Milotic|Milotic, L50, M|100/100\n|turn|3\n|\n|t:|1788270041\n|detailschange|p1b: Dragonite|Dragonite-Mega, L50, F\n|-mega|p1b: Dragonite|Dragonite|Dragoninite\n|move|p1a: Garchomp|Rock Slide|p2a: Milotic|[spread] p2a,p2b\n|-resisted|p2b: Aggron|1\n|-damage|p2a: Milotic|84/100\n|-damage|p2b: Aggron|84/100\n|move|p1b: Dragonite|Heat Wave|p2a: Milotic|[spread] p2a,p2b\n|-resisted|p2a: Milotic|1\n|-supereffective|p2b: Aggron|1\n|-damage|p2a: Milotic|73/100\n|-damage|p2b: Aggron|45/100\n|move|p2a: Milotic|Icy Wind|p1a: Garchomp|[spread] p1a,p1b\n|-supereffective|p1a: Garchomp|2\n|-supereffective|p1b: Dragonite|2\n|-damage|p1a: Garchomp|58/100\n|-damage|p1b: Dragonite|83/100\n|-unboost|p1a: Garchomp|spe|1\n|-unboost|p1b: Dragonite|spe|1\n|move|p2b: Aggron|Heavy Slam|p1b: Dragonite\n|-damage|p1b: Dragonite|63/100\n|\n|-heal|p2a: Milotic|79/100|[from] item: Leftovers\n|upkeep\n|turn|4\n|\n|t:|1788270066\n|move|p1a: Garchomp|Rock Slide|p2b: Aggron|[spread] p2a,p2b\n|-crit|p2a: Milotic\n|-resisted|p2b: Aggron|1\n|-damage|p2a: Milotic|55/100\n|-damage|p2b: Aggron|42/100\n|cant|p2a: Milotic|flinch\n|move|p1b: Dragonite|Heat Wave|p2b: Aggron|[spread] \n|-miss|p1b: Dragonite|p2a: Milotic\n|-miss|p1b: Dragonite|p2b: Aggron\n|move|p2b: Aggron|Body Press|p1b: Dragonite\n|-resisted|p1b: Dragonite|1\n|-damage|p1b: Dragonite|29/100\n|\n|-heal|p2a: Milotic|61/100|[from] item: Leftovers\n|upkeep\n|turn|5\n|\n|t:|1788270086\n|switch|p1b: Basculegion|Basculegion, L50, M|100/100\n|move|p1a: Garchomp|Rock Slide|p2a: Milotic|[spread] p2a,p2b\n|-resisted|p2b: Aggron|1\n|-damage|p2a: Milotic|48/100\n|-damage|p2b: Aggron|40/100\n|move|p2a: Milotic|Icy Wind|p1b: Basculegion|[spread] p1a,p1b\n|-supereffective|p1a: Garchomp|2\n|-resisted|p1b: Basculegion|1\n|-crit|p1b: Basculegion\n|-damage|p1a: Garchomp|12/100\n|-damage|p1b: Basculegion|92/100\n|-unboost|p1a: Garchomp|spe|1\n|-unboost|p1b: Basculegion|spe|1\n|cant|p2b: Aggron|flinch\n|\n|-heal|p2a: Milotic|53/100|[from] item: Leftovers\n|upkeep\n|turn|6\n|inactive|very_beeg_rat has 30 seconds left.\n|inactive|very_beeg_rat has 20 seconds left.\n|inactive|very_beeg_rat has 15 seconds left.\n|inactive|very_beeg_rat has 10 seconds left.\n|inactive|very_beeg_rat has 5 seconds left.\n|\n|t:|1788270137\n|move|p1a: Garchomp|Rock Slide|p2b: Aggron|[spread] p2a,p2b\n|-resisted|p2b: Aggron|1\n|-damage|p2a: Milotic|38/100\n|-damage|p2b: Aggron|38/100\n|move|p2a: Milotic|Life Dew|p2a: Milotic|[spread] p2a,p2b\n|-heal|p2a: Milotic|63/100\n|-heal|p2b: Aggron|63/100\n|move|p1b: Basculegion|Last Respects|p2a: Milotic\n|-damage|p2a: Milotic|2/100\n|-damage|p1b: Basculegion|83/100|[from] item: Life Orb\n|move|p2b: Aggron|Heavy Slam|p1b: Basculegion\n|-resisted|p1b: Basculegion|1\n|-damage|p1b: Basculegion|59/100\n|\n|-heal|p2a: Milotic|8/100|[from] item: Leftovers\n|upkeep\n|turn|7\n|inactive|very_beeg_rat has 30 seconds left.\n|\n|t:|1788270170\n|move|p2a: Milotic|Protect|p2a: Milotic\n|-singleturn|p2a: Milotic|Protect\n|move|p1a: Garchomp|Rock Slide|p2b: Aggron|[spread] p2b\n|-activate|p2a: Milotic|move: Protect\n|-resisted|p2b: Aggron|1\n|-damage|p2b: Aggron|61/100\n|move|p1b: Basculegion|Last Respects|p2b: Aggron\n|-damage|p2b: Aggron|38/100\n|-damage|p1b: Basculegion|50/100g|[from] item: Life Orb\n|cant|p2b: Aggron|flinch\n|\n|-heal|p2a: Milotic|14/100|[from] item: Leftovers\n|upkeep\n|turn|8\n|\n|t:|1788270192\n|move|p1a: Garchomp|Rock Slide|p2a: Milotic|[spread] p2a,p2b\n|-resisted|p2b: Aggron|1\n|-damage|p2a: Milotic|1/100\n|-damage|p2b: Aggron|36/100\n|cant|p2a: Milotic|flinch\n|move|p1b: Basculegion|Last Respects|p2a: Milotic\n|-damage|p2a: Milotic|0 fnt\n|faint|p2a: Milotic\n|-damage|p1b: Basculegion|40/100|[from] item: Life Orb\n|cant|p2b: Aggron|flinch\n|\n|upkeep\n|\n|t:|1788270203\n|switch|p2a: Tyranitar|Tyranitar, L50, M|100/100\n|-weather|Sandstorm|[from] ability: Sand Stream|[of] p2a: Tyranitar\n|turn|9\n|\n|t:|1788270217\n|move|p2a: Tyranitar|Knock Off|p1b: Basculegion\n|-supereffective|p1b: Basculegion|1\n|-damage|p1b: Basculegion|0 fnt\n|-enditem|p1b: Basculegion|Life Orb|[from] move: Knock Off|[of] p2a: Tyranitar\n|faint|p1b: Basculegion\n|move|p1a: Garchomp|Rock Slide|p2b: Aggron|[spread] p2a,p2b\n|-resisted|p2b: Aggron|1\n|-damage|p2a: Tyranitar|81/100\n|-damage|p2b: Aggron|34/100\n|move|p2b: Aggron|Body Press|p1a: Garchomp\n|-damage|p1a: Garchomp|0 fnt\n|-damage|p2b: Aggron|22/100|[from] ability: Rough Skin|[of] p1a: Garchomp\n|faint|p1a: Garchomp\n|\n|-weather|Sandstorm|[upkeep]\n|upkeep\n|\n|t:|1788270229\n|switch|p1a: Dragonite|Dragonite-Mega, L50, F|29/100\n|turn|10\n|\n|t:|1788270239\n|move|p1a: Dragonite|Heat Wave|p2a: Tyranitar|[spread] p2a,p2b\n|-resisted|p2a: Tyranitar|1\n|-supereffective|p2b: Aggron|1\n|-damage|p2a: Tyranitar|72/100\n|-damage|p2b: Aggron|0 fnt\n|faint|p2b: Aggron\n|move|p2a: Tyranitar|Rock Slide|p1a: Dragonite\n|-supereffective|p1a: Dragonite|1\n|-damage|p1a: Dragonite|0 fnt\n|faint|p1a: Dragonite\n|\n|win|Number_JU4N\n|raw|very_beeg_rat's rating: 1155 &rarr; <strong>1137</strong><br />(-18 for losing)\n|raw|Number_JU4N's rating: 1260 &rarr; <strong>1278</strong><br />(+18 for winning)\n","uploadtime":1788270239,"views":"3","formatid":"gen9championsvgc2026regmb","rating":1137,"private":0,"password":null}