{"id":"gen9championsvgc2026regmb-2674118696","format":"[Gen 9 Champions] VGC 2026 Reg M-B","players":["ethalem77","banditmonkey"],"log":"|j|☆ethalem77\n|j|☆banditmonkey\n|t:|1788301820\n|gametype|doubles\n|player|p1|ethalem77|acetrainer-gen4dp|1604\n|player|p2|banditmonkey|will|1650\n|gen|9\n|tier|[Gen 9 Champions] VGC 2026 Reg M-B\n|rated|\n|rule|Species Clause: Limit one of each Pokémon\n|rule|Item Clause: Limit 1 of each item\n|clearpoke\n|poke|p1|Dragonite, L50, M|\n|poke|p1|Sneasler, L50, F|\n|poke|p1|Basculegion, L50, M|\n|poke|p1|Kingambit, L50, F|\n|poke|p1|Garchomp, L50, M|\n|poke|p1|Floette-Eternal, L50, F|\n|poke|p2|Sylveon, L50, F|\n|poke|p2|Metagross, L50|\n|poke|p2|Hydreigon, L50, M|\n|poke|p2|Maushold, L50|\n|poke|p2|Annihilape, L50, F|\n|poke|p2|Aerodactyl, L50, M|\n|teampreview|4\n|inactive|Battle timer is ON: inactive players will automatically lose when time's up. (requested by ethalem77)\n|\n|t:|1788301848\n|teamsize|p1|4\n|teamsize|p2|4\n|start\n|switch|p1a: Floette|Floette-Eternal, L50, F|100/100\n|switch|p1b: Kingambit|Kingambit, L50, F|100/100\n|switch|p2a: Sylveon|Sylveon, L50, F|100/100\n|switch|p2b: Maushold|Maushold, L50|100/100\n|turn|1\n|\n|t:|1788301870\n|detailschange|p1a: Floette|Floette-Mega, L50, F\n|-mega|p1a: Floette|Floette|Floettite\n|-ability|p1a: Floette|Fairy Aura\n|move|p2b: Maushold|Follow Me|p2b: Maushold\n|-singleturn|p2b: Maushold|move: Follow Me\n|move|p1a: Floette|Dazzling Gleam|p2b: Maushold|[spread] p2a,p2b\n|-damage|p2a: Sylveon|70/100\n|-damage|p2b: Maushold|46/100\n|-enditem|p2b: Maushold|Sitrus Berry|[eat]\n|-heal|p2b: Maushold|71/100|[from] item: Sitrus Berry\n|move|p2a: Sylveon|Hyper Voice|p1a: Floette|[spread] p1a,p1b\n|-damage|p1a: Floette|47/100\n|-damage|p1b: Kingambit|42/100\n|move|p1b: Kingambit|Kowtow Cleave|p2b: Maushold\n|-damage|p2b: Maushold|19/100\n|\n|upkeep\n|turn|2\n|inactive|ethalem77 has 30 seconds left.\n|\n|t:|1788301902\n|switch|p1b: Basculegion|Basculegion, L50, M|100/100\n|move|p2b: Maushold|Follow Me|p2b: Maushold\n|-singleturn|p2b: Maushold|move: Follow Me\n|move|p1a: Floette|Dazzling Gleam|p2a: Sylveon|[spread] p2a,p2b\n|-damage|p2a: Sylveon|40/100\n|-damage|p2b: Maushold|0 fnt\n|faint|p2b: Maushold\n|move|p2a: Sylveon|Hyper Voice|p1a: Floette|[spread] p1a,p1b\n|-damage|p1a: Floette|0 fnt\n|-damage|p1b: Basculegion|36/100\n|faint|p1a: Floette\n|\n|upkeep\n|\n|t:|1788301915\n|switch|p1a: Sneasler|Sneasler, L50, F|100/100\n|switch|p2b: Annihilape|Annihilape, L50, F|100/100\n|turn|3\n|j| Therazer456\n|\n|t:|1788301925\n|move|p2a: Sylveon|Protect|p2a: Sylveon\n|-singleturn|p2a: Sylveon|Protect\n|move|p1a: Sneasler|Feint|p2a: Sylveon\n|-activate|p2a: Sylveon|move: Feint\n|-damage|p2a: Sylveon|29/100\n|move|p1b: Basculegion|Aqua Jet|p2a: Sylveon\n|-damage|p2a: Sylveon|0 fnt\n|faint|p2a: Sylveon\n|-damage|p1b: Basculegion|26/100|[from] item: Life Orb\n|move|p2b: Annihilape|Rage Fist|p1b: Basculegion\n|-supereffective|p1b: Basculegion|1\n|-damage|p1b: Basculegion|0 fnt\n|faint|p1b: Basculegion\n|\n|upkeep\n|\n|t:|1788301935\n|switch|p1b: Kingambit|Kingambit, L50, F|42/100\n|switch|p2a: Metagross|Metagross, L50|100/100\n|turn|4\n|inactive|ethalem77 has 30 seconds left.\n|\n|t:|1788301969\n|detailschange|p2a: Metagross|Metagross-Mega, L50\n|-mega|p2a: Metagross|Metagross|Metagrossite\n|move|p1b: Kingambit|Sucker Punch|p2b: Annihilape\n|-damage|p2b: Annihilape|68/100\n|move|p1a: Sneasler|Dire Claw|p2b: Annihilape\n|-resisted|p2b: Annihilape|1\n|-damage|p2b: Annihilape|48/100\n|-status|p2b: Annihilape|par\n|move|p2a: Metagross|Psychic Fangs|p1a: Sneasler\n|-supereffective|p1a: Sneasler|2\n|-enditem|p1a: Sneasler|Focus Sash\n|-damage|p1a: Sneasler|1/100\n|cant|p2b: Annihilape|par\n|\n|-heal|p2b: Annihilape|54/100 par|[from] item: Leftovers\n|upkeep\n|turn|5\n|inactive|ethalem77 has 30 seconds left.\n|\n|t:|1788302003\n|move|p2a: Metagross|Bullet Punch|p1a: Sneasler\n|-damage|p1a: Sneasler|0 fnt\n|faint|p1a: Sneasler\n|move|p1b: Kingambit|Kowtow Cleave|p2b: Annihilape\n|-damage|p2b: Annihilape|14/100 par\n|cant|p2b: Annihilape|par\n|\n|-heal|p2b: Annihilape|20/100y par|[from] item: Leftovers\n|upkeep\n|turn|6\n|\n|t:|1788302013\n|move|p1b: Kingambit|Sucker Punch|p2b: Annihilape\n|-damage|p2b: Annihilape|0 fnt\n|faint|p2b: Annihilape\n|move|p2a: Metagross|Stomping Tantrum|p1b: Kingambit\n|-supereffective|p1b: Kingambit|1\n|-damage|p1b: Kingambit|0 fnt\n|faint|p1b: Kingambit\n|\n|win|banditmonkey\n|raw|ethalem77's rating: 1604 &rarr; <strong>1587</strong><br />(-17 for losing)\n|raw|banditmonkey's rating: 1650 &rarr; <strong>1667</strong><br />(+17 for winning)\n|l|☆banditmonkey\n|player|p2|\n","uploadtime":1788302036,"views":"1","formatid":"gen9championsvgc2026regmb","rating":1587,"private":0,"password":null}