{"id":"gen9championsvgc2026regmbbo3-2673577421","format":"[Gen 9 Champions] VGC 2026 Reg M-B (Bo3)","players":["kingsrowbajax","slaurel"],"log":"|j|☆kingsrowbajax\n|j|☆slaurel\n|html|<table width=\"100%\"><tr><td align=\"left\">kingsrowbajax</td><td align=\"right\">slaurel</tr><tr><td align=\"left\"><i class=\"fa fa-circle-o\"></i> <i class=\"fa fa-circle-o\"></i> </td><td align=\"right\"><i class=\"fa fa-circle-o\"></i> <i class=\"fa fa-circle-o\"></i> </tr></table>\n|uhtml|bestof|<h2><strong>Game 1</strong> of <a href=\"/game-bestof3-gen9championsvgc2026regmbbo3-2673577420\">a best-of-3</a></h2>\n|t:|1788215788\n|gametype|doubles\n|player|p1|kingsrowbajax|102|1109\n|player|p2|slaurel|steven|1246\n|gen|9\n|tier|[Gen 9 Champions] VGC 2026 Reg M-B (Bo3)\n|rated|\n|rule|Species Clause: Limit one of each Pokémon\n|rule|Item Clause: Limit 1 of each item\n|clearpoke\n|poke|p1|Blastoise, L50, F|\n|poke|p1|Delphox, L50, F|\n|poke|p1|Sinistcha, L50|\n|poke|p1|Kingambit, L50, M|\n|poke|p1|Sneasler, L50, M|\n|poke|p1|Incineroar, L50, M|\n|poke|p2|Charizard, L50, F|\n|poke|p2|Floette-Eternal, L50, F|\n|poke|p2|Kingambit, L50, F|\n|poke|p2|Basculegion, L50, M|\n|poke|p2|Garchomp, L50, M|\n|poke|p2|Whimsicott, L50, M|\n|teampreview|4\n|showteam|p1|Blastoise||Blastoisinite|RainDish|WaterSpout,DarkPulse,ShellSmash,Protect|Modest||F|||50|]Delphox||Delphoxite|Blaze|HeatWave,Psychic,NastyPlot,Protect|Timid||F|||50|]Sinistcha||ColburBerry|Hospitality|MatchaGotcha,RagePowder,TrickRoom,Protect|Bold|||||50|]Kingambit||LifeOrb|Defiant|KowtowCleave,SuckerPunch,SwordsDance,Protect|Adamant||M|||50|]Sneasler||FocusSash|PoisonTouch|FakeOut,PoisonJab,CloseCombat,QuickGuard|Jolly||M|||50|]Incineroar||SitrusBerry|Intimidate|FakeOut,FlareBlitz,ThroatChop,PartingShot|Careful||M|||50|\n|showteam|p2|Charizard||CharizarditeY|Blaze|AncientPower,HeatWave,Protect,WeatherBall|Modest||F|||50|]Floette-Eternal||Floettite|FlowerVeil|DazzlingGleam,Moonblast,LightofRuin,Protect|Modest||F|||50|]Kingambit||ChopleBerry|Defiant|KowtowCleave,IronHead,SuckerPunch,Protect|Adamant||F|||50|]Basculegion||LifeOrb|Adaptability|LastRespects,WaveCrash,AquaJet,Protect|Adamant||M|||50|]Garchomp||SitrusBerry|RoughSkin|Protect,RockSlide,DragonClaw,Earthquake|Jolly||M|||50|]Whimsicott||FocusSash|Prankster|Tailwind,Protect,Moonblast,Encore|Timid||M|||50|\n|\n|t:|1788215830\n|teamsize|p1|4\n|teamsize|p2|4\n|start\n|switch|p1a: Delphox|Delphox, L50, F|100/100\n|switch|p1b: Incineroar|Incineroar, L50, M|100/100\n|switch|p2a: Floette|Floette-Eternal, L50, F|100/100\n|switch|p2b: Whimsicott|Whimsicott, L50, M|100/100\n|-ability|p1b: Incineroar|Intimidate|boost\n|-unboost|p2a: Floette|atk|1\n|-block|p2b: Whimsicott|ability: Flower Veil|[of] p2a: Floette\n|turn|1\n|l|☆slaurel\n|player|p2|\n|j|☆slaurel\n|player|p2|slaurel|steven|\n|\n|t:|1788215878\n|detailschange|p1a: Delphox|Delphox-Mega, L50, F\n|-mega|p1a: Delphox|Delphox|Delphoxite\n|move|p2a: Floette|Protect|p2a: Floette\n|-singleturn|p2a: Floette|Protect\n|move|p2b: Whimsicott|Tailwind|p2b: Whimsicott\n|-sidestart|p2: slaurel|move: Tailwind\n|move|p1a: Delphox|Nasty Plot|p1a: Delphox\n|-boost|p1a: Delphox|spa|2\n|move|p1b: Incineroar|Parting Shot|p2a: Floette\n|-activate|p2a: Floette|move: Protect\n|\n|upkeep\n|turn|2\n|\n|t:|1788215897\n|detailschange|p2a: Floette|Floette-Mega, L50, F\n|-mega|p2a: Floette|Floette|Floettite\n|-ability|p2a: Floette|Fairy Aura\n|move|p1a: Delphox|Protect|p1a: Delphox\n|-singleturn|p1a: Delphox|Protect\n|move|p2b: Whimsicott|Encore|p1a: Delphox\n|-activate|p1a: Delphox|move: Protect\n|move|p2a: Floette|Dazzling Gleam|p1a: Delphox|[spread] p1b\n|-activate|p1a: Delphox|move: Protect\n|-crit|p1b: Incineroar\n|-damage|p1b: Incineroar|39/100\n|-enditem|p1b: Incineroar|Sitrus Berry|[eat]\n|-heal|p1b: Incineroar|64/100|[from] item: Sitrus Berry\n|move|p1b: Incineroar|Parting Shot|p2a: Floette\n|-unboost|p2a: Floette|atk|1\n|-unboost|p2a: Floette|spa|1\n|\n|t:|1788215912\n|switch|p1b: Sneasler|Sneasler, L50, M|100/100|[from] Parting Shot\n|\n|upkeep\n|turn|3\n|\n|t:|1788215920\n|switch|p2a: Kingambit|Kingambit, L50, F|100/100\n|move|p1b: Sneasler|Fake Out|p2b: Whimsicott\n|-damage|p2b: Whimsicott|77/100\n|cant|p2b: Whimsicott|flinch\n|move|p1a: Delphox|Heat Wave|p2a: Kingambit|[spread] p2a,p2b\n|-supereffective|p2a: Kingambit|1\n|-supereffective|p2b: Whimsicott|1\n|-damage|p2a: Kingambit|0 fnt\n|-damage|p2b: Whimsicott|0 fnt\n|faint|p2a: Kingambit\n|faint|p2b: Whimsicott\n|\n|upkeep\n|\n|t:|1788215934\n|switch|p2b: Floette|Floette-Mega, L50, F|100/100\n|switch|p2a: Basculegion|Basculegion, L50, M|100/100\n|-ability|p2b: Floette|Fairy Aura\n|turn|4\n|\n|t:|1788215944\n|switch|p1b: Incineroar|Incineroar, L50, M|64/100\n|-ability|p1b: Incineroar|Intimidate|boost\n|-unboost|p2a: Basculegion|atk|1\n|-unboost|p2b: Floette|atk|1\n|move|p1a: Delphox|Protect|p1a: Delphox\n|-singleturn|p1a: Delphox|Protect\n|move|p2a: Basculegion|Aqua Jet|p1a: Delphox\n|-activate|p1a: Delphox|move: Protect\n|move|p2b: Floette|Light of Ruin|p1b: Incineroar\n|-damage|p1b: Incineroar|0 fnt\n|faint|p1b: Incineroar\n|-damage|p2b: Floette|57/100|[from] Recoil\n|\n|-sideend|p2: slaurel|move: Tailwind\n|upkeep\n|\n|t:|1788215966\n|switch|p1b: Sneasler|Sneasler, L50, M|100/100\n|turn|5\n|\n|t:|1788215981\n|move|p2b: Floette|Protect|p2b: Floette\n|-singleturn|p2b: Floette|Protect\n|move|p1b: Sneasler|Fake Out|p2b: Floette\n|-activate|p2b: Floette|move: Protect\n|move|p2a: Basculegion|Aqua Jet|p1a: Delphox\n|-supereffective|p1a: Delphox|1\n|-damage|p1a: Delphox|34/100\n|-damage|p2a: Basculegion|90/100|[from] item: Life Orb\n|move|p1a: Delphox|Psychic|p2a: Basculegion\n|-damage|p2a: Basculegion|0 fnt\n|faint|p2a: Basculegion\n|\n|upkeep\n|turn|6\n|\n|t:|1788216020\n|move|p1a: Delphox|Psychic|p2b: Floette\n|-damage|p2b: Floette|0 fnt\n|faint|p2b: Floette\n|\n|win|kingsrowbajax\n","uploadtime":1788216020,"views":"0","formatid":"gen9championsvgc2026regmbbo3","rating":null,"private":0,"password":null}