{"id":"gen9championsvgc2026regmb-2674297337","format":"[Gen 9 Champions] VGC 2026 Reg M-B","players":["therealdodo44s","Mameon"],"log":"|j|☆therealdodo44s\n|j|☆Mameon\n|t:|1788334710\n|gametype|doubles\n|player|p1|therealdodo44s|dawn|1471\n|player|p2|Mameon|102|1417\n|gen|9\n|tier|[Gen 9 Champions] VGC 2026 Reg M-B\n|rated|\n|rule|Species Clause: Limit one of each Pokémon\n|rule|Item Clause: Limit 1 of each item\n|clearpoke\n|poke|p1|Vivillon, L50, F|\n|poke|p1|Torkoal, L50, M|\n|poke|p1|Basculegion, L50, M|\n|poke|p1|Kangaskhan, L50, F|\n|poke|p1|Blastoise, L50, F|\n|poke|p1|Farigiraf, L50, F|\n|poke|p2|Staraptor, L50, M|\n|poke|p2|Farigiraf, L50, F|\n|poke|p2|Tyranitar, L50, M|\n|poke|p2|Whimsicott, L50, F|\n|poke|p2|Excadrill, L50, M|\n|poke|p2|Gholdengo, L50, shiny|\n|teampreview|4\n|inactive|Battle timer is ON: inactive players will automatically lose when time's up. (requested by Mameon)\n|\n|t:|1788334738\n|teamsize|p1|4\n|teamsize|p2|4\n|start\n|switch|p1a: Blastoise|Blastoise, L50, F|100/100\n|switch|p1b: Vivillon|Vivillon, L50, F|100/100\n|switch|p2a: Whimsicott|Whimsicott, L50, F|100/100\n|switch|p2b: Gholdengo|Gholdengo, L50, shiny|100/100\n|turn|1\n|inactive|therealdodo44s has 30 seconds left.\n|inactive|therealdodo44s has 20 seconds left.\n|\n|t:|1788334777\n|detailschange|p1a: Blastoise|Blastoise-Mega, L50, F\n|-mega|p1a: Blastoise|Blastoise|Blastoisinite\n|move|p1b: Vivillon|Rage Powder|p1b: Vivillon\n|-singleturn|p1b: Vivillon|move: Rage Powder\n|move|p2a: Whimsicott|Moonblast|p1a: Blastoise\n|-damage|p1a: Blastoise|64/100\n|-unboost|p1a: Blastoise|spa|1\n|move|p2b: Gholdengo|Shadow Ball|p1b: Vivillon\n|-damage|p1b: Vivillon|0 fnt\n|faint|p1b: Vivillon\n|-damage|p2b: Gholdengo|90/100|[from] item: Life Orb\n|move|p1a: Blastoise|Dark Pulse|p2b: Gholdengo\n|-supereffective|p2b: Gholdengo|1\n|-damage|p2b: Gholdengo|18/100\n|\n|upkeep\n|\n|t:|1788334792\n|switch|p1b: Farigiraf|Farigiraf, L50, F|100/100\n|turn|2\n|\n|t:|1788334815\n|move|p2a: Whimsicott|Moonblast|p1a: Blastoise\n|-damage|p1a: Blastoise|27/100\n|-unboost|p1a: Blastoise|spa|1\n|move|p2b: Gholdengo|Make It Rain|p1b: Farigiraf|[spread] p1a,p1b\n|-resisted|p1a: Blastoise|1\n|-damage|p1a: Blastoise|0 fnt\n|-damage|p1b: Farigiraf|40/100\n|-unboost|p2b: Gholdengo|spa|2\n|-enditem|p1b: Farigiraf|Sitrus Berry|[eat]\n|-heal|p1b: Farigiraf|64/100|[from] item: Sitrus Berry\n|faint|p1a: Blastoise\n|-damage|p2b: Gholdengo|8/100|[from] item: Life Orb\n|move|p1b: Farigiraf|Trick Room|p1b: Farigiraf\n|-fieldstart|move: Trick Room|[of] p1b: Farigiraf\n|\n|upkeep\n|\n|t:|1788334828\n|switch|p1a: Torkoal|Torkoal, L50, M|100/100\n|-weather|SunnyDay|[from] ability: Drought|[of] p1a: Torkoal\n|turn|3\n|\n|t:|1788334839\n|switch|p2b: Tyranitar|Tyranitar, L50, M|100/100\n|-weather|Sandstorm|[from] ability: Sand Stream|[of] p2b: Tyranitar\n|move|p2a: Whimsicott|Encore||[still]\n|cant|p1b: Farigiraf|ability: Armor Tail|Encore|[of] p2a: Whimsicott\n|move|p1a: Torkoal|Eruption|p2b: Tyranitar|[spread] p2a,p2b\n|-supereffective|p2a: Whimsicott|1\n|-resisted|p2b: Tyranitar|1\n|-enditem|p2a: Whimsicott|Focus Sash\n|-damage|p2a: Whimsicott|1/100\n|-damage|p2b: Tyranitar|83/100\n|move|p1b: Farigiraf|Psychic|p2a: Whimsicott\n|-damage|p2a: Whimsicott|0 fnt\n|faint|p2a: Whimsicott\n|\n|-weather|Sandstorm|[upkeep]\n|-damage|p1a: Torkoal|93/100|[from] Sandstorm\n|-damage|p1b: Farigiraf|58/100|[from] Sandstorm\n|upkeep\n|\n|t:|1788334858\n|switch|p2a: Staraptor|Staraptor, L50, M|100/100\n|-ability|p2a: Staraptor|Intimidate|boost\n|-unboost|p1a: Torkoal|atk|1\n|-unboost|p1b: Farigiraf|atk|1\n|turn|4\n|\n|t:|1788334871\n|detailschange|p2a: Staraptor|Staraptor-Mega, L50, M\n|-mega|p2a: Staraptor|Staraptor|Staraptite\n|move|p2a: Staraptor|Protect|p2a: Staraptor\n|-singleturn|p2a: Staraptor|Protect\n|move|p1a: Torkoal|Eruption|p2b: Tyranitar|[spread] p2b\n|-activate|p2a: Staraptor|move: Protect\n|-resisted|p2b: Tyranitar|1\n|-damage|p2b: Tyranitar|68/100\n|move|p1b: Farigiraf|Thunderbolt|p2a: Staraptor\n|-activate|p2a: Staraptor|move: Protect\n|move|p2b: Tyranitar|Rock Slide|p1b: Farigiraf|[spread] p1a,p1b\n|-supereffective|p1a: Torkoal|1\n|-crit|p1a: Torkoal\n|-damage|p1a: Torkoal|28/100\n|-damage|p1b: Farigiraf|26/100\n|\n|-weather|Sandstorm|[upkeep]\n|-damage|p1a: Torkoal|22/100|[from] Sandstorm\n|-damage|p1b: Farigiraf|20/100y|[from] Sandstorm\n|-damage|p2a: Staraptor|94/100|[from] Sandstorm\n|upkeep\n|turn|5\n|-message|therealdodo44s forfeited.\n|\n|win|Mameon\n|raw|therealdodo44s's rating: 1471 &rarr; <strong>1448</strong><br />(-23 for losing)\n|raw|Mameon's rating: 1417 &rarr; <strong>1440</strong><br />(+23 for winning)\n|l|☆therealdodo44s\n|player|p1|\n","uploadtime":1788334889,"views":"1","formatid":"gen9championsvgc2026regmb","rating":1440,"private":0,"password":null}