{"id":"gen9championsvgc2026regmb-2673873508","format":"[Gen 9 Champions] VGC 2026 Reg M-B","players":["Thornlace48812","Tonedeaf0609"],"log":"|j|☆Thornlace48812\n|j|☆Tonedeaf0609\n|t:|1788271517\n|gametype|doubles\n|player|p1|Thornlace48812|102|1108\n|player|p2|Tonedeaf0609|170|1049\n|gen|9\n|tier|[Gen 9 Champions] VGC 2026 Reg M-B\n|rated|\n|rule|Species Clause: Limit one of each Pokémon\n|rule|Item Clause: Limit 1 of each item\n|clearpoke\n|poke|p1|Garchomp, L50, M|\n|poke|p1|Charizard, L50, F|\n|poke|p1|Whimsicott, L50, F|\n|poke|p1|Sylveon, L50, F|\n|poke|p1|Kingambit, L50, F|\n|poke|p1|Basculegion, L50, M|\n|poke|p2|Armarouge, L50, F|\n|poke|p2|Abomasnow, L50, F|\n|poke|p2|Sinistcha, L50|\n|poke|p2|Milotic, L50, F|\n|poke|p2|Sneasler, L50, M|\n|poke|p2|Basculegion, L50, M|\n|teampreview|4\n|inactive|Battle timer is ON: inactive players will automatically lose when time's up. (requested by Thornlace48812)\nThornlace48812 rejected open team sheets.\n|\n|t:|1788271541\n|teamsize|p1|4\n|teamsize|p2|4\n|start\n|switch|p1a: Sylveon|Sylveon, L50, F|100/100\n|switch|p1b: Charizard|Charizard, L50, F|100/100\n|switch|p2a: Abomasnow|Abomasnow, L50, F|100/100\n|switch|p2b: Sneasler|Sneasler, L50, M|100/100\n|-weather|Snowscape|[from] ability: Snow Warning|[of] p2a: Abomasnow\n|turn|1\n|inactive|Tonedeaf0609 has 30 seconds left.\n|\n|t:|1788271569\n|detailschange|p1b: Charizard|Charizard-Mega-Y, L50, F\n|-mega|p1b: Charizard|Charizard|Charizardite Y\n|-weather|SunnyDay|[from] ability: Drought|[of] p1b: Charizard\n|move|p2a: Abomasnow|Protect|p2a: Abomasnow\n|-singleturn|p2a: Abomasnow|Protect\n|move|p2b: Sneasler|Fake Out|p1b: Charizard\n|-damage|p1b: Charizard|79/100\n|cant|p1b: Charizard|flinch\n|move|p1a: Sylveon|Hyper Voice|p2a: Abomasnow|[spread] p2b\n|-activate|p2a: Abomasnow|move: Protect\n|-damage|p2b: Sneasler|39/100\n|\n|-weather|SunnyDay|[upkeep]\n|upkeep\n|turn|2\n|inactive|Tonedeaf0609 has 30 seconds left.\n|\n|t:|1788271594\n|switch|p2a: Armarouge|Armarouge, L50, F|100/100\n|switch|p2b: Milotic|Milotic, L50, F|100/100\n|move|p1b: Charizard|Heat Wave|p2a: Armarouge|[spread] p2b\n|-start|p2a: Armarouge|ability: Flash Fire\n|-resisted|p2b: Milotic|1\n|-damage|p2b: Milotic|73/100\n|move|p1a: Sylveon|Hyper Voice|p2b: Milotic|[spread] p2a,p2b\n|-resisted|p2a: Armarouge|1\n|-damage|p2a: Armarouge|71/100\n|-damage|p2b: Milotic|34/100\n|\n|-weather|SunnyDay|[upkeep]\n|-heal|p2b: Milotic|40/100|[from] item: Leftovers\n|upkeep\n|turn|3\n|\n|t:|1788271617\n|move|p2a: Armarouge|Wide Guard|p2a: Armarouge\n|-singleturn|p2a: Armarouge|Wide Guard\n|move|p1b: Charizard|Heat Wave|p2a: Armarouge|[spread] \n|-activate|p2a: Armarouge|move: Wide Guard\n|-activate|p2b: Milotic|move: Wide Guard\n|move|p2b: Milotic|Muddy Water|p1a: Sylveon|[spread] p1a,p1b\n|-supereffective|p1b: Charizard|1\n|-crit|p1b: Charizard\n|-damage|p1a: Sylveon|88/100\n|-damage|p1b: Charizard|32/100\n|-unboost|p1b: Charizard|accuracy|1\n|move|p1a: Sylveon|Hyper Voice|p2b: Milotic|[spread] \n|-activate|p2a: Armarouge|move: Wide Guard\n|-activate|p2b: Milotic|move: Wide Guard\n|\n|-weather|SunnyDay|[upkeep]\n|-heal|p2b: Milotic|46/100|[from] item: Leftovers\n|upkeep\n|turn|4\n|inactive|Tonedeaf0609 has 30 seconds left.\n|\n|t:|1788271644\n|move|p1b: Charizard|Heat Wave|p2a: Armarouge|[spread] p2b\n|-immune|p2a: Armarouge|[from] ability: Flash Fire\n|-resisted|p2b: Milotic|1\n|-damage|p2b: Milotic|20/100y\n|move|p2b: Milotic|Muddy Water|p1b: Charizard|[spread] p1b\n|-miss|p2b: Milotic|p1a: Sylveon\n|-supereffective|p1b: Charizard|1\n|-damage|p1b: Charizard|4/100\n|move|p1a: Sylveon|Hyper Voice|p2a: Armarouge|[spread] p2a,p2b\n|-resisted|p2a: Armarouge|1\n|-damage|p2a: Armarouge|46/100\n|-damage|p2b: Milotic|0 fnt\n|faint|p2b: Milotic\n|move|p2a: Armarouge|Trick Room|p2a: Armarouge\n|-fieldstart|move: Trick Room|[of] p2a: Armarouge\n|\n|-weather|SunnyDay|[upkeep]\n|upkeep\n|\n|t:|1788271665\n|switch|p2b: Sneasler|Sneasler, L50, M|39/100\n|turn|5\n|\n|t:|1788271673\n|move|p2b: Sneasler|Fake Out|p1b: Charizard\n|-damage|p1b: Charizard|0 fnt\n|faint|p1b: Charizard\n|move|p2a: Armarouge|Armor Cannon|p1a: Sylveon\n|-damage|p1a: Sylveon|0 fnt\n|-unboost|p2a: Armarouge|def|1\n|-unboost|p2a: Armarouge|spd|1\n|faint|p1a: Sylveon\n|\n|-weather|none\n|upkeep\n|\n|t:|1788271674\n|switch|p1a: Whimsicott|Whimsicott, L50, F|100/100\n|switch|p1b: Basculegion|Basculegion, L50, M|100/100\n|turn|6\n|inactive|Tonedeaf0609 has 30 seconds left.\n|\n|t:|1788271699\n|-end|p2a: Armarouge|ability: Flash Fire|[silent]\n|switch|p2a: Abomasnow|Abomasnow, L50, F|100/100\n|-weather|Snowscape|[from] ability: Snow Warning|[of] p2a: Abomasnow\n|move|p1b: Basculegion|Protect|p1b: Basculegion\n|-singleturn|p1b: Basculegion|Protect\n|move|p1a: Whimsicott|Tailwind|p1a: Whimsicott\n|-sidestart|p1: Thornlace48812|move: Tailwind\n|move|p2b: Sneasler|Fling|p1b: Basculegion\n|-activate|p1b: Basculegion|move: Protect\n|-enditem|p2b: Sneasler|Iron Ball|[from] move: Fling\n|\n|-weather|Snowscape|[upkeep]\n|upkeep\n|turn|7\n|\n|t:|1788271720\n|detailschange|p2a: Abomasnow|Abomasnow-Mega, L50, F\n|-mega|p2a: Abomasnow|Abomasnow|Abomasite\n|move|p2a: Abomasnow|Aurora Veil|p2a: Abomasnow\n|-sidestart|p2: Tonedeaf0609|move: Aurora Veil\n|move|p2b: Sneasler|Fling||[still]\n|-fail|p2b: Sneasler\n|move|p1b: Basculegion|Last Respects|p2a: Abomasnow\n|-damage|p2a: Abomasnow|62/100\n|move|p1a: Whimsicott|Moonblast|p2b: Sneasler\n|-damage|p2b: Sneasler|12/100\n|\n|-weather|Snowscape|[upkeep]\n|upkeep\n|turn|8\n|\n|t:|1788271742\n|move|p2a: Abomasnow|Blizzard|p1a: Whimsicott|[spread] p1a,p1b\n|-supereffective|p1a: Whimsicott|1\n|-resisted|p1b: Basculegion|1\n|-enditem|p1a: Whimsicott|Focus Sash\n|-damage|p1a: Whimsicott|1/100\n|-damage|p1b: Basculegion|80/100\n|-status|p1a: Whimsicott|frz\n|-status|p1b: Basculegion|frz\n|move|p2b: Sneasler|Close Combat|p1a: Whimsicott\n|-resisted|p1a: Whimsicott|1\n|-crit|p1a: Whimsicott\n|-damage|p1a: Whimsicott|0 fnt\n|-unboost|p2b: Sneasler|def|1\n|-unboost|p2b: Sneasler|spd|1\n|faint|p1a: Whimsicott\n|cant|p1b: Basculegion|frz\n|\n|-weather|Snowscape|[upkeep]\n|-fieldend|move: Trick Room\n|upkeep\n|turn|9\n|\n|t:|1788271762\n|switch|p2b: Armarouge|Armarouge, L50, F|46/100\n|cant|p1b: Basculegion|frz\n|move|p2a: Abomasnow|Wood Hammer|p1b: Basculegion\n|-supereffective|p1b: Basculegion|1\n|-damage|p1b: Basculegion|0 fnt\n|faint|p1b: Basculegion\n|-damage|p2a: Abomasnow|36/100|[from] Recoil\n|\n|win|Tonedeaf0609\n|raw|Thornlace48812's rating: 1166 &rarr; <strong>1133</strong><br />(-33 for losing)\n|raw|Tonedeaf0609's rating: 1049 &rarr; <strong>1092</strong><br />(+43 for winning)\n","uploadtime":1788271762,"views":"0","formatid":"gen9championsvgc2026regmb","rating":1092,"private":0,"password":null}