{"id":"gen9championsvgc2026regmb-2674251469","format":"[Gen 9 Champions] VGC 2026 Reg M-B","players":["Thornlace48812","CurrantAffairs"],"log":"|j|☆Thornlace48812\n|j|☆CurrantAffairs\n|t:|1788323650\n|gametype|doubles\n|player|p1|Thornlace48812|1|1150\n|player|p2|CurrantAffairs|clerk|1115\n|gen|9\n|tier|[Gen 9 Champions] VGC 2026 Reg M-B\n|rated|\n|rule|Species Clause: Limit one of each Pokémon\n|rule|Item Clause: Limit 1 of each item\n|clearpoke\n|poke|p1|Garchomp, L50, F|\n|poke|p1|Charizard, L50, M|\n|poke|p1|Whimsicott, L50, M|\n|poke|p1|Sylveon, L50, M|\n|poke|p1|Kingambit, L50, M|\n|poke|p1|Basculegion, L50, M|\n|poke|p2|Tyranitar, L50, M|\n|poke|p2|Excadrill, L50, M|\n|poke|p2|Rotom-Wash, L50|\n|poke|p2|Sceptile, L50, M|\n|poke|p2|Garchomp, L50, M|\n|poke|p2|Corviknight, L50, M|\n|teampreview|4\n|inactive|Battle timer is ON: inactive players will automatically lose when time's up. (requested by CurrantAffairs)\n|inactive|Thornlace48812 also wants the timer to be on.\nThornlace48812 rejected open team sheets.\n|\n|t:|1788323665\n|teamsize|p1|4\n|teamsize|p2|4\n|start\n|switch|p1a: Charizard|Charizard, L50, M|100/100\n|switch|p1b: Garchomp|Garchomp, L50, F|100/100\n|switch|p2a: Tyranitar|Tyranitar, L50, M|100/100\n|switch|p2b: Excadrill|Excadrill, L50, M|100/100\n|-weather|Sandstorm|[from] ability: Sand Stream|[of] p2a: Tyranitar\n|turn|1\n|\n|t:|1788323680\n|move|p2b: Excadrill|Protect|p2b: Excadrill\n|-singleturn|p2b: Excadrill|Protect\n|move|p1a: Charizard|Protect|p1a: Charizard\n|-singleturn|p1a: Charizard|Protect\n|move|p2a: Tyranitar|Protect|p2a: Tyranitar\n|-singleturn|p2a: Tyranitar|Protect\n|move|p1b: Garchomp|Earthquake|p2a: Tyranitar|[spread] \n|-activate|p1a: Charizard|move: Protect\n|-activate|p2a: Tyranitar|move: Protect\n|-activate|p2b: Excadrill|move: Protect\n|\n|-weather|Sandstorm|[upkeep]\n|-damage|p1a: Charizard|94/100|[from] Sandstorm\n|upkeep\n|turn|2\n|\n|t:|1788323703\n|switch|p2b: Rotom|Rotom-Wash, L50|100/100\n|detailschange|p1a: Charizard|Charizard-Mega-Y, L50, M\n|-mega|p1a: Charizard|Charizard|Charizardite Y\n|-weather|SunnyDay|[from] ability: Drought|[of] p1a: Charizard\n|detailschange|p2a: Tyranitar|Tyranitar-Mega, L50, M\n|-mega|p2a: Tyranitar|Tyranitar|Tyranitarite\n|-weather|Sandstorm|[from] ability: Sand Stream|[of] p2a: Tyranitar\n|move|p1b: Garchomp|Dragon Claw|p2a: Tyranitar\n|-damage|p2a: Tyranitar|68/100\n|-damage|p1b: Garchomp|90/100|[from] item: Life Orb\n|move|p1a: Charizard|Ancient Power|p2b: Rotom\n|-damage|p2b: Rotom|68/100\n|move|p2a: Tyranitar|Rock Slide|p1b: Garchomp|[spread] p1a,p1b\n|-supereffective|p1a: Charizard|2\n|-resisted|p1b: Garchomp|1\n|-damage|p1a: Charizard|0 fnt\n|-damage|p1b: Garchomp|71/100\n|faint|p1a: Charizard\n|\n|-weather|Sandstorm|[upkeep]\n|-damage|p2b: Rotom|62/100|[from] Sandstorm\n|upkeep\n|\n|t:|1788323703\n|switch|p1a: Sylveon|Sylveon, L50, M|100/100\n|turn|3\n|inactive|CurrantAffairs has 30 seconds left.\n|\n|t:|1788323733\n|switch|p2a: Excadrill|Excadrill, L50, M|100/100\n|move|p2b: Rotom|Hydro Pump|p1b: Garchomp|[miss]\n|-miss|p2b: Rotom|p1b: Garchomp\n|move|p1b: Garchomp|Rock Slide|p2a: Excadrill|[spread] p2a\n|-miss|p1b: Garchomp|p2b: Rotom\n|-resisted|p2a: Excadrill|2\n|-crit|p2a: Excadrill\n|-damage|p2a: Excadrill|88/100\n|-damage|p1b: Garchomp|62/100|[from] item: Life Orb\n|move|p1a: Sylveon|Hyper Voice|p2b: Rotom|[spread] p2a,p2b\n|-resisted|p2a: Excadrill|1\n|-damage|p2a: Excadrill|54/100\n|-damage|p2b: Rotom|0 fnt\n|faint|p2b: Rotom\n|\n|-weather|Sandstorm|[upkeep]\n|-damage|p1a: Sylveon|94/100|[from] Sandstorm\n|upkeep\n|\n|t:|1788323742\n|switch|p2b: Garchomp|Garchomp, L50, M|100/100\n|turn|4\n|\n|t:|1788323746\n|move|p1b: Garchomp|Protect|p1b: Garchomp\n|-singleturn|p1b: Garchomp|Protect\n|move|p2a: Excadrill|Iron Head|p1a: Sylveon\n|-supereffective|p1a: Sylveon|1\n|-damage|p1a: Sylveon|0 fnt\n|faint|p1a: Sylveon\n|move|p2b: Garchomp|Dragon Claw|p1b: Garchomp\n|-activate|p1b: Garchomp|move: Protect\n|\n|-weather|Sandstorm|[upkeep]\n|upkeep\n|\n|t:|1788323747\n|switch|p1a: Basculegion|Basculegion, L50, M|100/100\n|turn|5\n|\n|t:|1788323772\n|move|p2b: Garchomp|Protect|p2b: Garchomp\n|-singleturn|p2b: Garchomp|Protect\n|move|p2a: Excadrill|Earthquake|p1a: Basculegion|[spread] p1a,p1b\n|-activate|p2b: Garchomp|move: Protect\n|-damage|p1a: Basculegion|46/100\n|-damage|p1b: Garchomp|15/100\n|move|p1b: Garchomp|Dragon Claw|p2a: Excadrill\n|-resisted|p2a: Excadrill|1\n|-damage|p2a: Excadrill|14/100\n|-damage|p1b: Garchomp|5/100|[from] item: Life Orb\n|move|p1a: Basculegion|Wave Crash|p2a: Excadrill\n|-supereffective|p2a: Excadrill|1\n|-damage|p2a: Excadrill|0 fnt\n|faint|p2a: Excadrill\n|-damage|p1a: Basculegion|41/100|[from] Recoil\n|\n|-weather|Sandstorm|[upkeep]\n|-damage|p1a: Basculegion|35/100|[from] Sandstorm\n|upkeep\n|\n|t:|1788323784\n|switch|p2a: Tyranitar|Tyranitar-Mega, L50, M|68/100\n|turn|6\n|\n|t:|1788323801\n|move|p1a: Basculegion|Protect|p1a: Basculegion\n|-singleturn|p1a: Basculegion|Protect\n|move|p2a: Tyranitar|Protect|p2a: Tyranitar\n|-singleturn|p2a: Tyranitar|Protect\n|move|p2b: Garchomp|Earthquake|p1b: Garchomp|[spread] p1b\n|-activate|p2a: Tyranitar|move: Protect\n|-activate|p1a: Basculegion|move: Protect\n|-damage|p1b: Garchomp|0 fnt\n|faint|p1b: Garchomp\n|-damage|p2b: Garchomp|90/100|[from] item: Life Orb\n|\n|-weather|none\n|upkeep\n|turn|7\n|\n|t:|1788323816\n|move|p1a: Basculegion|Aqua Jet|p2a: Tyranitar\n|-supereffective|p2a: Tyranitar|1\n|-damage|p2a: Tyranitar|27/100\n|move|p2b: Garchomp|Dragon Claw|p1a: Basculegion\n|-damage|p1a: Basculegion|0 fnt\n|faint|p1a: Basculegion\n|-damage|p2b: Garchomp|80/100|[from] item: Life Orb\n|\n|win|CurrantAffairs\n|raw|Thornlace48812's rating: 1108 &rarr; <strong>1084</strong><br />(-24 for losing)\n|raw|CurrantAffairs's rating: 1115 &rarr; <strong>1139</strong><br />(+24 for winning)\n","uploadtime":1788323817,"views":"0","formatid":"gen9championsvgc2026regmb","rating":1084,"private":0,"password":null}