{"id":"gen9championsvgc2026regmb-2674724432","format":"[Gen 9 Champions] VGC 2026 Reg M-B","players":["schloedog","jschloe"],"log":"|j|☆schloedog\n|j|☆jschloe\n|html|<table width=\"100%\"><tr><td align=\"left\">schloedog</td><td align=\"right\">jschloe</tr><tr><td align=\"left\"><i class=\"fa fa-circle\"></i> <i class=\"fa fa-circle-o\"></i> </td><td align=\"right\"><i class=\"fa fa-circle-o\"></i> <i class=\"fa fa-circle-o\"></i> </tr></table>\n|uhtml|bestof|<h2><strong>Game 2</strong> of <a href=\"/game-bestof3-gen9championsvgc2026regmb-2674720136\">a best-of-3</a></h2>\n|t:|1788396308\n|gametype|doubles\n|player|p1|schloedog|101|\n|player|p2|jschloe|backpacker|\n|gen|9\n|tier|[Gen 9 Champions] VGC 2026 Reg M-B\n|rule|Species Clause: Limit one of each Pokémon\n|rule|Item Clause: Limit 1 of each item\n|raw|<div class=\"infobox\"><details class=\"readmore\" open><summary><strong>1 custom rule:</strong></summary> Best of = 3</details></div>\n|clearpoke\n|poke|p1|Gengar, L50, F, shiny|\n|poke|p1|Incineroar, L50, F, shiny|\n|poke|p1|Scrafty, L50, F|\n|poke|p1|Appletun, L50, M|\n|poke|p1|Primarina, L50, F, shiny|\n|poke|p1|Lucario, L50, M, shiny|\n|poke|p2|Sableye, L50, M|\n|poke|p2|Raichu, L50, M|\n|poke|p2|Sylveon, L50, F|\n|poke|p2|Charizard, L50, M|\n|poke|p2|Swampert, L50, M|\n|poke|p2|Aerodactyl, L50, M|\n|teampreview|4\nschloedog rejected open team sheets.\n|\n|t:|1788396462\n|teamsize|p1|4\n|teamsize|p2|4\n|start\n|switch|p1a: Gengar|Gengar, L50, F, shiny|100/100\n|switch|p1b: Incineroar|Incineroar, L50, F, shiny|100/100\n|switch|p2a: Raichu|Raichu, L50, M|100/100\n|switch|p2b: Swampert|Swampert, L50, M|100/100\n|-ability|p1b: Incineroar|Intimidate|boost\n|-unboost|p2a: Raichu|atk|1\n|-unboost|p2b: Swampert|atk|1\n|turn|1\n|\n|t:|1788396490\n|move|p2a: Raichu|Protect|p2a: Raichu\n|-singleturn|p2a: Raichu|Protect\n|move|p1b: Incineroar|Fake Out|p2b: Swampert\n|-damage|p2b: Swampert|90/100\n|move|p1a: Gengar|Perish Song|p1a: Gengar\n|-start|p1a: Gengar|perish3|[silent]\n|-start|p1b: Incineroar|perish3|[silent]\n|-start|p2a: Raichu|perish3|[silent]\n|-start|p2b: Swampert|perish3|[silent]\n|-fieldactivate|move: Perish Song\n|cant|p2b: Swampert|flinch\n|\n|-start|p1a: Gengar|perish3\n|-start|p2a: Raichu|perish3\n|-start|p1b: Incineroar|perish3\n|-start|p2b: Swampert|perish3\n|upkeep\n|turn|2\n|\n|t:|1788396529\n|detailschange|p1a: Gengar|Gengar-Mega, L50, F, shiny\n|-mega|p1a: Gengar|Gengar|Gengarite\n|move|p1a: Gengar|Protect|p1a: Gengar\n|-singleturn|p1a: Gengar|Protect\n|move|p1b: Incineroar|Protect|p1b: Incineroar\n|-singleturn|p1b: Incineroar|Protect\n|move|p2a: Raichu|Feint|p1b: Incineroar\n|-activate|p1b: Incineroar|move: Feint\n|-damage|p1b: Incineroar|96/100\n|move|p2b: Swampert|Earth Power|p1b: Incineroar\n|-supereffective|p1b: Incineroar|1\n|-damage|p1b: Incineroar|41/100\n|-enditem|p1b: Incineroar|Sitrus Berry|[eat]\n|-heal|p1b: Incineroar|66/100|[from] item: Sitrus Berry\n|\n|-start|p1a: Gengar|perish2\n|-start|p2a: Raichu|perish2\n|-start|p1b: Incineroar|perish2\n|-start|p2b: Swampert|perish2\n|upkeep\n|turn|3\n|\n|t:|1788396581\n|move|p1a: Gengar|Disable|p2b: Swampert\n|-start|p2b: Swampert|Disable|Earth Power\n|move|p2a: Raichu|Encore|p1b: Incineroar\n|-start|p1b: Incineroar|Encore\n|move|p1b: Incineroar|Protect|p1b: Incineroar\n|-singleturn|p1b: Incineroar|Protect\n|move|p2b: Swampert|Flip Turn|p1b: Incineroar\n|-activate|p1b: Incineroar|move: Protect\n|\n|-start|p1a: Gengar|perish1\n|-start|p2a: Raichu|perish1\n|-start|p1b: Incineroar|perish1\n|-start|p2b: Swampert|perish1\n|upkeep\n|turn|4\n|\n|t:|1788396625\n|switch|p1a: Appletun|Appletun, L50, M|100/100\n|switch|p1b: Scrafty|Scrafty, L50, F|100/100\n|move|p2a: Raichu|Volt Switch|p1b: Scrafty\n|-damage|p1b: Scrafty|68/100\n|\n|t:|1788396636\n|switch|p2a: Sylveon|Sylveon, L50, F|100/100|[from] Volt Switch\n|move|p2b: Swampert|Flip Turn|p1b: Scrafty\n|-damage|p1b: Scrafty|55/100\n|\n|t:|1788396647\n|switch|p2b: Charizard|Charizard, L50, M|100/100|[from] Flip Turn\n|\n|upkeep\n|turn|5\n|\n|t:|1788396695\n|move|p2b: Charizard|Protect|p2b: Charizard\n|-singleturn|p2b: Charizard|Protect\n|move|p2a: Sylveon|Protect|p2a: Sylveon\n|-singleturn|p2a: Sylveon|Protect\n|move|p1b: Scrafty|Fake Out|p2b: Charizard\n|-activate|p2b: Charizard|move: Protect\n|move|p1a: Appletun|Apple Acid|p2b: Charizard\n|-activate|p2b: Charizard|move: Protect\n|\n|upkeep\n|turn|6\n|\n|t:|1788396712\n|detailschange|p2b: Charizard|Charizard-Mega-Y, L50, M\n|-mega|p2b: Charizard|Charizard|Charizardite Y\n|-weather|SunnyDay|[from] ability: Drought|[of] p2b: Charizard\n|move|p2b: Charizard|Heat Wave|p1a: Appletun|[spread] p1a\n|-miss|p2b: Charizard|p1b: Scrafty\n|-crit|p1a: Appletun\n|-damage|p1a: Appletun|65/100\n|move|p2a: Sylveon|Hyper Voice|p1b: Scrafty|[spread] p1a,p1b\n|-supereffective|p1a: Appletun|1\n|-supereffective|p1b: Scrafty|2\n|-damage|p1a: Appletun|0 fnt\n|-damage|p1b: Scrafty|0 fnt\n|faint|p1a: Appletun\n|faint|p1b: Scrafty\n|\n|-weather|SunnyDay|[upkeep]\n|upkeep\n|\n|t:|1788396725\n|switch|p1b: Gengar|Gengar-Mega, L50, F, shiny|100/100\n|switch|p1a: Incineroar|Incineroar, L50, F, shiny|66/100\n|-ability|p1a: Incineroar|Intimidate|boost\n|-unboost|p2a: Sylveon|atk|1\n|-unboost|p2b: Charizard|atk|1\n|turn|7\n|c|☆jschloe|i need to go back and look at what % they were last game\n|\n|t:|1788396768\n|move|p1a: Incineroar|Fake Out|p2b: Charizard\n|-damage|p2b: Charizard|83/100\n|move|p1b: Gengar|Disable|p2b: Charizard\n|-start|p2b: Charizard|Disable|Heat Wave\n|cant|p2b: Charizard|flinch\n|move|p2a: Sylveon|Shadow Ball|p1b: Gengar\n|-supereffective|p1b: Gengar|1\n|-damage|p1b: Gengar|37/100\n|\n|-weather|SunnyDay|[upkeep]\n|upkeep\n|turn|8\n|\n|t:|1788396791\n|move|p1a: Incineroar|Protect|p1a: Incineroar\n|-singleturn|p1a: Incineroar|Protect\n|move|p1b: Gengar|Sludge Wave|p2a: Sylveon|[spread] p2a,p2b\n|-activate|p1a: Incineroar|move: Protect\n|-supereffective|p2a: Sylveon|1\n|-damage|p2a: Sylveon|42/100\n|-damage|p2b: Charizard|44/100\n|move|p2b: Charizard|Scorching Sands|p1a: Incineroar\n|-activate|p1a: Incineroar|move: Protect\n|move|p2a: Sylveon|Shadow Ball|p1b: Gengar\n|-supereffective|p1b: Gengar|1\n|-damage|p1b: Gengar|0 fnt\n|faint|p1b: Gengar\n|\n|-weather|SunnyDay|[upkeep]\n|upkeep\n|turn|9\n|\n|t:|1788396810\n|move|p2b: Charizard|Scorching Sands|p1a: Incineroar\n|-supereffective|p1a: Incineroar|1\n|-damage|p1a: Incineroar|20/100y\n|move|p2a: Sylveon|Hyper Voice|p1a: Incineroar\n|-damage|p1a: Incineroar|0 fnt\n|faint|p1a: Incineroar\n|\n|win|jschloe\n","uploadtime":1788396814,"views":"3","formatid":"gen9championsvgc2026regmb","rating":null,"private":0,"password":null}