{"id":"gen9championsvgc2026regmb-2674092243","format":"[Gen 9 Champions] VGC 2026 Reg M-B","players":["AryuMyGlamGoat","lucasor62"],"log":"|j|☆AryuMyGlamGoat\n|j|☆lucasor62\n|t:|1788298050\n|gametype|doubles\n|player|p1|AryuMyGlamGoat|266|1042\n|player|p2|lucasor62|dawn|1029\n|gen|9\n|tier|[Gen 9 Champions] VGC 2026 Reg M-B\n|rated|\n|rule|Species Clause: Limit one of each Pokémon\n|rule|Item Clause: Limit 1 of each item\n|clearpoke\n|poke|p1|Staraptor, L50, F|\n|poke|p1|Whimsicott, L50, F, shiny|\n|poke|p1|Gholdengo, L50|\n|poke|p1|Rotom-Wash, L50|\n|poke|p1|Incineroar, L50, M|\n|poke|p1|Lycanroc-Dusk, L50, M|\n|poke|p2|Froslass, L50, F|\n|poke|p2|Tsareena, L50, F|\n|poke|p2|Lycanroc-Dusk, L50, F|\n|poke|p2|Volcarona, L50, M|\n|poke|p2|Kingambit, L50, F|\n|poke|p2|Garchomp, L50, F|\n|teampreview|4\n|\n|t:|1788298113\n|teamsize|p1|4\n|teamsize|p2|4\n|start\n|switch|p1a: Gholdengo|Gholdengo, L50|100/100\n|switch|p1b: Whimsicott|Whimsicott, L50, F, shiny|100/100\n|switch|p2a: Froslass|Froslass, L50, F|100/100\n|switch|p2b: Volcarona|Volcarona, L50, M|100/100\n|turn|1\n|\n|t:|1788298136\n|detailschange|p2a: Froslass|Froslass-Mega, L50, F\n|-mega|p2a: Froslass|Froslass|Froslassite\n|-weather|Snowscape|[from] ability: Snow Warning|[of] p2a: Froslass\n|move|p1b: Whimsicott|Protect|p1b: Whimsicott\n|-singleturn|p1b: Whimsicott|Protect\n|move|p1a: Gholdengo|Protect|p1a: Gholdengo\n|-singleturn|p1a: Gholdengo|Protect\n|move|p2b: Volcarona|Rage Powder|p2b: Volcarona\n|-singleturn|p2b: Volcarona|move: Rage Powder\n|move|p2a: Froslass|Avalanche|p1b: Whimsicott\n|-activate|p1b: Whimsicott|move: Protect\n|\n|-weather|Snowscape|[upkeep]\n|upkeep\n|turn|2\n|\n|t:|1788298170\n|move|p1b: Whimsicott|Tailwind|p1b: Whimsicott\n|-sidestart|p1: AryuMyGlamGoat|move: Tailwind\n|move|p1a: Gholdengo|Power Gem|p2a: Froslass\n|-supereffective|p2a: Froslass|1\n|-damage|p2a: Froslass|0 fnt\n|faint|p2a: Froslass\n|-damage|p1a: Gholdengo|90/100|[from] item: Life Orb\n|move|p2b: Volcarona|Heat Wave|p1b: Whimsicott|[spread] p1a,p1b\n|-supereffective|p1a: Gholdengo|1\n|-supereffective|p1b: Whimsicott|1\n|-damage|p1a: Gholdengo|6/100\n|-damage|p1b: Whimsicott|0 fnt\n|faint|p1b: Whimsicott\n|\n|-weather|Snowscape|[upkeep]\n|upkeep\n|\n|t:|1788298187\n|switch|p2a: Lycanroc|Lycanroc-Dusk, L50, F|100/100\n|switch|p1b: Staraptor|Staraptor, L50, F|100/100\n|-ability|p1b: Staraptor|Intimidate|boost\n|-unboost|p2a: Lycanroc|atk|1\n|-unboost|p2b: Volcarona|atk|1\n|turn|3\n|\n|t:|1788298212\n|switch|p1a: Rotom|Rotom-Wash, L50|100/100\n|detailschange|p1b: Staraptor|Staraptor-Mega, L50, F\n|-mega|p1b: Staraptor|Staraptor|Staraptite\n|move|p2a: Lycanroc|Protect|p2a: Lycanroc\n|-singleturn|p2a: Lycanroc|Protect\n|move|p2b: Volcarona|Protect|p2b: Volcarona\n|-singleturn|p2b: Volcarona|Protect\n|move|p1b: Staraptor|Close Combat|p2a: Lycanroc\n|-activate|p2a: Lycanroc|move: Protect\n|\n|-weather|Snowscape|[upkeep]\n|upkeep\n|turn|4\n|\n|t:|1788298248\n|move|p2b: Volcarona|Rage Powder|p2b: Volcarona\n|-singleturn|p2b: Volcarona|move: Rage Powder\n|move|p1b: Staraptor|Close Combat|p2b: Volcarona\n|-resisted|p2b: Volcarona|1\n|-damage|p2b: Volcarona|62/100\n|-boost|p1b: Staraptor|def|1\n|-boost|p1b: Staraptor|spd|1\n|-status|p1b: Staraptor|brn|[from] ability: Flame Body|[of] p2b: Volcarona\n|move|p1a: Rotom|Hydro Pump|p2b: Volcarona\n|-supereffective|p2b: Volcarona|1\n|-damage|p2b: Volcarona|0 fnt\n|faint|p2b: Volcarona\n|move|p2a: Lycanroc|Psychic Fangs|p1b: Staraptor\n|-supereffective|p1b: Staraptor|1\n|-damage|p1b: Staraptor|62/100 brn\n|\n|-weather|Snowscape|[upkeep]\n|-damage|p1b: Staraptor|56/100 brn|[from] brn\n|upkeep\n|\n|t:|1788298265\n|switch|p2b: Garchomp|Garchomp, L50, F|100/100\n|turn|5\n|\n|t:|1788298281\n|move|p2a: Lycanroc|Accelerock|p1a: Rotom\n|-damage|p1a: Rotom|78/100\n|move|p1b: Staraptor|Close Combat|p2a: Lycanroc\n|-supereffective|p2a: Lycanroc|1\n|-enditem|p2a: Lycanroc|Focus Sash\n|-damage|p2a: Lycanroc|1/100\n|-boost|p1b: Staraptor|def|1\n|-boost|p1b: Staraptor|spd|1\n|move|p1a: Rotom|Will-O-Wisp|p2b: Garchomp\n|-status|p2b: Garchomp|brn\n|move|p2b: Garchomp|Draco Meteor|p1a: Rotom\n|-damage|p1a: Rotom|22/100\n|-unboost|p2b: Garchomp|spa|2\n|\n|-weather|none\n|-damage|p1b: Staraptor|50/100g brn|[from] brn\n|-damage|p2b: Garchomp|93/100 brn|[from] brn\n|-sideend|p1: AryuMyGlamGoat|move: Tailwind\n|upkeep\n|turn|6\n|\n|t:|1788298311\n|move|p2a: Lycanroc|Protect|p2a: Lycanroc\n|-singleturn|p2a: Lycanroc|Protect\n|move|p1b: Staraptor|Close Combat|p2a: Lycanroc\n|-activate|p2a: Lycanroc|move: Protect\n|move|p2b: Garchomp|Draco Meteor|p1a: Rotom\n|-damage|p1a: Rotom|0 fnt\n|-unboost|p2b: Garchomp|spa|2\n|faint|p1a: Rotom\n|\n|-damage|p1b: Staraptor|44/100 brn|[from] brn\n|-damage|p2b: Garchomp|87/100 brn|[from] brn\n|upkeep\n|\n|t:|1788298325\n|switch|p1a: Gholdengo|Gholdengo, L50|6/100\n|turn|7\n|\n|t:|1788298343\n|move|p1a: Gholdengo|Protect|p1a: Gholdengo\n|-singleturn|p1a: Gholdengo|Protect\n|move|p2a: Lycanroc|Accelerock|p1b: Staraptor\n|-damage|p1b: Staraptor|33/100 brn\n|move|p1b: Staraptor|Roost|p1b: Staraptor\n|-heal|p1b: Staraptor|83/100 brn\n|-singleturn|p1b: Staraptor|move: Roost\n|move|p2b: Garchomp|Poison Jab|p1b: Staraptor\n|-damage|p1b: Staraptor|77/100 brn\n|\n|-damage|p1b: Staraptor|71/100 brn|[from] brn\n|-damage|p2b: Garchomp|81/100 brn|[from] brn\n|upkeep\n|turn|8\n|\n|t:|1788298372\n|move|p2a: Lycanroc|Accelerock|p1a: Gholdengo\n|-resisted|p1a: Gholdengo|1\n|-crit|p1a: Gholdengo\n|-damage|p1a: Gholdengo|0 fnt\n|faint|p1a: Gholdengo\n|move|p1b: Staraptor|Close Combat|p2b: Garchomp\n|-damage|p2b: Garchomp|43/100 brn\n|-boost|p1b: Staraptor|def|1\n|-boost|p1b: Staraptor|spd|1\n|move|p2b: Garchomp|Poison Jab|p1b: Staraptor\n|-damage|p1b: Staraptor|66/100 brn\n|\n|-damage|p1b: Staraptor|60/100 brn|[from] brn\n|-damage|p2b: Garchomp|37/100 brn|[from] brn\n|upkeep\n|turn|9\n|\n|t:|1788298393\n|move|p2a: Lycanroc|Accelerock|p1b: Staraptor\n|-damage|p1b: Staraptor|52/100 brn\n|move|p1b: Staraptor|Close Combat|p2a: Lycanroc\n|-supereffective|p2a: Lycanroc|1\n|-damage|p2a: Lycanroc|0 fnt\n|-boost|p1b: Staraptor|def|1\n|-boost|p1b: Staraptor|spd|1\n|faint|p2a: Lycanroc\n|move|p2b: Garchomp|Draco Meteor|p1b: Staraptor|[miss]\n|-miss|p2b: Garchomp|p1b: Staraptor\n|\n|-damage|p1b: Staraptor|46/100 brn|[from] brn\n|-damage|p2b: Garchomp|31/100 brn|[from] brn\n|upkeep\n|turn|10\n|inactive|Battle timer is ON: inactive players will automatically lose when time's up. (requested by lucasor62)\n|inactiveoff|Battle timer is now OFF.\n|inactive|Battle timer is ON: inactive players will automatically lose when time's up. (requested by AryuMyGlamGoat)\n|\n|t:|1788298428\n|move|p1b: Staraptor|Brave Bird|p2b: Garchomp\n|-damage|p2b: Garchomp|0 fnt\n|faint|p2b: Garchomp\n|-damage|p1b: Staraptor|33/100 brn|[from] Recoil\n|\n|win|AryuMyGlamGoat\n|raw|AryuMyGlamGoat's rating: 1042 &rarr; <strong>1074</strong><br />(+32 for winning)\n|raw|lucasor62's rating: 1029 &rarr; <strong>1015</strong><br />(-14 for losing)\n|c|☆AryuMyGlamGoat|Lol\n|l|☆AryuMyGlamGoat\n|player|p1|\n|j|☆AryuMyGlamGoat\n|player|p1|AryuMyGlamGoat|266|\n","uploadtime":1788298442,"views":"5","formatid":"gen9championsvgc2026regmb","rating":1015,"private":0,"password":null}