{"id":"gen9championsvgc2026regmb-2674615816","format":"[Gen 9 Champions] VGC 2026 Reg M-B","players":["jaxson737","Sammias"],"log":"|j|☆jaxson737\n|j|☆Sammias\n|t:|1788380664\n|gametype|doubles\n|player|p1|jaxson737|gentleman-gen4|1560\n|player|p2|Sammias|miku-ground|1688\n|gen|9\n|tier|[Gen 9 Champions] VGC 2026 Reg M-B\n|rated|\n|rule|Species Clause: Limit one of each Pokémon\n|rule|Item Clause: Limit 1 of each item\n|clearpoke\n|poke|p1|Staraptor, L50, F|\n|poke|p1|Farigiraf, L50, F|\n|poke|p1|Torkoal, L50, M|\n|poke|p1|Mawile, L50, F|\n|poke|p1|Meganium, L50, F|\n|poke|p1|Whimsicott, L50, F|\n|poke|p2|Floette-Eternal, L50, F|\n|poke|p2|Kingambit, L50, F|\n|poke|p2|Sneasler, L50, M|\n|poke|p2|Whimsicott, L50, F, shiny|\n|poke|p2|Basculegion, L50, M|\n|poke|p2|Kommo-o, L50, M|\n|teampreview|4\n|inactive|Battle timer is ON: inactive players will automatically lose when time's up. (requested by Sammias)\n|inactive|Sammias has 60 seconds left.\n|\n|t:|1788380718\n|teamsize|p1|4\n|teamsize|p2|4\n|start\n|switch|p1a: Staraptor|Staraptor, L50, F|100/100\n|switch|p1b: Farigiraf|Farigiraf, L50, F|100/100\n|switch|p2a: Sneasler|Sneasler, L50, M|100/100\n|switch|p2b: Floette|Floette-Eternal, L50, F|100/100\n|-ability|p1a: Staraptor|Intimidate|boost\n|-unboost|p2a: Sneasler|atk|1\n|-unboost|p2b: Floette|atk|1\n|-enditem|p2a: Sneasler|White Herb\n|-clearnegativeboost|p2a: Sneasler|[silent]\n|turn|1\n|\n|t:|1788380730\n|detailschange|p2b: Floette|Floette-Mega, L50, F\n|-mega|p2b: Floette|Floette|Floettite\n|-ability|p2b: Floette|Fairy Aura\n|move|p2b: Floette|Protect|p2b: Floette\n|-singleturn|p2b: Floette|Protect\n|move|p2a: Sneasler|Taunt|p1b: Farigiraf\n|-start|p1b: Farigiraf|move: Taunt\n|move|p1a: Staraptor|Final Gambit|p2b: Floette\n|-activate|p2b: Floette|move: Protect\n|cant|p1b: Farigiraf|move: Taunt|Trick Room\n|\n|upkeep\n|turn|2\n|\n|t:|1788380749\n|move|p2a: Sneasler|Close Combat|p1a: Staraptor\n|-damage|p1a: Staraptor|27/100\n|-unboost|p2a: Sneasler|def|1\n|-unboost|p2a: Sneasler|spd|1\n|move|p1a: Staraptor|Final Gambit|p2b: Floette\n|-damage|p2b: Floette|67/100\n|faint|p1a: Staraptor\n|move|p2b: Floette|Moonblast|p1b: Farigiraf\n|-damage|p1b: Farigiraf|36/100\n|move|p1b: Farigiraf|Psychic|p2a: Sneasler\n|-supereffective|p2a: Sneasler|2\n|-damage|p2a: Sneasler|0 fnt\n|faint|p2a: Sneasler\n|\n|upkeep\n|\n|t:|1788380771\n|switch|p2a: Kingambit|Kingambit, L50, F|100/100\n|switch|p1a: Mawile|Mawile, L50, F|100/100\n|-ability|p1a: Mawile|Intimidate|boost\n|-unboost|p2a: Kingambit|atk|1\n|-ability|p2a: Kingambit|Defiant|boost\n|-boost|p2a: Kingambit|atk|2\n|-unboost|p2b: Floette|atk|1\n|turn|3\n|\n|t:|1788380788\n|detailschange|p1a: Mawile|Mawile-Mega, L50, F\n|-mega|p1a: Mawile|Mawile|Mawilite\n|move|p2b: Floette|Dazzling Gleam|p1a: Mawile|[spread] p1a,p1b\n|-resisted|p1a: Mawile|1\n|-damage|p1a: Mawile|73/100\n|-damage|p1b: Farigiraf|0 fnt\n|faint|p1b: Farigiraf\n|move|p2a: Kingambit|Iron Head|p1a: Mawile\n|-damage|p1a: Mawile|7/100\n|move|p1a: Mawile|Play Rough|p2a: Kingambit\n|-damage|p2a: Kingambit|0 fnt\n|faint|p2a: Kingambit\n|\n|upkeep\n|\n|t:|1788380798\n|switch|p2a: Basculegion|Basculegion, L50, M|100/100\n|switch|p1b: Torkoal|Torkoal, L50, M|100/100\n|-weather|SunnyDay|[from] ability: Drought|[of] p1b: Torkoal\n|turn|4\n|\n|t:|1788380811\n|move|p2a: Basculegion|Aqua Jet|p1a: Mawile\n|-damage|p1a: Mawile|0 fnt\n|faint|p1a: Mawile\n|move|p2b: Floette|Moonblast|p1b: Torkoal\n|-resisted|p1b: Torkoal|1\n|-damage|p1b: Torkoal|51/100\n|move|p1b: Torkoal|Heat Wave|p2a: Basculegion|[spread] p2a,p2b\n|-resisted|p2a: Basculegion|1\n|-damage|p2a: Basculegion|67/100\n|-damage|p2b: Floette|23/100\n|\n|-weather|SunnyDay|[upkeep]\n|upkeep\n|turn|5\n|\n|t:|1788380822\n|move|p2a: Basculegion|Aqua Jet|p1b: Torkoal\n|-supereffective|p1b: Torkoal|1\n|-damage|p1b: Torkoal|31/100\n|move|p2b: Floette|Moonblast|p1b: Torkoal\n|-resisted|p1b: Torkoal|1\n|-damage|p1b: Torkoal|0 fnt\n|faint|p1b: Torkoal\n|\n|win|Sammias\n|raw|jaxson737's rating: 1560 &rarr; <strong>1547</strong><br />(-13 for losing)\n|raw|Sammias's rating: 1688 &rarr; <strong>1701</strong><br />(+13 for winning)\n|l|☆jaxson737\n|player|p1|\n","uploadtime":1788380827,"views":"4","formatid":"gen9championsvgc2026regmb","rating":1547,"private":0,"password":null}