{"id":"gen9championsvgc2026regmb-2674689747","format":"[Gen 9 Champions] VGC 2026 Reg M-B","players":["mauroogabooga","1mkindanice"],"log":"|j|☆mauroogabooga\n|j|☆1mkindanice\n|html|<table width=\"100%\"><tr><td align=\"left\">mauroogabooga</td><td align=\"right\">1mkindanice</tr><tr><td align=\"left\"><i class=\"fa fa-circle-o\"></i> <i class=\"fa fa-circle-o\"></i> </td><td align=\"right\"><i class=\"fa fa-circle-o\"></i> <i class=\"fa fa-circle-o\"></i> </tr></table>\n|uhtml|bestof|<h2><strong>Game 1</strong> of <a href=\"/game-bestof3-gen9championsvgc2026regmb-2674689746\">a best-of-3</a></h2>\n|t:|1788390969\n|gametype|doubles\n|player|p1|mauroogabooga|preschooler|\n|player|p2|1mkindanice|marshal|\n|gen|9\n|tier|[Gen 9 Champions] VGC 2026 Reg M-B\n|rule|Species Clause: Limit one of each Pokémon\n|rule|Item Clause: Limit 1 of each item\n|raw|<div class=\"infobox\"><details class=\"readmore\" open><summary><strong>1 custom rule:</strong></summary> Best of = 3</details></div>\n|clearpoke\n|poke|p1|Noivern, L50, M, shiny|\n|poke|p1|Tyranitar, L50, F|\n|poke|p1|Sableye, L50, F, shiny|\n|poke|p1|Milotic, L50, F|\n|poke|p1|Excadrill, L50, M, shiny|\n|poke|p1|Sinistcha, L50|\n|poke|p2|Gengar, L50, M|\n|poke|p2|Serperior, L50, F|\n|poke|p2|Grimmsnarl, L50, M|\n|poke|p2|Garchomp, L50, F|\n|poke|p2|Vivillon, L50, M|\n|poke|p2|Scizor, L50, F|\n|teampreview|4\n|j| senahachii\n1mkindanice rejected open team sheets.\n|c|☆mauroogabooga|best of luck :)\n|c|☆1mkindanice|u2\n|\n|t:|1788391103\n|teamsize|p1|4\n|teamsize|p2|4\n|start\n|switch|p1a: Jumbo Josh|Tyranitar, L50, F|100/100\n|switch|p1b: Gaetan|Excadrill, L50, M, shiny|100/100\n|switch|p2a: G|Gengar, L50, M|100/100\n|switch|p2b: Ga|Serperior, L50, F|100/100\n|-weather|Sandstorm|[from] ability: Sand Stream|[of] p1a: Jumbo Josh\n|turn|1\n|\n|t:|1788391153\n|switch|p2a: Garch|Scizor, L50, F|100/100\n|switch|p1a: Baja Blast|Noivern, L50, M, shiny|100/100\n|-item|p2a: Garch|Scizorite|[from] ability: Frisk|[of] p1a: Baja Blast\n|-item|p2b: Ga|Coba Berry|[from] ability: Frisk|[of] p1a: Baja Blast\n|move|p2b: Ga|Protect|p2b: Ga\n|-singleturn|p2b: Ga|Protect\n|move|p1b: Gaetan|Earthquake|p2b: Ga|[spread] p2a\n|-activate|p2b: Ga|move: Protect\n|-immune|p1a: Baja Blast\n|-damage|p2a: Garch|54/100\n|\n|-weather|Sandstorm|[upkeep]\n|-damage|p1a: Baja Blast|93/100|[from] Sandstorm\n|-damage|p2b: Ga|93/100|[from] Sandstorm\n|upkeep\n|turn|2\n|\n|t:|1788391318\n|move|p2a: Garch|Bullet Punch|p1a: Baja Blast\n|-damage|p1a: Baja Blast|52/100\n|move|p1b: Gaetan|Rock Slide|p2a: Garch|[spread] p2b\n|-miss|p1b: Gaetan|p2a: Garch\n|-damage|p2b: Ga|71/100\n|move|p1a: Baja Blast|Flamethrower|p2b: Ga\n|-supereffective|p2b: Ga|1\n|-damage|p2b: Ga|14/100\n|-damage|p1a: Baja Blast|42/100|[from] item: Life Orb\n|move|p2b: Ga|Leaf Storm|p1b: Gaetan\n|-damage|p1b: Gaetan|55/100\n|-boost|p2b: Ga|spa|2\n|\n|-weather|Sandstorm|[upkeep]\n|-damage|p1a: Baja Blast|36/100|[from] Sandstorm\n|-damage|p2b: Ga|8/100|[from] Sandstorm\n|upkeep\n|turn|3\n|\n|t:|1788391369\n|move|p2b: Ga|Protect|p2b: Ga\n|-singleturn|p2b: Ga|Protect\n|move|p2a: Garch|Bullet Punch|p1a: Baja Blast\n|-damage|p1a: Baja Blast|0 fnt\n|faint|p1a: Baja Blast\n|move|p1b: Gaetan|Earthquake|p2a: Garch|[spread] p2a\n|-activate|p2b: Ga|move: Protect\n|-damage|p2a: Garch|2/100\n|\n|-weather|Sandstorm|[upkeep]\n|-damage|p2b: Ga|2/100|[from] Sandstorm\n|upkeep\n|\n|t:|1788391380\n|switch|p1a: Jumbo Josh|Tyranitar, L50, F|100/100\n|turn|4\n|\n|t:|1788391415\n|move|p2b: Ga|Protect|p2b: Ga\n|-singleturn|p2b: Ga|Protect\n|move|p1a: Jumbo Josh|Protect|p1a: Jumbo Josh\n|-singleturn|p1a: Jumbo Josh|Protect\n|move|p2a: Garch|Bullet Punch|p1b: Gaetan\n|-resisted|p1b: Gaetan|1\n|-damage|p1b: Gaetan|29/100\n|move|p1b: Gaetan|Earthquake|p2b: Ga|[spread] p2a\n|-activate|p1a: Jumbo Josh|move: Protect\n|-activate|p2b: Ga|move: Protect\n|-damage|p2a: Garch|0 fnt\n|faint|p2a: Garch\n|\n|-weather|Sandstorm|[upkeep]\n|-damage|p2b: Ga|0 fnt|[from] Sandstorm\n|faint|p2b: Ga\n|upkeep\n|\n|t:|1788391429\n|switch|p2b: G|Gengar, L50, M|100/100\n|switch|p2a: Garchomp|Garchomp, L50, F|100/100\n|turn|5\n|\n|t:|1788391444\n|detailschange|p2b: G|Gengar-Mega, L50, M\n|-mega|p2b: G|Gengar|Gengarite\n|move|p1b: Gaetan|Protect|p1b: Gaetan\n|-singleturn|p1b: Gaetan|Protect\n|move|p1a: Jumbo Josh|Protect||[still]\n|-fail|p1a: Jumbo Josh\n|move|p2b: G|Focus Blast|p1a: Jumbo Josh\n|-supereffective|p1a: Jumbo Josh|2\n|-damage|p1a: Jumbo Josh|0 fnt\n|faint|p1a: Jumbo Josh\n|move|p2a: Garchomp|Stomping Tantrum|p1b: Gaetan\n|-activate|p1b: Gaetan|move: Protect\n|\n|-weather|none\n|upkeep\n|\n|t:|1788391451\n|switch|p1a: Piss Boy|Sableye, L50, F, shiny|100/100\n|turn|6\n|c|☆mauroogabooga|whoops forgot i protected the turn before lmaooo\n|\n|t:|1788391500\n|move|p1a: Piss Boy|Will-O-Wisp|p2a: Garchomp\n|-status|p2a: Garchomp|brn\n|-enditem|p2a: Garchomp|Lum Berry|[eat]\n|-curestatus|p2a: Garchomp|brn|[msg]\n|move|p2b: G|Dazzling Gleam|p1b: Gaetan|[spread] p1a,p1b\n|-supereffective|p1a: Piss Boy|1\n|-resisted|p1b: Gaetan|1\n|-damage|p1a: Piss Boy|36/100\n|-damage|p1b: Gaetan|15/100\n|-enditem|p1a: Piss Boy|Sitrus Berry|[eat]\n|-heal|p1a: Piss Boy|61/100|[from] item: Sitrus Berry\n|move|p2a: Garchomp|Stomping Tantrum|p1b: Gaetan\n|-supereffective|p1b: Gaetan|1\n|-damage|p1b: Gaetan|0 fnt\n|faint|p1b: Gaetan\n|\n|upkeep\n|turn|7\n|\n|t:|1788391520\n|move|p1a: Piss Boy|Will-O-Wisp|p2a: Garchomp\n|-status|p2a: Garchomp|brn\n|move|p2b: G|Shadow Ball|p1a: Piss Boy\n|-damage|p1a: Piss Boy|0 fnt\n|faint|p1a: Piss Boy\n|\n|win|1mkindanice\n||1mkindanice is ready for game 2.\n||mauroogabooga is ready for game 2.\n|uhtml|next|Next: <a href=\"/battle-gen9championsvgc2026regmb-2674693349\"><strong>Game 2 of 3</strong></a>\n|j| djrean\n|j| joaoruben\n|j| admsteelix\n|l| joaoruben\n|l| djrean\n","uploadtime":1788392267,"views":"18","formatid":"gen9championsvgc2026regmb","rating":null,"private":0,"password":null}