{"id":"gen9championsvgc2026regmb-2674022994","format":"[Gen 9 Champions] VGC 2026 Reg M-B","players":["ASilentDragon","777skills"],"log":"|j|☆ASilentDragon\n|j|☆777skills\n|t:|1788289362\n|gametype|doubles\n|player|p1|ASilentDragon|cynthia-gen4|1176\n|player|p2|777skills|1|1112\n|gen|9\n|tier|[Gen 9 Champions] VGC 2026 Reg M-B\n|rated|\n|rule|Species Clause: Limit one of each Pokémon\n|rule|Item Clause: Limit 1 of each item\n|clearpoke\n|poke|p1|Aerodactyl, L50, M|\n|poke|p1|Dragonite, L50, M|\n|poke|p1|Archaludon, L50, F|\n|poke|p1|Politoed, L50, F|\n|poke|p1|Sneasler, L50, F|\n|poke|p1|Sinistcha, L50|\n|poke|p2|Basculegion, L50, M|\n|poke|p2|Clefable, L50, M|\n|poke|p2|Meganium, L50, F|\n|poke|p2|Rotom-Heat, L50|\n|poke|p2|Annihilape, L50, M|\n|poke|p2|Gholdengo, L50|\n|teampreview|4\n|\n|t:|1788289438\n|teamsize|p1|4\n|teamsize|p2|4\n|start\n|switch|p1a: Aerodactyl|Aerodactyl, L50, M|100/100\n|switch|p1b: Dragonite|Dragonite, L50, M|100/100\n|switch|p2a: Annihilape|Annihilape, L50, M|100/100\n|switch|p2b: Gholdengo|Gholdengo, L50|100/100\n|-ability|p1a: Aerodactyl|Unnerve\n|turn|1\n|\n|t:|1788289460\n|detailschange|p1b: Dragonite|Dragonite-Mega, L50, M\n|-mega|p1b: Dragonite|Dragonite|Dragoninite\n|move|p1b: Dragonite|Protect|p1b: Dragonite\n|-singleturn|p1b: Dragonite|Protect\n|move|p2a: Annihilape|Close Combat|p1a: Aerodactyl\n|-damage|p1a: Aerodactyl|10/100\n|-unboost|p2a: Annihilape|def|1\n|-unboost|p2a: Annihilape|spd|1\n|move|p1a: Aerodactyl|Tailwind|p1a: Aerodactyl\n|-sidestart|p1: ASilentDragon|move: Tailwind\n|move|p2b: Gholdengo|Make It Rain|p1b: Dragonite|[spread] p1a\n|-activate|p1b: Dragonite|move: Protect\n|-supereffective|p1a: Aerodactyl|1\n|-damage|p1a: Aerodactyl|0 fnt\n|-unboost|p2b: Gholdengo|spa|2\n|faint|p1a: Aerodactyl\n|-damage|p2b: Gholdengo|90/100|[from] item: Life Orb\n|\n|upkeep\n|\n|t:|1788289471\n|switch|p1a: Politoed|Politoed, L50, F|100/100\n|-weather|RainDance|[from] ability: Drizzle|[of] p1a: Politoed\n|turn|2\n|\n|t:|1788289479\n|switch|p2a: Rotom|Rotom-Heat, L50|100/100\n|switch|p2b: Meganium|Meganium, L50, F|100/100\n|move|p1b: Dragonite|Hurricane|p2a: Rotom\n|-resisted|p2a: Rotom|1\n|-damage|p2a: Rotom|55/100\n|-start|p2a: Rotom|confusion\n|move|p1a: Politoed|Weather Ball|p2b: Meganium\n|-resisted|p2b: Meganium|1\n|-damage|p2b: Meganium|72/100\n|\n|-weather|RainDance|[upkeep]\n|upkeep\n|turn|3\n|inactive|Battle timer is ON: inactive players will automatically lose when time's up. (requested by 777skills)\n|\n|t:|1788289518\n|switch|p1a: Sinistcha|Sinistcha, L50|100/100\n|detailschange|p2b: Meganium|Meganium-Mega, L50, F\n|-mega|p2b: Meganium|Meganium|Meganiumite\n|move|p2b: Meganium|Protect|p2b: Meganium\n|-singleturn|p2b: Meganium|Protect\n|move|p1b: Dragonite|Hurricane|p2b: Meganium\n|-activate|p2b: Meganium|move: Protect\n|-activate|p2a: Rotom|confusion\n|move|p2a: Rotom|Electroweb|p1b: Dragonite|[spread] p1a,p1b\n|-resisted|p1a: Sinistcha|1\n|-damage|p1a: Sinistcha|89/100\n|-damage|p1b: Dragonite|91/100\n|-unboost|p1a: Sinistcha|spe|1\n|-unboost|p1b: Dragonite|spe|1\n|\n|-weather|RainDance|[upkeep]\n|upkeep\n|turn|4\n|\n|t:|1788289537\n|switch|p2b: Gholdengo|Gholdengo, L50|90/100\n|move|p1b: Dragonite|Hurricane|p2b: Gholdengo\n|-resisted|p2b: Gholdengo|1\n|-damage|p2b: Gholdengo|49/100\n|-activate|p2a: Rotom|confusion\n|move|p2a: Rotom|Electroweb|p1a: Sinistcha|[spread] p1a,p1b\n|-resisted|p1a: Sinistcha|1\n|-damage|p1a: Sinistcha|78/100\n|-damage|p1b: Dragonite|75/100\n|-unboost|p1a: Sinistcha|spe|1\n|-unboost|p1b: Dragonite|spe|1\n|move|p1a: Sinistcha|Life Dew|p1a: Sinistcha|[spread] p1a,p1b\n|-heal|p1a: Sinistcha|100/100\n|-heal|p1b: Dragonite|100/100\n|\n|-weather|RainDance|[upkeep]\n|-sideend|p1: ASilentDragon|move: Tailwind\n|upkeep\n|turn|5\n|inactive|ASilentDragon has 30 seconds left.\n|inactive|ASilentDragon has 20 seconds left.\n|inactive|ASilentDragon has 15 seconds left.\n|inactive|ASilentDragon has 10 seconds left.\n|inactive|ASilentDragon has 5 seconds left.\n|\n|t:|1788289593\n|-activate|p2a: Rotom|confusion\n|move|p2a: Rotom|Electroweb|p1a: Sinistcha|[spread] p1a,p1b\n|-resisted|p1a: Sinistcha|1\n|-damage|p1a: Sinistcha|89/100\n|-damage|p1b: Dragonite|92/100\n|-unboost|p1a: Sinistcha|spe|1\n|-unboost|p1b: Dragonite|spe|1\n|move|p2b: Gholdengo|Shadow Ball|p1a: Sinistcha\n|-supereffective|p1a: Sinistcha|1\n|-damage|p1a: Sinistcha|0 fnt\n|faint|p1a: Sinistcha\n|-damage|p2b: Gholdengo|39/100|[from] item: Life Orb\n|move|p1b: Dragonite|Weather Ball|p2a: Rotom\n|-supereffective|p2a: Rotom|1\n|-damage|p2a: Rotom|0 fnt\n|faint|p2a: Rotom\n|\n|-weather|RainDance|[upkeep]\n|upkeep\n|inactive|ASilentDragon has 30 seconds left.\n|inactive|ASilentDragon has 20 seconds left.\n|inactive|ASilentDragon has 15 seconds left.\n|inactive|ASilentDragon has 10 seconds left.\n|inactive|ASilentDragon has 5 seconds left.\n|\n|t:|1788289648\n|switch|p2a: Meganium|Meganium-Mega, L50, F|72/100\n|switch|p1a: Politoed|Politoed, L50, F|100/100\n|turn|6\n|inactive|ASilentDragon has 30 seconds left.\n|inactive|777skills has 30 seconds left.\n|inactive|ASilentDragon has 20 seconds left.\n|inactive|ASilentDragon has 15 seconds left.\n|inactive|ASilentDragon has 10 seconds left.\n|inactive|ASilentDragon has 5 seconds left.\n|\n|t:|1788289703\n|move|p1a: Politoed|Protect|p1a: Politoed\n|-singleturn|p1a: Politoed|Protect\n|move|p2b: Gholdengo|Power Gem|p1b: Dragonite\n|-supereffective|p1b: Dragonite|1\n|-crit|p1b: Dragonite\n|-damage|p1b: Dragonite|0 fnt\n|faint|p1b: Dragonite\n|-damage|p2b: Gholdengo|29/100|[from] item: Life Orb\n|move|p2a: Meganium|Solar Beam||[still]\n|-prepare|p2a: Meganium|Solar Beam\n|-activate|p2a: Meganium|ability: Mega Sol\n|-anim|p2a: Meganium|Solar Beam|p1a: Politoed\n|-activate|p1a: Politoed|move: Protect\n|\n|-weather|none\n|upkeep\n|turn|7\n|inactive|ASilentDragon has 30 seconds left.\n|inactive|777skills has 30 seconds left.\n|inactive|ASilentDragon has 20 seconds left.\n|inactive|777skills has 20 seconds left.\n|inactive|ASilentDragon has 15 seconds left.\n|inactive|777skills has 15 seconds left.\n|inactive|ASilentDragon has 10 seconds left.\n|inactive|777skills has 10 seconds left.\n|inactive|ASilentDragon has 5 seconds left.\n|inactive|777skills has 5 seconds left.\n|\n|t:|1788289758\n|move|p2b: Gholdengo|Protect|p2b: Gholdengo\n|-singleturn|p2b: Gholdengo|Protect\n|move|p2a: Meganium|Protect|p2a: Meganium\n|-singleturn|p2a: Meganium|Protect\n|move|p1a: Politoed|Protect||[still]\n|-fail|p1a: Politoed\n|\n|upkeep\n|turn|8\n|inactive|ASilentDragon has 30 seconds left.\n|inactive|777skills has 30 seconds left.\n|inactive|ASilentDragon has 20 seconds left.\n|inactive|777skills has 20 seconds left.\n|inactive|ASilentDragon has 15 seconds left.\n|inactive|777skills has 15 seconds left.\n|inactive|ASilentDragon has 10 seconds left.\n|inactive|ASilentDragon has 5 seconds left.\n|\n|t:|1788289814\n|move|p1a: Politoed|Protect|p1a: Politoed\n|-singleturn|p1a: Politoed|Protect\n|move|p2b: Gholdengo|Shadow Ball|p1a: Politoed\n|-activate|p1a: Politoed|move: Protect\n|move|p2a: Meganium|Solar Beam||[still]\n|-prepare|p2a: Meganium|Solar Beam\n|-activate|p2a: Meganium|ability: Mega Sol\n|-anim|p2a: Meganium|Solar Beam|p1a: Politoed\n|-activate|p1a: Politoed|move: Protect\n|\n|upkeep\n|turn|9\n|inactive|ASilentDragon has 30 seconds left.\n|inactive|ASilentDragon has 20 seconds left.\n|inactive|ASilentDragon has 15 seconds left.\n|inactive|ASilentDragon has 10 seconds left.\n|inactive|ASilentDragon has 5 seconds left.\n|\n|t:|1788289869\n|move|p1a: Politoed|Protect||[still]\n|-fail|p1a: Politoed\n|move|p2b: Gholdengo|Shadow Ball|p1a: Politoed\n|-damage|p1a: Politoed|61/100\n|-damage|p2b: Gholdengo|19/100|[from] item: Life Orb\n|move|p2a: Meganium|Solar Beam||[still]\n|-prepare|p2a: Meganium|Solar Beam\n|-activate|p2a: Meganium|ability: Mega Sol\n|-anim|p2a: Meganium|Solar Beam|p1a: Politoed\n|-supereffective|p1a: Politoed|1\n|-damage|p1a: Politoed|0 fnt\n|faint|p1a: Politoed\n|\n|win|777skills\n|raw|ASilentDragon's rating: 1176 &rarr; <strong>1146</strong><br />(-30 for losing)\n|raw|777skills's rating: 1112 &rarr; <strong>1142</strong><br />(+30 for winning)\n","uploadtime":1788289936,"views":"0","formatid":"gen9championsvgc2026regmb","rating":1142,"private":0,"password":null}