{"id":"gen9championsvgc2026regmb-2673915217","format":"[Gen 9 Champions] VGC 2026 Reg M-B","players":["leurk","Benjeejump"],"log":"|j|☆leurk\n|j|☆Benjeejump\n|t:|1788276635\n|gametype|doubles\n|player|p1|leurk|sage|1172\n|player|p2|Benjeejump|thorton|1257\n|gen|9\n|tier|[Gen 9 Champions] VGC 2026 Reg M-B\n|rated|\n|rule|Species Clause: Limit one of each Pokémon\n|rule|Item Clause: Limit 1 of each item\n|clearpoke\n|poke|p1|Corviknight, L50, M|\n|poke|p1|Tyranitar, L50, F|\n|poke|p1|Kommo-o, L50, M|\n|poke|p1|Sinistcha, L50|\n|poke|p1|Primarina, L50, F|\n|poke|p1|Houndstone, L50, F|\n|poke|p2|Dragonite, L50, F|\n|poke|p2|Sneasler, L50, F|\n|poke|p2|Kingambit, L50, M|\n|poke|p2|Garchomp, L50, M|\n|poke|p2|Glimmora, L50, M|\n|poke|p2|Whimsicott, L50, M|\n|teampreview|4\n|inactive|Battle timer is ON: inactive players will automatically lose when time's up. (requested by Benjeejump)\n|\n|t:|1788276670\n|teamsize|p1|4\n|teamsize|p2|4\n|start\n|switch|p1a: Corviknight|Corviknight, L50, M|100/100\n|switch|p1b: Kommo-o|Kommo-o, L50, M|100/100\n|switch|p2a: 67|Sneasler, L50, F|100/100\n|switch|p2b: DON CHOMPS|Garchomp, L50, M|100/100\n|turn|1\n|\n|t:|1788276690\n|move|p1b: Kommo-o|Protect|p1b: Kommo-o\n|-singleturn|p1b: Kommo-o|Protect\n|move|p2a: 67|Fake Out|p1a: Corviknight\n|-resisted|p1a: Corviknight|1\n|-damage|p1a: Corviknight|94/100\n|move|p2b: DON CHOMPS|Dragon Claw|p1b: Kommo-o\n|-activate|p1b: Kommo-o|move: Protect\n|cant|p1a: Corviknight|flinch\n|\n|upkeep\n|turn|2\n|\n|t:|1788276713\n|switch|p2a: HENCHMAN|Kingambit, L50, M|100/100\n|switch|p1b: Primarina|Primarina, L50, F|100/100\n|move|p2b: DON CHOMPS|Rock Slide|p1a: Corviknight|[spread] p1a,p1b\n|-damage|p1a: Corviknight|72/100\n|-damage|p1b: Primarina|65/100\n|-damage|p2b: DON CHOMPS|90/100|[from] item: Life Orb\n|move|p1a: Corviknight|Tailwind|p1a: Corviknight\n|-sidestart|p1: leurk|move: Tailwind\n|\n|upkeep\n|turn|3\n|inactive|leurk has 30 seconds left.\n|inactive|Benjeejump has 30 seconds left.\n|\n|t:|1788276744\n|switch|p1a: Kommo-o|Kommo-o, L50, M|100/100\n|move|p2b: DON CHOMPS|Protect|p2b: DON CHOMPS\n|-singleturn|p2b: DON CHOMPS|Protect\n|move|p1b: Primarina|Hyper Voice|p2b: DON CHOMPS|[spread] p2a\n|-activate|p2b: DON CHOMPS|move: Protect\n|-damage|p2a: HENCHMAN|52/100\n|-damage|p1b: Primarina|56/100|[from] item: Life Orb\n|move|p2a: HENCHMAN|Iron Head|p1b: Primarina\n|-damage|p1b: Primarina|2/100\n|\n|upkeep\n|turn|4\n|inactive|leurk has 30 seconds left.\n|inactive|Benjeejump has 30 seconds left.\n|inactive|leurk has 20 seconds left.\n|inactive|Benjeejump has 20 seconds left.\n|inactive|leurk has 15 seconds left.\n|inactive|Benjeejump has 15 seconds left.\n|\n|t:|1788276785\n|switch|p2b: LOTUS|Glimmora, L50, M|100/100\n|switch|p2a: 67|Sneasler, L50, F|100/100\n|move|p1b: Primarina|Protect|p1b: Primarina\n|-singleturn|p1b: Primarina|Protect\n|move|p1a: Kommo-o|Clanging Scales|p2a: 67|[spread] p2a,p2b\n|-damage|p2a: 67|59/100\n|-damage|p2b: LOTUS|60/100\n|-unboost|p1a: Kommo-o|def|1\n|\n|upkeep\n|turn|5\n|inactive|leurk has 30 seconds left.\n|inactive|Benjeejump has 30 seconds left.\n|inactive|Benjeejump has 20 seconds left.\n|\n|t:|1788276823\n|switch|p1b: Corviknight|Corviknight, L50, M|72/100\n|detailschange|p2b: LOTUS|Glimmora-Mega, L50, M\n|-mega|p2b: LOTUS|Glimmora|Glimmoranite\n|move|p2a: 67|Fake Out|p1a: Kommo-o\n|-damage|p1a: Kommo-o|78/100\n|cant|p1a: Kommo-o|flinch\n|move|p2b: LOTUS|Power Gem|p1b: Corviknight\n|-damage|p1b: Corviknight|6/100\n|\n|-heal|p1a: Kommo-o|85/100|[from] item: Leftovers\n|-sideend|p1: leurk|move: Tailwind\n|upkeep\n|turn|6\n|inactive|leurk has 30 seconds left.\n|\n|t:|1788276857\n|move|p1b: Corviknight|Protect|p1b: Corviknight\n|-singleturn|p1b: Corviknight|Protect\n|move|p2a: 67|Close Combat|p1a: Kommo-o\n|-damage|p1a: Kommo-o|0 fnt\n|-unboost|p2a: 67|def|1\n|-unboost|p2a: 67|spd|1\n|faint|p1a: Kommo-o\n|-enditem|p2a: 67|White Herb\n|-clearnegativeboost|p2a: 67|[silent]\n|move|p2b: LOTUS|Power Gem|p1b: Corviknight\n|-activate|p1b: Corviknight|move: Protect\n|\n|upkeep\n|inactive|leurk has 30 seconds left.\n|inactive|leurk has 20 seconds left.\n|inactive|leurk has 15 seconds left.\n|\n|t:|1788276900\n|switch|p1a: Primarina|Primarina, L50, F|2/100\n|turn|7\n|\n|t:|1788276913\n|move|p2a: 67|Dire Claw|p1a: Primarina\n|-supereffective|p1a: Primarina|1\n|-damage|p1a: Primarina|0 fnt\n|faint|p1a: Primarina\n|move|p2b: LOTUS|Power Gem|p1b: Corviknight\n|-damage|p1b: Corviknight|0 fnt\n|faint|p1b: Corviknight\n|\n|upkeep\n|\n|t:|1788276915\n|switch|p1b: Tyranitar|Tyranitar, L50, F|100/100\n|-weather|Sandstorm|[from] ability: Sand Stream|[of] p1b: Tyranitar\n|turn|8\n|\n|t:|1788276925\n|move|p2a: 67|Close Combat|p1b: Tyranitar\n|-supereffective|p1b: Tyranitar|2\n|-damage|p1b: Tyranitar|0 fnt\n|-unboost|p2a: 67|def|1\n|-unboost|p2a: 67|spd|1\n|faint|p1b: Tyranitar\n|\n|win|Benjeejump\n|raw|leurk's rating: 1172 &rarr; <strong>1153</strong><br />(-19 for losing)\n|raw|Benjeejump's rating: 1257 &rarr; <strong>1276</strong><br />(+19 for winning)\n","uploadtime":1788276931,"views":"3","formatid":"gen9championsvgc2026regmb","rating":1153,"private":0,"password":null}