{"id":"gen9championsvgc2026regmbbo3-2673503317","format":"[Gen 9 Champions] VGC 2026 Reg M-B (Bo3)","players":["Frisk Azzy","affableCritter"],"log":"|j|☆Frisk Azzy\n|j|☆affableCritter\n|html|<table width=\"100%\"><tr><td align=\"left\">Frisk Azzy</td><td align=\"right\">affableCritter</tr><tr><td align=\"left\"><i class=\"fa fa-circle-o\"></i> <i class=\"fa fa-circle-o\"></i> </td><td align=\"right\"><i class=\"fa fa-circle-o\"></i> <i class=\"fa fa-circle-o\"></i> </tr></table>\n|uhtml|bestof|<h2><strong>Game 1</strong> of <a href=\"/game-bestof3-gen9championsvgc2026regmbbo3-2673503316\">a best-of-3</a></h2>\n|t:|1788205669\n|gametype|doubles\n|player|p1|Frisk Azzy|riley|\n|player|p2|affableCritter|harlequin|\n|gen|9\n|tier|[Gen 9 Champions] VGC 2026 Reg M-B (Bo3)\n|rule|Species Clause: Limit one of each Pokémon\n|rule|Item Clause: Limit 1 of each item\n|clearpoke\n|poke|p1|Charizard, L50, M, shiny|\n|poke|p1|Venusaur, L50, M|\n|poke|p1|Whimsicott, L50, F|\n|poke|p1|Luxray, L50, M, shiny|\n|poke|p1|Aegislash, L50, M|\n|poke|p1|Garchomp, L50, F, shiny|\n|poke|p2|Raichu, L50, F|\n|poke|p2|Aerodactyl, L50, F|\n|poke|p2|Kingambit, L50, M|\n|poke|p2|Sneasler, L50, M|\n|poke|p2|Basculegion, L50, M|\n|poke|p2|Sylveon, L50, F|\n|teampreview|4\n|showteam|p1|Charizard||CharizarditeY|SolarPower|AirSlash,HeatWave,Protect,SolarBeam|Timid||M|||50|]Venusaur||Venusaurite|Chlorophyll|GigaDrain,Protect,EarthPower,SludgeBomb|Bold||M|||50|]Whimsicott||FocusSash|Prankster|Taunt,Tailwind,WorrySeed,Moonblast|Timid||F|||50|]Luxray||SitrusBerry|Intimidate|WildCharge,Protect,VoltSwitch,Crunch|Sassy||M|||50|]Aegislash||SpellTag|StanceChange|ShadowSneak,KingsShield,WideGuard,IronHead|Brave||M|||50|]Garchomp||LifeOrb|RoughSkin|DragonClaw,RockSlide,Earthquake,Protect|Jolly||F|||50|\n|showteam|p2|Raichu||RaichuniteY|LightningRod|FakeOut,ZapCannon,FocusBlast,Protect|Timid||F|||50|]Aerodactyl||Aerodactylite|Unnerve|RockSlide,DualWingbeat,IceFang,Tailwind|Jolly||F|||50|]Kingambit||FocusSash|Defiant|KowtowCleave,SuckerPunch,SwordsDance,Protect|Adamant||M|||50|]Sneasler||WhiteHerb|Unburden|FakeOut,CloseCombat,DireClaw,Feint|Jolly||M|||50|]Basculegion||MysticWater|Adaptability|AquaJet,WaveCrash,LastRespects,Protect|Adamant||M|||50|]Sylveon||FairyFeather|Pixilate|HyperVoice,QuickAttack,HyperBeam,Detect|Modest||F|||50|\n|inactive|Battle timer is ON: inactive players will automatically lose when time's up. (requested by affableCritter)\n|\n|t:|1788205689\n|teamsize|p1|4\n|teamsize|p2|4\n|start\n|switch|p1a: Dr While|Whimsicott, L50, F|100/100\n|switch|p1b: Bow|Garchomp, L50, F, shiny|100/100\n|switch|p2a: Aerodactyl|Aerodactyl, L50, F|100/100\n|switch|p2b: Sneasler|Sneasler, L50, M|100/100\n|-ability|p2a: Aerodactyl|Unnerve\n|turn|1\n|\n|t:|1788205711\n|switch|p1a: Hexcalibern|Aegislash, L50, M|100/100\n|detailschange|p2a: Aerodactyl|Aerodactyl-Mega, L50, F\n|-mega|p2a: Aerodactyl|Aerodactyl|Aerodactylite\n|move|p1b: Bow|Protect|p1b: Bow\n|-singleturn|p1b: Bow|Protect\n|move|p2b: Sneasler|Feint|p1a: Hexcalibern\n|-immune|p1a: Hexcalibern\n|move|p2a: Aerodactyl|Dual Wingbeat|p1a: Hexcalibern\n|-resisted|p1a: Hexcalibern|1\n|-damage|p1a: Hexcalibern|87/100\n|-resisted|p1a: Hexcalibern|1\n|-damage|p1a: Hexcalibern|75/100\n|-hitcount|p1a: Hexcalibern|2\n|\n|upkeep\n|turn|2\n|inactive|Frisk Azzy has 30 seconds left.\n|inactive|affableCritter has 30 seconds left.\n|inactive|affableCritter has 20 seconds left.\n|inactive|Frisk Azzy has 20 seconds left.\n|\n|t:|1788205754\n|switch|p2b: Kingambit|Kingambit, L50, M|100/100\n|switch|p1b: Dragoniod|Charizard, L50, M, shiny|100/100\n|move|p2a: Aerodactyl|Ice Fang|p1b: Dragoniod\n|-damage|p1b: Dragoniod|53/100\n|-formechange|p1a: Hexcalibern|Aegislash-Blade|\n|move|p1a: Hexcalibern|Iron Head|p2a: Aerodactyl\n|-supereffective|p2a: Aerodactyl|1\n|-damage|p2a: Aerodactyl|0 fnt\n|faint|p2a: Aerodactyl\n|\n|upkeep\n|\n|t:|1788205766\n|switch|p2a: Sylveon|Sylveon, L50, F|100/100\n|turn|3\n|\n|t:|1788205773\n|detailschange|p1b: Dragoniod|Charizard-Mega-Y, L50, M, shiny\n|-mega|p1b: Dragoniod|Charizard|Charizardite Y\n|-weather|SunnyDay|[from] ability: Drought|[of] p1b: Dragoniod\n|move|p2a: Sylveon|Detect|p2a: Sylveon\n|-singleturn|p2a: Sylveon|Protect\n|move|p1a: Hexcalibern|Wide Guard|p1a: Hexcalibern\n|-singleturn|p1a: Hexcalibern|Wide Guard\n|move|p2b: Kingambit|Sucker Punch|p1b: Dragoniod\n|-damage|p1b: Dragoniod|1/100\n|move|p1b: Dragoniod|Heat Wave|p2a: Sylveon|[spread] p2b\n|-activate|p2a: Sylveon|move: Protect\n|-supereffective|p2b: Kingambit|1\n|-enditem|p2b: Kingambit|Focus Sash\n|-damage|p2b: Kingambit|1/100\n|\n|-weather|SunnyDay|[upkeep]\n|upkeep\n|turn|4\n|\n|t:|1788205794\n|move|p1b: Dragoniod|Protect|p1b: Dragoniod\n|-singleturn|p1b: Dragoniod|Protect\n|move|p2a: Sylveon|Quick Attack|p1b: Dragoniod\n|-activate|p1b: Dragoniod|move: Protect\n|move|p1a: Hexcalibern|Shadow Sneak|p2b: Kingambit\n|-resisted|p2b: Kingambit|1\n|-damage|p2b: Kingambit|0 fnt\n|faint|p2b: Kingambit\n|\n|-weather|SunnyDay|[upkeep]\n|upkeep\n|\n|t:|1788205802\n|switch|p2b: Sneasler|Sneasler, L50, M|100/100\n|turn|5\n|\n|t:|1788205819\n|move|p2b: Sneasler|Fake Out|p1b: Dragoniod\n|-damage|p1b: Dragoniod|0 fnt\n|faint|p1b: Dragoniod\n|move|p1a: Hexcalibern|Wide Guard|p1a: Hexcalibern\n|-singleturn|p1a: Hexcalibern|Wide Guard\n|move|p2a: Sylveon|Hyper Beam|p1a: Hexcalibern\n|-resisted|p1a: Hexcalibern|1\n|-damage|p1a: Hexcalibern|0 fnt\n|-mustrecharge|p2a: Sylveon\n|faint|p1a: Hexcalibern\n|\n|-weather|SunnyDay|[upkeep]\n|upkeep\n|\n|t:|1788205831\n|switch|p1b: Bow|Garchomp, L50, F, shiny|100/100\n|switch|p1a: Dr While|Whimsicott, L50, F|100/100\n|turn|6\n|\n|t:|1788205843\n|move|p1a: Dr While|Tailwind|p1a: Dr While\n|-sidestart|p1: Frisk Azzy|move: Tailwind\n|move|p1b: Bow|Earthquake|p2a: Sylveon|[spread] p1a,p2a,p2b\n|-resisted|p1a: Dr While|1\n|-supereffective|p2b: Sneasler|1\n|-damage|p1a: Dr While|66/100\n|-damage|p2a: Sylveon|45/100\n|-damage|p2b: Sneasler|0 fnt\n|faint|p2b: Sneasler\n|-damage|p1b: Bow|90/100|[from] item: Life Orb\n|cant|p2a: Sylveon|recharge\n|\n|-weather|SunnyDay|[upkeep]\n|upkeep\n|turn|7\n|\n|t:|1788205861\n|move|p1a: Dr While|Worry Seed|p2a: Sylveon\n|-ability|p2a: Sylveon|Insomnia|Pixilate|[from] move: Worry Seed\n|move|p1b: Bow|Earthquake|p2a: Sylveon|[spread] p1a,p2a\n|-resisted|p1a: Dr While|1\n|-damage|p1a: Dr While|30/100\n|-damage|p2a: Sylveon|0 fnt\n|faint|p2a: Sylveon\n|-damage|p1b: Bow|80/100|[from] item: Life Orb\n|\n|win|Frisk Azzy\n||affableCritter is ready for game 2.\n|inactive|Frisk Azzy has 30 seconds to confirm battle start!\n|l|☆affableCritter\n|player|p2|\n","uploadtime":1788205876,"views":"2","formatid":"gen9championsvgc2026regmbbo3","rating":null,"private":0,"password":null}