{"id":"gen9championsvgc2026regmbbo3-2674253610","format":"[Gen 9 Champions] VGC 2026 Reg M-B (Bo3)","players":["bronzongbroomsvgc","we all love urshf"],"log":"|j|☆bronzongbroomsvgc\n|j|☆we all love urshf\n|html|<table width=\"100%\"><tr><td align=\"left\">bronzongbroomsvgc</td><td align=\"right\">we all love urshf</tr><tr><td align=\"left\"><i class=\"fa fa-circle-o\"></i> <i class=\"fa fa-circle-o\"></i> </td><td align=\"right\"><i class=\"fa fa-circle-o\"></i> <i class=\"fa fa-circle-o\"></i> </tr></table>\n|uhtml|bestof|<h2><strong>Game 1</strong> of <a href=\"/game-bestof3-gen9championsvgc2026regmbbo3-2674253609\">a best-of-3</a></h2>\n|t:|1788324107\n|gametype|doubles\n|player|p1|bronzongbroomsvgc|1|1194\n|player|p2|we all love urshf|ingo|1305\n|gen|9\n|tier|[Gen 9 Champions] VGC 2026 Reg M-B (Bo3)\n|rated|\n|rule|Species Clause: Limit one of each Pokémon\n|rule|Item Clause: Limit 1 of each item\n|clearpoke\n|poke|p1|Charizard, L50, F|\n|poke|p1|Garchomp, L50, F|\n|poke|p1|Basculegion, L50, M|\n|poke|p1|Whimsicott, L50, F|\n|poke|p1|Floette-Eternal, L50, F|\n|poke|p1|Kingambit, L50, F|\n|poke|p2|Charizard, L50, F|\n|poke|p2|Venusaur, L50, F|\n|poke|p2|Toxapex, L50, F|\n|poke|p2|Hydreigon, L50, M|\n|poke|p2|Metagross, L50|\n|poke|p2|Incineroar, L50, M|\n|teampreview|4\n|showteam|p1|Charizard||CharizarditeY|Blaze|HeatWave,AncientPower,WeatherBall,Protect|Timid||F|||50|]Garchomp||SitrusBerry|RoughSkin|DragonClaw,RockSlide,Earthquake,Protect|Jolly||F|||50|]Basculegion||LifeOrb|Adaptability|WaveCrash,AquaJet,LastRespects,Protect|Adamant||M|||50|]Whimsicott||FocusSash|Prankster|Moonblast,Encore,Tailwind,Protect|Timid||F|||50|]Floette-Eternal||Floettite|FlowerVeil|Moonblast,DazzlingGleam,LightofRuin,Protect|Modest||F|||50|]Kingambit||OccaBerry|Defiant|KowtowCleave,SuckerPunch,IronHead,LowKick|Adamant||F|||50|\n|showteam|p2|Charizard||CharizarditeY|Blaze|HeatWave,WeatherBall,AncientPower,Protect|Timid||F|||50|]Venusaur||FocusSash|Chlorophyll|LeafStorm,SludgeBomb,SleepPowder,Protect|Modest||F|||50|]Toxapex||Leftovers|Regenerator|Toxic,Infestation,WideGuard,BanefulBunker|Bold||F|||50|]Hydreigon||ChoiceScarf|Levitate|DarkPulse,Snarl,DracoMeteor,HeatWave|Modest||M|||50|]Metagross||Metagrossite|ClearBody|IronHead,PsychicFangs,IcePunch,Protect|Jolly|||||50|]Incineroar||SitrusBerry|Intimidate|FakeOut,PartingShot,FlareBlitz,ThroatChop|Impish||M|||50|\n|inactive|Battle timer is ON: inactive players will automatically lose when time's up. (requested by we all love urshf)\n|inactive|bronzongbroomsvgc has 60 seconds left.\n|\n|t:|1788324141\n|teamsize|p1|4\n|teamsize|p2|4\n|start\n|switch|p1a: Garchomp|Garchomp, L50, F|100/100\n|switch|p1b: Whimsicott|Whimsicott, L50, F|100/100\n|switch|p2a: Charizard|Charizard, L50, F|100/100\n|switch|p2b: Hydreigon|Hydreigon, L50, M|100/100\n|turn|1\n|inactive|bronzongbroomsvgc has 30 seconds left.\n|inactive|we all love urshf has 30 seconds left.\n|inactive|bronzongbroomsvgc has 20 seconds left.\n|\n|t:|1788324176\n|switch|p2b: Incineroar|Incineroar, L50, M|100/100\n|-ability|p2b: Incineroar|Intimidate|boost\n|-unboost|p1a: Garchomp|atk|1\n|-unboost|p1b: Whimsicott|atk|1\n|detailschange|p2a: Charizard|Charizard-Mega-Y, L50, F\n|-mega|p2a: Charizard|Charizard|Charizardite Y\n|-weather|SunnyDay|[from] ability: Drought|[of] p2a: Charizard\n|move|p1a: Garchomp|Protect|p1a: Garchomp\n|-singleturn|p1a: Garchomp|Protect\n|move|p1b: Whimsicott|Moonblast|p2b: Incineroar\n|-damage|p2b: Incineroar|70/100\n|move|p2a: Charizard|Heat Wave|p1a: Garchomp|[spread] p1b\n|-activate|p1a: Garchomp|move: Protect\n|-supereffective|p1b: Whimsicott|1\n|-enditem|p1b: Whimsicott|Focus Sash\n|-damage|p1b: Whimsicott|1/100\n|\n|-weather|SunnyDay|[upkeep]\n|upkeep\n|turn|2\n|inactive|we all love urshf has 30 seconds left.\n|\n|t:|1788324202\n|move|p1b: Whimsicott|Protect|p1b: Whimsicott\n|-singleturn|p1b: Whimsicott|Protect\n|move|p2b: Incineroar|Fake Out|p1b: Whimsicott\n|-activate|p1b: Whimsicott|move: Protect\n|move|p1a: Garchomp|Rock Slide|p2a: Charizard|[spread] p2a,p2b\n|-supereffective|p2a: Charizard|2\n|-supereffective|p2b: Incineroar|1\n|-damage|p2a: Charizard|43/100\n|-damage|p2b: Incineroar|50/100g\n|cant|p2a: Charizard|flinch\n|\n|-weather|SunnyDay|[upkeep]\n|upkeep\n|turn|3\n|\n|t:|1788324224\n|switch|p2a: Toxapex|Toxapex, L50, F|100/100\n|move|p1b: Whimsicott|Moonblast|p2b: Incineroar\n|-damage|p2b: Incineroar|17/100\n|-enditem|p2b: Incineroar|Sitrus Berry|[eat]\n|-heal|p2b: Incineroar|42/100|[from] item: Sitrus Berry\n|move|p1a: Garchomp|Rock Slide|p2a: Toxapex|[spread] p2a,p2b\n|-supereffective|p2b: Incineroar|1\n|-damage|p2a: Toxapex|92/100\n|-damage|p2b: Incineroar|22/100\n|cant|p2b: Incineroar|flinch\n|\n|-weather|SunnyDay|[upkeep]\n|-heal|p2a: Toxapex|98/100|[from] item: Leftovers\n|upkeep\n|turn|4\n|inactive|bronzongbroomsvgc has 30 seconds left.\n|inactive|bronzongbroomsvgc has 20 seconds left.\n|inactive|bronzongbroomsvgc has 15 seconds left.\n|inactive|bronzongbroomsvgc has 10 seconds left.\n|\n|t:|1788324273\n|move|p1b: Whimsicott|Protect|p1b: Whimsicott\n|-singleturn|p1b: Whimsicott|Protect\n|move|p1a: Garchomp|Dragon Claw|p2b: Incineroar\n|-damage|p2b: Incineroar|3/100\n|move|p2b: Incineroar|Throat Chop|p1b: Whimsicott\n|-activate|p1b: Whimsicott|move: Protect\n|move|p2a: Toxapex|Infestation|p1a: Garchomp\n|-damage|p1a: Garchomp|96/100\n|-activate|p1a: Garchomp|move: Infestation|[of] p2a: Toxapex\n|-damage|p2a: Toxapex|86/100|[from] ability: Rough Skin|[of] p1a: Garchomp\n|\n|-weather|SunnyDay|[upkeep]\n|-heal|p2a: Toxapex|92/100|[from] item: Leftovers\n|-damage|p1a: Garchomp|84/100|[from] move: Infestation|[partiallytrapped]\n|upkeep\n|turn|5\n|inactive|bronzongbroomsvgc has 30 seconds left.\n|inactive|we all love urshf has 30 seconds left.\n|inactive|bronzongbroomsvgc has 20 seconds left.\n|\n|t:|1788324311\n|switch|p1b: Charizard|Charizard, L50, F|100/100\n|move|p1a: Garchomp|Dragon Claw|p2b: Incineroar\n|-damage|p2b: Incineroar|0 fnt\n|faint|p2b: Incineroar\n|move|p2a: Toxapex|Toxic|p1a: Garchomp\n|-status|p1a: Garchomp|tox\n|\n|-weather|none\n|-heal|p2a: Toxapex|98/100|[from] item: Leftovers\n|-damage|p1a: Garchomp|78/100 tox|[from] psn\n|-damage|p1a: Garchomp|66/100 tox|[from] move: Infestation|[partiallytrapped]\n|upkeep\n|\n|t:|1788324319\n|switch|p2b: Hydreigon|Hydreigon, L50, M|100/100\n|turn|6\n|\n|t:|1788324334\n|detailschange|p1b: Charizard|Charizard-Mega-Y, L50, F\n|-mega|p1b: Charizard|Charizard|Charizardite Y\n|-weather|SunnyDay|[from] ability: Drought|[of] p1b: Charizard\n|move|p2b: Hydreigon|Draco Meteor|p1a: Garchomp\n|-supereffective|p1a: Garchomp|1\n|-damage|p1a: Garchomp|0 fnt\n|-unboost|p2b: Hydreigon|spa|2\n|faint|p1a: Garchomp\n|move|p1b: Charizard|Ancient Power|p2b: Hydreigon\n|-damage|p2b: Hydreigon|76/100\n|move|p2a: Toxapex|Infestation|p1b: Charizard\n|-resisted|p1b: Charizard|2\n|-damage|p1b: Charizard|99/100\n|-activate|p1b: Charizard|move: Infestation|[of] p2a: Toxapex\n|\n|-weather|SunnyDay|[upkeep]\n|-heal|p2a: Toxapex|100/100|[from] item: Leftovers\n|-damage|p1b: Charizard|87/100|[from] move: Infestation|[partiallytrapped]\n|upkeep\n|\n|t:|1788324346\n|switch|p1a: Whimsicott|Whimsicott, L50, F|1/100\n|turn|7\n|\n|t:|1788324359\n|move|p1a: Whimsicott|Tailwind|p1a: Whimsicott\n|-sidestart|p1: bronzongbroomsvgc|move: Tailwind\n|move|p1b: Charizard|Ancient Power|p2b: Hydreigon\n|-damage|p2b: Hydreigon|49/100\n|move|p2b: Hydreigon|Draco Meteor|p1b: Charizard\n|-damage|p1b: Charizard|49/100\n|-unboost|p2b: Hydreigon|spa|2\n|move|p2a: Toxapex|Infestation|p1a: Whimsicott\n|-damage|p1a: Whimsicott|0 fnt\n|faint|p1a: Whimsicott\n|\n|-weather|SunnyDay|[upkeep]\n|-damage|p1b: Charizard|36/100|[from] move: Infestation|[partiallytrapped]\n|upkeep\n|\n|t:|1788324368\n|switch|p1a: Basculegion|Basculegion, L50, M|100/100\n|turn|8\n|\n|t:|1788324380\n|move|p1b: Charizard|Weather Ball|p2a: Toxapex\n|-resisted|p2a: Toxapex|1\n|-damage|p2a: Toxapex|65/100\n|move|p1a: Basculegion|Last Respects|p2a: Toxapex\n|-damage|p2a: Toxapex|0 fnt\n|faint|p2a: Toxapex\n|-damage|p1a: Basculegion|90/100|[from] item: Life Orb\n|move|p2b: Hydreigon|Draco Meteor|p1b: Charizard\n|-damage|p1b: Charizard|13/100\n|-unboost|p2b: Hydreigon|spa|2\n|\n|-weather|SunnyDay|[upkeep]\n|-end|p1b: Charizard|Infestation|[partiallytrapped]|[silent]\n|upkeep\n|\n|t:|1788324391\n|switch|p2a: Charizard|Charizard-Mega-Y, L50, F|43/100\n|turn|9\n|\n|t:|1788324401\n|move|p2a: Charizard|Protect|p2a: Charizard\n|-singleturn|p2a: Charizard|Protect\n|move|p1b: Charizard|Weather Ball|p2b: Hydreigon\n|-resisted|p2b: Hydreigon|1\n|-damage|p2b: Hydreigon|4/100\n|move|p1a: Basculegion|Last Respects|p2a: Charizard\n|-activate|p2a: Charizard|move: Protect\n|move|p2b: Hydreigon|Draco Meteor|p1b: Charizard\n|-damage|p1b: Charizard|0 fnt\n|faint|p1b: Charizard\n|\n|-weather|SunnyDay|[upkeep]\n|upkeep\n|turn|10\n|\n|t:|1788324408\n|move|p2a: Charizard|Protect||[still]\n|-fail|p2a: Charizard\n|move|p1a: Basculegion|Last Respects|p2a: Charizard\n|-damage|p2a: Charizard|0 fnt\n|faint|p2a: Charizard\n|-damage|p1a: Basculegion|80/100|[from] item: Life Orb\n|move|p2b: Hydreigon|Draco Meteor|p1a: Basculegion|[miss]\n|-miss|p2b: Hydreigon|p1a: Basculegion\n|\n|-weather|none\n|-sideend|p1: bronzongbroomsvgc|move: Tailwind\n|upkeep\n|turn|11\n|-message|we all love urshf forfeited.\n|\n|win|bronzongbroomsvgc\n|l|☆we all love urshf\n|player|p2|\n||we all love urshf is ready for game 2.\n||bronzongbroomsvgc is ready for game 2.\n|uhtml|next|Next: <a href=\"/battle-gen9championsvgc2026regmbbo3-2674255037\"><strong>Game 2 of 3</strong></a>\n","uploadtime":1788324647,"views":"2","formatid":"gen9championsvgc2026regmbbo3","rating":null,"private":0,"password":null}