{"id":"gen9championsvgc2026regmb-2674994592","format":"[Gen 9 Champions] VGC 2026 Reg M-B","players":["Aimraku","melon storme"],"log":"|j|☆Aimraku\n|j|☆melon storme\n|t:|1788446503\n|gametype|doubles\n|player|p1|Aimraku|1|1123\n|player|p2|melon storme|kieran-masters|1207\n|gen|9\n|tier|[Gen 9 Champions] VGC 2026 Reg M-B\n|rated|\n|rule|Species Clause: Limit one of each Pokémon\n|rule|Item Clause: Limit 1 of each item\n|clearpoke\n|poke|p1|Staraptor, L50, M|\n|poke|p1|Whimsicott, L50, M|\n|poke|p1|Incineroar, L50, F|\n|poke|p1|Kingambit, L50, F|\n|poke|p1|Garchomp, L50, M|\n|poke|p1|Hatterene, L50, F|\n|poke|p2|Lucario, L50, M|\n|poke|p2|Gardevoir, L50, F|\n|poke|p2|Whimsicott, L50, F|\n|poke|p2|Farigiraf, L50, M|\n|poke|p2|Torterra, L50, M|\n|poke|p2|Aegislash, L50, F|\n|teampreview|4\nAimraku rejected open team sheets.\n|inactive|Battle timer is ON: inactive players will automatically lose when time's up. (requested by Aimraku)\n|\n|t:|1788446539\n|teamsize|p1|4\n|teamsize|p2|4\n|start\n|switch|p1a: Staraptor|Staraptor, L50, M|100/100\n|switch|p1b: Hatterene|Hatterene, L50, F|100/100\n|switch|p2a: Whimsicott|Whimsicott, L50, F|100/100\n|switch|p2b: Gardevoir|Gardevoir, L50, F|100/100\n|-ability|p1a: Staraptor|Intimidate|boost\n|-unboost|p2a: Whimsicott|atk|1\n|-unboost|p2b: Gardevoir|atk|1\n|-ability|p2b: Gardevoir|Intimidate|Trace|[from] ability: Trace|[of] p1a: Staraptor\n|-ability|p2b: Gardevoir|Intimidate|boost\n|-unboost|p1a: Staraptor|atk|1\n|-unboost|p1b: Hatterene|atk|1\n|turn|1\n|inactive|Aimraku has 30 seconds left.\n|\n|t:|1788446565\n|detailschange|p1a: Staraptor|Staraptor-Mega, L50, M\n|-mega|p1a: Staraptor|Staraptor|Staraptite\n|detailschange|p2b: Gardevoir|Gardevoir-Mega, L50, F\n|-mega|p2b: Gardevoir|Gardevoir|Gardevoirite\n|move|p2a: Whimsicott|Round|p1b: Hatterene\n|-damage|p1b: Hatterene|84/100\n|move|p2b: Gardevoir|Round|p1b: Hatterene|[from] move: Round\n|-damage|p1b: Hatterene|0 fnt\n|faint|p1b: Hatterene\n|move|p1a: Staraptor|Close Combat|p2a: Whimsicott\n|-resisted|p2a: Whimsicott|1\n|-damage|p2a: Whimsicott|66/100\n|-boost|p1a: Staraptor|def|1\n|-boost|p1a: Staraptor|spd|1\n|\n|upkeep\n|\n|t:|1788446581\n|switch|p1b: Incineroar|Incineroar, L50, F|100/100\n|-ability|p1b: Incineroar|Intimidate|boost\n|-unboost|p2a: Whimsicott|atk|1\n|-unboost|p2b: Gardevoir|atk|1\n|turn|2\n|\n|t:|1788446596\n|move|p2a: Whimsicott|Protect|p2a: Whimsicott\n|-singleturn|p2a: Whimsicott|Protect\n|move|p2b: Gardevoir|Protect|p2b: Gardevoir\n|-singleturn|p2b: Gardevoir|Protect\n|move|p1b: Incineroar|Fake Out|p2b: Gardevoir\n|-activate|p2b: Gardevoir|move: Protect\n|move|p1a: Staraptor|Brave Bird|p2a: Whimsicott\n|-activate|p2a: Whimsicott|move: Protect\n|\n|upkeep\n|turn|3\n|\n|t:|1788446614\n|move|p1a: Staraptor|Protect|p1a: Staraptor\n|-singleturn|p1a: Staraptor|Protect\n|move|p2a: Whimsicott|Tailwind|p2a: Whimsicott\n|-sidestart|p2: melon storme|move: Tailwind\n|move|p2b: Gardevoir|Hyper Voice|p1b: Incineroar|[spread] p1b\n|-activate|p1a: Staraptor|move: Protect\n|-damage|p1b: Incineroar|59/100\n|move|p1b: Incineroar|Snarl|p2a: Whimsicott|[spread] p2a,p2b\n|-resisted|p2a: Whimsicott|1\n|-damage|p2a: Whimsicott|57/100\n|-damage|p2b: Gardevoir|89/100\n|-unboost|p2a: Whimsicott|spa|1\n|-unboost|p2b: Gardevoir|spa|1\n|\n|upkeep\n|turn|4\n|inactive|Aimraku has 30 seconds left.\n|\n|t:|1788446640\n|move|p2a: Whimsicott|Round|p1a: Staraptor\n|-damage|p1a: Staraptor|91/100\n|move|p2b: Gardevoir|Round|p1a: Staraptor|[from] move: Round\n|-supereffective|p1a: Staraptor|1\n|-damage|p1a: Staraptor|0 fnt\n|faint|p1a: Staraptor\n|move|p1b: Incineroar|Snarl|p2a: Whimsicott|[spread] p2a\n|-miss|p1b: Incineroar|p2b: Gardevoir\n|-resisted|p2a: Whimsicott|1\n|-damage|p2a: Whimsicott|48/100\n|-unboost|p2a: Whimsicott|spa|1\n|\n|upkeep\n|\n|t:|1788446651\n|switch|p1a: Garchomp|Garchomp, L50, M|100/100\n|turn|5\n|\n|t:|1788446668\n|move|p2a: Whimsicott|Round|p1b: Incineroar\n|-damage|p1b: Incineroar|52/100\n|move|p2b: Gardevoir|Hyper Voice|p1b: Incineroar|[spread] p1a,p1b\n|-supereffective|p1a: Garchomp|1\n|-damage|p1a: Garchomp|21/100\n|-damage|p1b: Incineroar|24/100\n|move|p1a: Garchomp|Rock Slide|p2a: Whimsicott|[spread] p2b\n|-miss|p1a: Garchomp|p2a: Whimsicott\n|-damage|p2b: Gardevoir|54/100\n|-damage|p1a: Garchomp|11/100|[from] item: Life Orb\n|move|p1b: Incineroar|Flare Blitz|p2a: Whimsicott\n|-supereffective|p2a: Whimsicott|1\n|-damage|p2a: Whimsicott|0 fnt\n|faint|p2a: Whimsicott\n|-damage|p1b: Incineroar|13/100|[from] Recoil\n|\n|upkeep\n|\n|t:|1788446675\n|switch|p2a: Torterra|Torterra, L50, M|100/100\n|turn|6\n|\n|t:|1788446689\n|move|p2b: Gardevoir|Hyper Voice|p1b: Incineroar|[spread] p1a,p1b\n|-supereffective|p1a: Garchomp|1\n|-crit|p1b: Incineroar\n|-damage|p1a: Garchomp|0 fnt\n|-damage|p1b: Incineroar|0 fnt\n|faint|p1a: Garchomp\n|faint|p1b: Incineroar\n|\n|win|melon storme\n|raw|Aimraku's rating: 1123 &rarr; <strong>1104</strong><br />(-19 for losing)\n|raw|melon storme's rating: 1207 &rarr; <strong>1226</strong><br />(+19 for winning)\n|l|☆Aimraku\n|player|p1|\n","uploadtime":1788446708,"views":"7","formatid":"gen9championsvgc2026regmb","rating":1104,"private":0,"password":null}