{"id":"gen9championsvgc2026regmb-2674251385","format":"[Gen 9 Champions] VGC 2026 Reg M-B","players":["Thornlace48812","ertrhdgumnryu"],"log":"|j|☆Thornlace48812\n|j|☆ertrhdgumnryu\n|t:|1788323631\n|gametype|doubles\n|player|p1|Thornlace48812|1|1120\n|player|p2|ertrhdgumnryu|169|1231\n|gen|9\n|tier|[Gen 9 Champions] VGC 2026 Reg M-B\n|rated|\n|rule|Species Clause: Limit one of each Pokémon\n|rule|Item Clause: Limit 1 of each item\n|clearpoke\n|poke|p1|Garchomp, L50, F|\n|poke|p1|Charizard, L50, M|\n|poke|p1|Whimsicott, L50, F|\n|poke|p1|Sylveon, L50, M|\n|poke|p1|Kingambit, L50, F|\n|poke|p1|Basculegion, L50, M|\n|poke|p2|Staraptor, L50, M|\n|poke|p2|Raichu, L50, F|\n|poke|p2|Sylveon, L50, M|\n|poke|p2|Farigiraf, L50, M|\n|poke|p2|Arcanine-Hisui, L50, M|\n|poke|p2|Kingambit, L50, F|\n|teampreview|4\n|inactive|Battle timer is ON: inactive players will automatically lose when time's up. (requested by Thornlace48812)\nThornlace48812 rejected open team sheets.\n|\n|t:|1788323642\n|teamsize|p1|4\n|teamsize|p2|4\n|start\n|switch|p1a: Charizard|Charizard, L50, M|100/100\n|switch|p1b: Whimsicott|Whimsicott, L50, F|100/100\n|switch|p2a: Staraptor|Staraptor, L50, M|100/100\n|switch|p2b: Farigiraf|Farigiraf, L50, M|100/100\n|-ability|p2a: Staraptor|Intimidate|boost\n|-unboost|p1a: Charizard|atk|1\n|-unboost|p1b: Whimsicott|atk|1\n|turn|1\n|\n|t:|1788323658\n|detailschange|p2a: Staraptor|Staraptor-Mega, L50, M\n|-mega|p2a: Staraptor|Staraptor|Staraptite\n|detailschange|p1a: Charizard|Charizard-Mega-Y, L50, M\n|-mega|p1a: Charizard|Charizard|Charizardite Y\n|-weather|SunnyDay|[from] ability: Drought|[of] p1a: Charizard\n|move|p2b: Farigiraf|Helping Hand|p2a: Staraptor\n|-singleturn|p2a: Staraptor|Helping Hand|[of] p2b: Farigiraf\n|move|p1b: Whimsicott|Moonblast|p2a: Staraptor\n|-supereffective|p2a: Staraptor|1\n|-damage|p2a: Staraptor|20/100y\n|move|p2a: Staraptor|Dual Wingbeat|p1b: Whimsicott\n|-supereffective|p1b: Whimsicott|1\n|-enditem|p1b: Whimsicott|Focus Sash\n|-damage|p1b: Whimsicott|1/100\n|-supereffective|p1b: Whimsicott|1\n|-damage|p1b: Whimsicott|0 fnt\n|faint|p1b: Whimsicott\n|-hitcount|p1: Whimsicott|2\n|move|p1a: Charizard|Heat Wave|p2b: Farigiraf|[spread] p2a\n|-miss|p1a: Charizard|p2b: Farigiraf\n|-damage|p2a: Staraptor|0 fnt\n|faint|p2a: Staraptor\n|\n|-weather|SunnyDay|[upkeep]\n|upkeep\n|\n|t:|1788323677\n|switch|p1b: Basculegion|Basculegion, L50, M|100/100\n|switch|p2a: Arcanine|Arcanine-Hisui, L50, M|100/100\n|turn|2\n|\n|t:|1788323682\n|move|p2a: Arcanine|Protect|p2a: Arcanine\n|-singleturn|p2a: Arcanine|Protect\n|move|p1a: Charizard|Heat Wave|p2a: Arcanine|[spread] p2b\n|-activate|p2a: Arcanine|move: Protect\n|-damage|p2b: Farigiraf|35/100\n|-enditem|p2b: Farigiraf|Sitrus Berry|[eat]\n|-heal|p2b: Farigiraf|60/100|[from] item: Sitrus Berry\n|move|p1b: Basculegion|Last Respects|p2a: Arcanine\n|-activate|p2a: Arcanine|move: Protect\n|move|p2b: Farigiraf|Trick Room|p2b: Farigiraf\n|-fieldstart|move: Trick Room|[of] p2b: Farigiraf\n|\n|-weather|SunnyDay|[upkeep]\n|upkeep\n|turn|3\n|\n|t:|1788323697\n|move|p1a: Charizard|Protect|p1a: Charizard\n|-singleturn|p1a: Charizard|Protect\n|move|p2b: Farigiraf|Thunderbolt|p1b: Basculegion\n|-supereffective|p1b: Basculegion|1\n|-damage|p1b: Basculegion|52/100\n|move|p1b: Basculegion|Last Respects|p2a: Arcanine\n|-damage|p2a: Arcanine|20/100r\n|move|p2a: Arcanine|Head Smash|p1a: Charizard\n|-activate|p1a: Charizard|move: Protect\n|\n|-weather|SunnyDay|[upkeep]\n|upkeep\n|turn|4\n|\n|t:|1788323708\n|move|p1b: Basculegion|Protect|p1b: Basculegion\n|-singleturn|p1b: Basculegion|Protect\n|move|p1a: Charizard|Protect|p1a: Charizard\n|-singleturn|p1a: Charizard|Protect\n|move|p2b: Farigiraf|Thunderbolt|p1b: Basculegion\n|-activate|p1b: Basculegion|move: Protect\n|move|p2a: Arcanine|Head Smash|p1a: Charizard\n|-activate|p1a: Charizard|move: Protect\n|\n|-weather|SunnyDay|[upkeep]\n|upkeep\n|turn|5\n|\n|t:|1788323716\n|move|p1b: Basculegion|Aqua Jet||[still]\n|cant|p2b: Farigiraf|ability: Armor Tail|Aqua Jet|[of] p1b: Basculegion\n|move|p2b: Farigiraf|Thunderbolt|p1b: Basculegion\n|-supereffective|p1b: Basculegion|1\n|-damage|p1b: Basculegion|0 fnt\n|faint|p1b: Basculegion\n|move|p2a: Arcanine|Head Smash|p1a: Charizard\n|-supereffective|p1a: Charizard|2\n|-damage|p1a: Charizard|0 fnt\n|faint|p1a: Charizard\n|\n|-weather|none\n|upkeep\n|\n|t:|1788323716\n|switch|p1b: Sylveon|Sylveon, L50, M|100/100\n|turn|6\n|inactive|ertrhdgumnryu has 30 seconds left.\n|\n|t:|1788323746\n|move|p2b: Farigiraf|Psychic|p1b: Sylveon\n|-damage|p1b: Sylveon|75/100\n|move|p1b: Sylveon|Hyper Beam|p2a: Arcanine\n|-resisted|p2a: Arcanine|1\n|-damage|p2a: Arcanine|0 fnt\n|-mustrecharge|p1b: Sylveon\n|faint|p2a: Arcanine\n|\n|-fieldend|move: Trick Room\n|upkeep\n|\n|t:|1788323752\n|switch|p2a: Sylveon|Sylveon, L50, M|100/100\n|turn|7\n|\n|t:|1788323761\n|cant|p1b: Sylveon|recharge\n|move|p2a: Sylveon|Hyper Voice|p1b: Sylveon\n|-damage|p1b: Sylveon|27/100\n|move|p2b: Farigiraf|Psychic|p1b: Sylveon\n|-damage|p1b: Sylveon|3/100\n|\n|upkeep\n|turn|8\n|\n|t:|1788323768\n|move|p1b: Sylveon|Hyper Voice|p2b: Farigiraf|[spread] p2a,p2b\n|-damage|p2a: Sylveon|65/100\n|-damage|p2b: Farigiraf|16/100\n|move|p2a: Sylveon|Hyper Voice|p1b: Sylveon\n|-damage|p1b: Sylveon|0 fnt\n|faint|p1b: Sylveon\n|\n|win|ertrhdgumnryu\n|raw|Thornlace48812's rating: 1154 &rarr; <strong>1134</strong><br />(-20 for losing)\n|raw|ertrhdgumnryu's rating: 1231 &rarr; <strong>1251</strong><br />(+20 for winning)\n","uploadtime":1788323769,"views":"0","formatid":"gen9championsvgc2026regmb","rating":1134,"private":0,"password":null}