{"id":"gen9championsvgc2026regmb-2674569297","format":"[Gen 9 Champions] VGC 2026 Reg M-B","players":["jellow69","MIILANZ"],"log":"|j|☆jellow69\n|j|☆MIILANZ\n|t:|1788375036\n|gametype|doubles\n|player|p1|jellow69|burglar|1360\n|player|p2|MIILANZ|caitlin|1362\n|gen|9\n|tier|[Gen 9 Champions] VGC 2026 Reg M-B\n|rated|\n|rule|Species Clause: Limit one of each Pokémon\n|rule|Item Clause: Limit 1 of each item\n|clearpoke\n|poke|p1|Flareon, L50, M|\n|poke|p1|Venusaur, L50, M|\n|poke|p1|Farigiraf, L50, F|\n|poke|p1|Torkoal, L50, F|\n|poke|p1|Primarina, L50, M|\n|poke|p1|Blastoise, L50, M|\n|poke|p2|Dragonite, L50, M|\n|poke|p2|Sneasler, L50, M|\n|poke|p2|Kingambit, L50, F|\n|poke|p2|Basculegion, L50, M|\n|poke|p2|Whimsicott, L50, M|\n|poke|p2|Floette-Eternal, L50, F|\n|teampreview|4\n|\n|t:|1788375060\n|teamsize|p1|4\n|teamsize|p2|4\n|start\n|switch|p1a: Farigiraf|Farigiraf, L50, F|100/100\n|switch|p1b: Blastoise|Blastoise, L50, M|100/100\n|switch|p2a: Kingambit|Kingambit, L50, F|100/100\n|switch|p2b: Dragonite|Dragonite, L50, M|100/100\n|turn|1\n|\n|t:|1788375083\n|detailschange|p2b: Dragonite|Dragonite-Mega, L50, M\n|-mega|p2b: Dragonite|Dragonite|Dragoninite\n|detailschange|p1b: Blastoise|Blastoise-Mega, L50, M\n|-mega|p1b: Blastoise|Blastoise|Blastoisinite\n|move|p1a: Farigiraf|Helping Hand|p1b: Blastoise\n|-singleturn|p1b: Blastoise|Helping Hand|[of] p1a: Farigiraf\n|move|p2b: Dragonite|Dragon Pulse|p1a: Farigiraf\n|-damage|p1a: Farigiraf|45/100\n|-enditem|p1a: Farigiraf|Sitrus Berry|[eat]\n|-heal|p1a: Farigiraf|70/100|[from] item: Sitrus Berry\n|move|p1b: Blastoise|Aura Sphere|p2a: Kingambit\n|-supereffective|p2a: Kingambit|2\n|-enditem|p2a: Kingambit|Chople Berry|[eat]\n|-enditem|p2a: Kingambit|Chople Berry|[weaken]\n|-damage|p2a: Kingambit|0 fnt\n|faint|p2a: Kingambit\n|\n|upkeep\n|\n|t:|1788375098\n|switch|p2a: Basculegion|Basculegion, L50, M|100/100\n|turn|2\n|inactive|Battle timer is ON: inactive players will automatically lose when time's up. (requested by MIILANZ)\n|\n|t:|1788375132\n|switch|p1b: Torkoal|Torkoal, L50, F|100/100\n|-weather|SunnyDay|[from] ability: Drought|[of] p1b: Torkoal\n|move|p2b: Dragonite|Thunderbolt|p1b: Torkoal\n|-damage|p1b: Torkoal|48/100\n|move|p2a: Basculegion|Wave Crash|p1a: Farigiraf\n|-damage|p1a: Farigiraf|14/100\n|-damage|p2a: Basculegion|78/100|[from] Recoil\n|-damage|p2a: Basculegion|68/100|[from] item: Life Orb\n|move|p1a: Farigiraf|Trick Room|p1a: Farigiraf\n|-fieldstart|move: Trick Room|[of] p1a: Farigiraf\n|\n|-weather|SunnyDay|[upkeep]\n|upkeep\n|turn|3\n|inactive|jellow69 has 30 seconds left.\n|\n|t:|1788375159\n|move|p1b: Torkoal|Ancient Power|p2b: Dragonite\n|-supereffective|p2b: Dragonite|1\n|-damage|p2b: Dragonite|79/100\n|-damage|p1b: Torkoal|38/100|[from] item: Life Orb\n|move|p1a: Farigiraf|Rain Dance|p1a: Farigiraf\n|-weather|RainDance\n|move|p2a: Basculegion|Wave Crash|p1b: Torkoal\n|-supereffective|p1b: Torkoal|1\n|-damage|p1b: Torkoal|0 fnt\n|faint|p1b: Torkoal\n|-damage|p2a: Basculegion|57/100|[from] Recoil\n|-damage|p2a: Basculegion|47/100|[from] item: Life Orb\n|move|p2b: Dragonite|Heat Wave|p1a: Farigiraf\n|-damage|p1a: Farigiraf|0 fnt\n|faint|p1a: Farigiraf\n|\n|-weather|RainDance|[upkeep]\n|upkeep\n|\n|t:|1788375174\n|switch|p1b: Blastoise|Blastoise-Mega, L50, M|100/100\n|switch|p1a: Primarina|Primarina, L50, M|100/100\n|turn|4\n|\n|t:|1788375186\n|move|p2b: Dragonite|Protect|p2b: Dragonite\n|-singleturn|p2b: Dragonite|Protect\n|move|p2a: Basculegion|Aqua Jet|p1b: Blastoise\n|-resisted|p1b: Blastoise|1\n|-damage|p1b: Blastoise|76/100\n|-damage|p2a: Basculegion|37/100|[from] item: Life Orb\n|move|p1a: Primarina|Moonblast|p2b: Dragonite\n|-activate|p2b: Dragonite|move: Protect\n|move|p1b: Blastoise|Dark Pulse|p2a: Basculegion\n|-supereffective|p2a: Basculegion|1\n|-damage|p2a: Basculegion|0 fnt\n|faint|p2a: Basculegion\n|\n|-weather|RainDance|[upkeep]\n|upkeep\n|\n|t:|1788375199\n|switch|p2a: Sneasler|Sneasler, L50, M|100/100\n|turn|5\n|\n|t:|1788375208\n|move|p2a: Sneasler|Fake Out|p1a: Primarina\n|-damage|p1a: Primarina|82/100\n|cant|p1a: Primarina|flinch\n|move|p1b: Blastoise|Water Spout|p2b: Dragonite|[spread] p2a,p2b\n|-resisted|p2b: Dragonite|1\n|-damage|p2a: Sneasler|0 fnt\n|-damage|p2b: Dragonite|43/100\n|faint|p2a: Sneasler\n|move|p2b: Dragonite|Thunderbolt|p1b: Blastoise\n|-supereffective|p1b: Blastoise|1\n|-damage|p1b: Blastoise|13/100\n|\n|-weather|RainDance|[upkeep]\n|upkeep\n|turn|6\n|\n|t:|1788375226\n|move|p2b: Dragonite|Protect|p2b: Dragonite\n|-singleturn|p2b: Dragonite|Protect\n|move|p1a: Primarina|Calm Mind|p1a: Primarina\n|-boost|p1a: Primarina|spa|1\n|-boost|p1a: Primarina|spd|1\n|move|p1b: Blastoise|Dark Pulse|p2b: Dragonite\n|-activate|p2b: Dragonite|move: Protect\n|\n|-weather|RainDance|[upkeep]\n|-fieldend|move: Trick Room\n|upkeep\n|turn|7\n|\n|t:|1788375243\n|move|p2b: Dragonite|Thunderbolt|p1a: Primarina\n|-supereffective|p1a: Primarina|1\n|-damage|p1a: Primarina|37/100\n|move|p1b: Blastoise|Dark Pulse|p2b: Dragonite\n|-damage|p2b: Dragonite|2/100\n|move|p1a: Primarina|Moonblast|p2b: Dragonite\n|-supereffective|p2b: Dragonite|1\n|-damage|p2b: Dragonite|0 fnt\n|faint|p2b: Dragonite\n|\n|win|jellow69\n|raw|jellow69's rating: 1360 &rarr; <strong>1380</strong><br />(+20 for winning)\n|raw|MIILANZ's rating: 1362 &rarr; <strong>1342</strong><br />(-20 for losing)\n","uploadtime":1788375396,"views":"11","formatid":"gen9championsvgc2026regmb","rating":1342,"private":0,"password":null}