{"id":"gen9championsvgc2026regmbbo3-2674970440","format":"[Gen 9 Champions] VGC 2026 Reg M-B (Bo3)","players":["humania1","Aperson5"],"log":"|j|☆humania1\n|j|☆Aperson5\n|html|<table width=\"100%\"><tr><td align=\"left\">humania1</td><td align=\"right\">Aperson5</tr><tr><td align=\"left\"><i class=\"fa fa-circle\"></i> <i class=\"fa fa-circle-o\"></i> </td><td align=\"right\"><i class=\"fa fa-circle-o\"></i> <i class=\"fa fa-circle\"></i> </tr></table>\n|uhtml|bestof|<h2><strong>Game 3</strong> of <a href=\"/game-bestof3-gen9championsvgc2026regmbbo3-2674968164\">a best-of-3</a></h2>\n|t:|1788443545\n|gametype|doubles\n|player|p1|humania1|265|1094\n|player|p2|Aperson5|miku-fairy|1075\n|gen|9\n|tier|[Gen 9 Champions] VGC 2026 Reg M-B (Bo3)\n|rated|\n|rule|Species Clause: Limit one of each Pokémon\n|rule|Item Clause: Limit 1 of each item\n|clearpoke\n|poke|p1|Charizard, L50, M|\n|poke|p1|Whimsicott, L50, F|\n|poke|p1|Basculegion, L50, M|\n|poke|p1|Farigiraf, L50, F|\n|poke|p1|Kangaskhan, L50, F|\n|poke|p1|Sneasler, L50, F|\n|poke|p2|Volcarona, L50, F|\n|poke|p2|Blastoise, L50, M|\n|poke|p2|Sinistcha, L50|\n|poke|p2|Sylveon, L50, F|\n|poke|p2|Raichu, L50, M|\n|poke|p2|Vanilluxe, L50, F|\n|teampreview|4\n|showteam|p1|Charizard||CharizarditeY|SolarPower|WeatherBall,HeatWave,SolarBeam,Protect|Timid||M|||50|]Whimsicott||FocusSash|Prankster|Moonblast,Tailwind,SunnyDay,Encore|Timid||F|||50|]Basculegion||ChoiceScarf|Adaptability|WaveCrash,AquaJet,LastRespects,FlipTurn|Adamant||M|||50|]Farigiraf||SitrusBerry|ArmorTail|Psychic,HyperVoice,HelpingHand,TrickRoom|Modest||F|||50|]Kangaskhan||Kangaskhanite|Scrappy|FakeOut,DoubleEdge,DrainPunch,SuckerPunch|Adamant||F|||50|]Sneasler||WhiteHerb|Unburden|FakeOut,CloseCombat,DireClaw,RockTomb|Adamant||F|||50|\n|showteam|p2|Volcarona||SitrusBerry|FlameBody|QuiverDance,Protect,RagePowder,HeatWave|Modest||F|||50|]Blastoise||Blastoisinite|RainDish|WaterSpout,DarkPulse,ShellSmash,Protect|Modest||M|||50|]Sinistcha||KasibBerry|Hospitality|RagePowder,LifeDew,Protect,MatchaGotcha|Calm|||||50|]Sylveon||FairyFeather|Pixilate|CalmMind,HyperVoice,HyperBeam,Detect|Modest||F|||50|]Raichu||RaichuniteY|LightningRod|FakeOut,ZapCannon,Protect,FocusBlast|Timid||M|||50|]Vanilluxe||ChoiceScarf|SnowWarning|Blizzard,FreezeDry,IcyWind,SheerCold|Timid||F|||50|\n|inactive|Battle timer is ON: inactive players will automatically lose when time's up. (requested by humania1)\n|inactive|Aperson5 also wants the timer to be on.\n|inactive|Aperson5 has 60 seconds left.\n|\n|t:|1788443576\n|teamsize|p1|4\n|teamsize|p2|4\n|start\n|switch|p1a: Charizard|Charizard, L50, M|100/100\n|switch|p1b: Basculegion|Basculegion, L50, M|100/100\n|switch|p2a: Boop|Raichu, L50, M|100/100\n|switch|p2b: Teahee|Sinistcha, L50|100/100\n|turn|1\n|\n|t:|1788443598\n|switch|p1a: Sneasler|Sneasler, L50, F|100/100\n|detailschange|p2a: Boop|Raichu-Mega-Y, L50, M\n|-mega|p2a: Boop|Raichu|Raichunite Y\n|move|p2b: Teahee|Rage Powder|p2b: Teahee\n|-singleturn|p2b: Teahee|move: Rage Powder\n|move|p1b: Basculegion|Wave Crash|p2b: Teahee\n|-resisted|p2b: Teahee|1\n|-damage|p2b: Teahee|67/100\n|-damage|p1b: Basculegion|90/100|[from] Recoil\n|move|p2a: Boop|Zap Cannon|p1b: Basculegion\n|-supereffective|p1b: Basculegion|1\n|-damage|p1b: Basculegion|0 fnt\n|faint|p1b: Basculegion\n|\n|upkeep\n|\n|t:|1788443599\n|switch|p1b: Farigiraf|Farigiraf, L50, F|100/100\n|turn|2\n|inactive|Aperson5 has 30 seconds left.\n|\n|t:|1788443625\n|move|p2b: Teahee|Rage Powder|p2b: Teahee\n|-singleturn|p2b: Teahee|move: Rage Powder\n|move|p2a: Boop|Zap Cannon|p1a: Sneasler\n|-damage|p1a: Sneasler|17/100\n|-status|p1a: Sneasler|par\n|move|p1a: Sneasler|Close Combat|p2b: Teahee\n|-immune|p2b: Teahee\n|move|p1b: Farigiraf|Trick Room|p1b: Farigiraf\n|-fieldstart|move: Trick Room|[of] p1b: Farigiraf\n|\n|upkeep\n|turn|3\n|\n|t:|1788443633\n|switch|p1b: Charizard|Charizard, L50, M|100/100\n|move|p2b: Teahee|Protect|p2b: Teahee\n|-singleturn|p2b: Teahee|Protect\n|move|p2a: Boop|Protect|p2a: Boop\n|-singleturn|p2a: Boop|Protect\n|move|p1a: Sneasler|Close Combat|p2a: Boop\n|-activate|p2a: Boop|move: Protect\n|\n|upkeep\n|turn|4\n|inactive|Aperson5 has 30 seconds left.\n|\n|t:|1788443665\n|switch|p2a: Ms. Radience|Volcarona, L50, F|100/100\n|detailschange|p1b: Charizard|Charizard-Mega-Y, L50, M\n|-mega|p1b: Charizard|Charizard|Charizardite Y\n|-weather|SunnyDay|[from] ability: Drought|[of] p1b: Charizard\n|move|p1a: Sneasler|Close Combat|p2a: Ms. Radience\n|-resisted|p2a: Ms. Radience|1\n|-damage|p2a: Ms. Radience|65/100\n|-unboost|p1a: Sneasler|def|1\n|-unboost|p1a: Sneasler|spd|1\n|-enditem|p1a: Sneasler|White Herb\n|-clearnegativeboost|p1a: Sneasler|[silent]\n|move|p2b: Teahee|Matcha Gotcha|p1a: Sneasler|[spread] p1a,p1b\n|-resisted|p1a: Sneasler|1\n|-resisted|p1b: Charizard|2\n|-damage|p1a: Sneasler|1/100 par\n|-heal|p2b: Teahee|75/100|[from] drain|[of] p1a: Sneasler\n|-damage|p1b: Charizard|94/100\n|-heal|p2b: Teahee|78/100|[from] drain|[of] p1b: Charizard\n|move|p1b: Charizard|Heat Wave|p2b: Teahee|[spread] p2a,p2b\n|-supereffective|p2b: Teahee|1\n|-damage|p2a: Ms. Radience|9/100\n|-damage|p2b: Teahee|0 fnt\n|-enditem|p2a: Ms. Radience|Sitrus Berry|[eat]\n|-heal|p2a: Ms. Radience|34/100|[from] item: Sitrus Berry\n|faint|p2b: Teahee\n|\n|-weather|SunnyDay|[upkeep]\n|upkeep\n|\n|t:|1788443683\n|switch|p2b: Queen Dairy|Vanilluxe, L50, F|100/100\n|-weather|Snowscape|[from] ability: Snow Warning|[of] p2b: Queen Dairy\n|turn|5\n|\n|t:|1788443694\n|move|p2a: Ms. Radience|Heat Wave|p1b: Charizard|[spread] p1a,p1b\n|-resisted|p1b: Charizard|1\n|-damage|p1a: Sneasler|0 fnt\n|-damage|p1b: Charizard|75/100\n|faint|p1a: Sneasler\n|move|p1b: Charizard|Heat Wave|p2a: Ms. Radience|[spread] p2a,p2b\n|-supereffective|p2b: Queen Dairy|1\n|-damage|p2a: Ms. Radience|0 fnt\n|-damage|p2b: Queen Dairy|0 fnt\n|faint|p2a: Ms. Radience\n|faint|p2b: Queen Dairy\n|\n|-weather|Snowscape|[upkeep]\n|upkeep\n|\n|t:|1788443701\n|switch|p2b: Boop|Raichu-Mega-Y, L50, M|100/100\n|switch|p1a: Farigiraf|Farigiraf, L50, F|100/100\n|turn|6\n|\n|t:|1788443703\n|move|p1b: Charizard|Protect|p1b: Charizard\n|-singleturn|p1b: Charizard|Protect\n|move|p2b: Boop|Protect|p2b: Boop\n|-singleturn|p2b: Boop|Protect\n|move|p1a: Farigiraf|Psychic|p2b: Boop\n|-activate|p2b: Boop|move: Protect\n|\n|-weather|Snowscape|[upkeep]\n|-fieldend|move: Trick Room\n|upkeep\n|turn|7\n|\n|t:|1788443705\n|move|p2b: Boop|Zap Cannon|p1b: Charizard\n|-supereffective|p1b: Charizard|1\n|-damage|p1b: Charizard|0 fnt\n|faint|p1b: Charizard\n|move|p1a: Farigiraf|Trick Room|p1a: Farigiraf\n|-fieldstart|move: Trick Room|[of] p1a: Farigiraf\n|\n|-weather|Snowscape|[upkeep]\n|upkeep\n|turn|8\n|\n|t:|1788443708\n|move|p1a: Farigiraf|Psychic|p2b: Boop\n|-damage|p2b: Boop|49/100\n|move|p2b: Boop|Zap Cannon|p1a: Farigiraf\n|-damage|p1a: Farigiraf|43/100\n|-status|p1a: Farigiraf|par\n|-enditem|p1a: Farigiraf|Sitrus Berry|[eat]\n|-heal|p1a: Farigiraf|68/100 par|[from] item: Sitrus Berry\n|\n|-weather|Snowscape|[upkeep]\n|upkeep\n|turn|9\n|\n|t:|1788443713\n|move|p2b: Boop|Protect|p2b: Boop\n|-singleturn|p2b: Boop|Protect\n|move|p1a: Farigiraf|Psychic|p2b: Boop\n|-activate|p2b: Boop|move: Protect\n|\n|-weather|none\n|upkeep\n|turn|10\n|\n|t:|1788443718\n|move|p1a: Farigiraf|Psychic|p2b: Boop\n|-damage|p2b: Boop|0 fnt\n|faint|p2b: Boop\n|\n|win|humania1\n|raw|humania1's rating: 1113 &rarr; <strong>1135</strong><br />(+22 for winning)\n|raw|Aperson5's rating: 1075 &rarr; <strong>1056</strong><br />(-19 for losing)\n","uploadtime":1788443718,"views":"3","formatid":"gen9championsvgc2026regmbbo3","rating":1056,"private":0,"password":null}