{"id":"gen9championsvgc2026regmbbo3-2674341622","format":"[Gen 9 Champions] VGC 2026 Reg M-B (Bo3)","players":["Daedalo","Jorgetaco"],"log":"|j|☆Daedalo\n|j|☆Jorgetaco\n|html|<table width=\"100%\"><tr><td align=\"left\">Daedalo</td><td align=\"right\">Jorgetaco</tr><tr><td align=\"left\"><i class=\"fa fa-circle\"></i> <i class=\"fa fa-circle-o\"></i> </td><td align=\"right\"><i class=\"fa fa-circle-o\"></i> <i class=\"fa fa-circle\"></i> </tr></table>\n|uhtml|bestof|<h2><strong>Game 3</strong> of <a href=\"/game-bestof3-gen9championsvgc2026regmbbo3-2674338170\">a best-of-3</a></h2>\n|t:|1788344979\n|gametype|doubles\n|player|p1|Daedalo|veteran|\n|player|p2|Jorgetaco|266|\n|gen|9\n|tier|[Gen 9 Champions] VGC 2026 Reg M-B (Bo3)\n|rule|Species Clause: Limit one of each Pokémon\n|rule|Item Clause: Limit 1 of each item\n|clearpoke\n|poke|p1|Tyranitar, L50, M|\n|poke|p1|Delphox, L50, F|\n|poke|p1|Incineroar, L50, M, shiny|\n|poke|p1|Sneasler, L50, F|\n|poke|p1|Sinistcha-Masterpiece, L50|\n|poke|p1|Kingambit, L50, M|\n|poke|p2|Garchomp, L50, F|\n|poke|p2|Sylveon, L50, M, shiny|\n|poke|p2|Meganium, L50, F, shiny|\n|poke|p2|Maushold-Four, L50|\n|poke|p2|Annihilape, L50, M, shiny|\n|poke|p2|Milotic, L50, M, shiny|\n|teampreview|4\n|showteam|p1|Tyranitar||Tyranitarite|SandStream|Protect,RockSlide,KnockOff,DragonDance|Adamant||M|||50|]Delphox||Delphoxite|Blaze|HeatWave,Psychic,NastyPlot,Protect|Timid||F|||50|]Incineroar||SitrusBerry|Intimidate|FakeOut,FlareBlitz,HelpingHand,PartingShot|Impish||M|||50|]Sneasler||WhiteHerb|Unburden|Protect,CloseCombat,DireClaw,FakeOut|Adamant||F|||50|]Sinistcha-Masterpiece||ColburBerry|Hospitality|MatchaGotcha,RagePowder,TrickRoom,Protect|Bold|||||50|]Kingambit||LifeOrb|Defiant|KowtowCleave,SuckerPunch,SwordsDance,Protect|Adamant||M|||50|\n|showteam|p2|Garchomp||LumBerry|RoughSkin|StealthRock,Earthquake,DragonTail,RockSlide|Impish||F|||50|]Sylveon||Leftovers|Pixilate|QuickAttack,Wish,HyperVoice,CalmMind|Modest||M|||50|]Meganium||Meganiumite|Overgrow|WeatherBall,DazzlingGleam,SolarBeam,Synthesis|Modest||F|||50|]Maushold-Four||FocusSash|FriendGuard|Protect,PopulationBomb,BeatUp,FollowMe|Timid|||||50|]Annihilape||RoseliBerry|Defiant|BulkUp,DrainPunch,RageFist,Protect|Jolly||M|||50|]Milotic||SitrusBerry|Competitive|Scald,IceBeam,Recover,MirrorCoat|Modest||M|||50|\n|\n|t:|1788345024\n|teamsize|p1|4\n|teamsize|p2|4\n|start\n|switch|p1a: Mistake|Incineroar, L50, M, shiny|100/100\n|switch|p1b: コーヒー|Sinistcha-Masterpiece, L50|100/100\n|switch|p2a: Ahi esta|Garchomp, L50, F|100/100\n|switch|p2b: Playboy|Sylveon, L50, M, shiny|100/100\n|-ability|p1a: Mistake|Intimidate|boost\n|-unboost|p2a: Ahi esta|atk|1\n|-unboost|p2b: Playboy|atk|1\n|turn|1\n|\n|t:|1788345038\n|move|p1a: Mistake|Fake Out|p2b: Playboy\n|-damage|p2b: Playboy|84/100\n|move|p2a: Ahi esta|Stealth Rock|p1b: コーヒー\n|-sidestart|p1: Daedalo|move: Stealth Rock\n|cant|p2b: Playboy|flinch\n|move|p1b: コーヒー|Trick Room|p1b: コーヒー\n|-fieldstart|move: Trick Room|[of] p1b: コーヒー\n|\n|-heal|p2b: Playboy|90/100|[from] item: Leftovers\n|upkeep\n|turn|2\n|\n|t:|1788345051\n|switch|p1b: Sneasler|Sneasler, L50, F|100/100\n|-damage|p1b: Sneasler|94/100|[from] Stealth Rock\n|move|p1a: Mistake|Parting Shot|p2a: Ahi esta\n|-unboost|p2a: Ahi esta|atk|1\n|-unboost|p2a: Ahi esta|spa|1\n|\n|t:|1788345069\n|switch|p1a: Morgana|Delphox, L50, F|100/100|[from] Parting Shot\n|-damage|p1a: Morgana|75/100|[from] Stealth Rock\n|move|p2b: Playboy|Calm Mind|p2b: Playboy\n|-boost|p2b: Playboy|spa|1\n|-boost|p2b: Playboy|spd|1\n|move|p2a: Ahi esta|Dragon Tail|p1a: Morgana\n|-damage|p1a: Morgana|54/100\n|drag|p1a: コーヒー|Sinistcha-Masterpiece, L50|100/100\n|-damage|p1a: コーヒー|87/100|[from] Stealth Rock\n|-heal|p1b: Sneasler|100/100|[from] ability: Hospitality|[of] p1a: コーヒー\n|\n|-heal|p2b: Playboy|96/100|[from] item: Leftovers\n|upkeep\n|turn|3\n|j| falconfart77\n|\n|t:|1788345114\n|switch|p2b: Rosita|Annihilape, L50, M, shiny|100/100\n|move|p1a: コーヒー|Matcha Gotcha|p2a: Ahi esta|[spread] p2a,p2b\n|-damage|p2a: Ahi esta|77/100\n|-heal|p1a: コーヒー|100/100|[from] drain|[of] p2a: Ahi esta\n|-damage|p2b: Rosita|77/100\n|-status|p2a: Ahi esta|brn\n|-enditem|p2a: Ahi esta|Lum Berry|[eat]\n|-curestatus|p2a: Ahi esta|brn|[msg]\n|move|p1b: Sneasler|Close Combat|p2a: Ahi esta\n|-damage|p2a: Ahi esta|38/100\n|-unboost|p1b: Sneasler|def|1\n|-unboost|p1b: Sneasler|spd|1\n|-damage|p1b: Sneasler|87/100|[from] ability: Rough Skin|[of] p2a: Ahi esta\n|-enditem|p1b: Sneasler|White Herb\n|-clearnegativeboost|p1b: Sneasler|[silent]\n|move|p2a: Ahi esta|Dragon Tail|p1a: コーヒー\n|-damage|p1a: コーヒー|89/100\n|drag|p1a: Morgana|Delphox, L50, F|54/100\n|-damage|p1a: Morgana|29/100|[from] Stealth Rock\n|\n|upkeep\n|turn|4\n|\n|t:|1788345151\n|switch|p1b: Mistake|Incineroar, L50, M, shiny|100/100\n|-damage|p1b: Mistake|75/100|[from] Stealth Rock\n|-ability|p1b: Mistake|Intimidate|boost\n|-unboost|p2a: Ahi esta|atk|1\n|-unboost|p2b: Rosita|atk|1\n|-ability|p2b: Rosita|Defiant|boost\n|-boost|p2b: Rosita|atk|2\n|detailschange|p1a: Morgana|Delphox-Mega, L50, F\n|-mega|p1a: Morgana|Delphox|Delphoxite\n|move|p2b: Rosita|Protect|p2b: Rosita\n|-singleturn|p2b: Rosita|Protect\n|move|p1a: Morgana|Protect|p1a: Morgana\n|-singleturn|p1a: Morgana|Protect\n|move|p2a: Ahi esta|Rock Slide|p1a: Morgana|[spread] p1b\n|-activate|p1a: Morgana|move: Protect\n|-supereffective|p1b: Mistake|1\n|-damage|p1b: Mistake|66/100\n|\n|upkeep\n|turn|5\n|\n|t:|1788345182\n|switch|p1b: コーヒー|Sinistcha-Masterpiece, L50|89/100\n|-damage|p1b: コーヒー|77/100|[from] Stealth Rock\n|-heal|p1a: Morgana|54/100|[from] ability: Hospitality|[of] p1b: コーヒー\n|switch|p2a: Playboy|Sylveon, L50, M, shiny|96/100\n|move|p2b: Rosita|Drain Punch|p1b: コーヒー\n|-immune|p1b: コーヒー\n|move|p1a: Morgana|Heat Wave|p2a: Playboy|[spread] p2a,p2b\n|-damage|p2a: Playboy|64/100\n|-damage|p2b: Rosita|40/100\n|\n|-heal|p2a: Playboy|69/100|[from] item: Leftovers\n|-fieldend|move: Trick Room\n|upkeep\n|turn|6\n|\n|t:|1788345201\n|move|p2b: Rosita|Protect|p2b: Rosita\n|-singleturn|p2b: Rosita|Protect\n|move|p1b: コーヒー|Rage Powder|p1b: コーヒー\n|-singleturn|p1b: コーヒー|move: Rage Powder\n|move|p1a: Morgana|Psychic|p2b: Rosita\n|-activate|p2b: Rosita|move: Protect\n|move|p2a: Playboy|Wish|p2a: Playboy\n|\n|-heal|p2a: Playboy|75/100|[from] item: Leftovers\n|upkeep\n|turn|7\n|\n|t:|1788345217\n|move|p1a: Morgana|Psychic|p2b: Rosita\n|-supereffective|p2b: Rosita|1\n|-damage|p2b: Rosita|0 fnt\n|faint|p2b: Rosita\n|move|p2a: Playboy|Calm Mind|p2a: Playboy\n|-boost|p2a: Playboy|spa|1\n|-boost|p2a: Playboy|spd|1\n|move|p1b: コーヒー|Matcha Gotcha|p2a: Playboy\n|-damage|p2a: Playboy|56/100\n|-heal|p1b: コーヒー|87/100|[from] drain|[of] p2a: Playboy\n|-status|p2a: Playboy|brn\n|\n|-heal|p2a: Playboy|100/100 brn|[from] move: Wish|[wisher] Playboy\n|-damage|p2a: Playboy|94/100 brn|[from] brn\n|upkeep\n|\n|t:|1788345220\n|switch|p2b: Ariel|Milotic, L50, M, shiny|100/100\n|turn|8\n|\n|t:|1788345242\n|switch|p1b: Mistake|Incineroar, L50, M, shiny|66/100\n|-damage|p1b: Mistake|41/100|[from] Stealth Rock\n|-ability|p1b: Mistake|Intimidate|boost\n|-unboost|p2a: Playboy|atk|1\n|-unboost|p2b: Ariel|atk|1\n|-ability|p2b: Ariel|Competitive|boost\n|-boost|p2b: Ariel|spa|2\n|-enditem|p1b: Mistake|Sitrus Berry|[eat]\n|-heal|p1b: Mistake|66/100|[from] item: Sitrus Berry\n|move|p1a: Morgana|Psychic|p2b: Ariel\n|-damage|p2b: Ariel|56/100\n|move|p2b: Ariel|Ice Beam|p1b: Mistake\n|-resisted|p1b: Mistake|1\n|-damage|p1b: Mistake|36/100\n|move|p2a: Playboy|Calm Mind|p2a: Playboy\n|-boost|p2a: Playboy|spa|1\n|-boost|p2a: Playboy|spd|1\n|\n|-heal|p2a: Playboy|100/100 brn|[from] item: Leftovers\n|-damage|p2a: Playboy|94/100 brn|[from] brn\n|upkeep\n|turn|9\n|\n|t:|1788345267\n|move|p1b: Mistake|Fake Out|p2a: Playboy\n|-damage|p2a: Playboy|79/100 brn\n|move|p1a: Morgana|Psychic|p2b: Ariel\n|-damage|p2b: Ariel|15/100\n|-enditem|p2b: Ariel|Sitrus Berry|[eat]\n|-heal|p2b: Ariel|40/100|[from] item: Sitrus Berry\n|move|p2b: Ariel|Recover|p2b: Ariel\n|-heal|p2b: Ariel|90/100\n|cant|p2a: Playboy|flinch\n|\n|-heal|p2a: Playboy|85/100 brn|[from] item: Leftovers\n|-damage|p2a: Playboy|79/100 brn|[from] brn\n|upkeep\n|turn|10\n|\n|t:|1788345301\n|move|p1a: Morgana|Nasty Plot|p1a: Morgana\n|-boost|p1a: Morgana|spa|2\n|move|p2b: Ariel|Scald|p1a: Morgana\n|-supereffective|p1a: Morgana|1\n|-damage|p1a: Morgana|0 fnt\n|faint|p1a: Morgana\n|move|p2a: Playboy|Hyper Voice|p1b: Mistake\n|-crit|p1b: Mistake\n|-damage|p1b: Mistake|0 fnt\n|faint|p1b: Mistake\n|\n|-heal|p2a: Playboy|85/100 brn|[from] item: Leftovers\n|-damage|p2a: Playboy|79/100 brn|[from] brn\n|upkeep\n|\n|t:|1788345314\n|switch|p1a: Sneasler|Sneasler, L50, F|87/100\n|switch|p1b: コーヒー|Sinistcha-Masterpiece, L50|87/100\n|-damage|p1a: Sneasler|82/100|[from] Stealth Rock\n|-damage|p1b: コーヒー|75/100|[from] Stealth Rock\n|-heal|p1a: Sneasler|100/100|[from] ability: Hospitality|[of] p1b: コーヒー\n|turn|11\n|\n|t:|1788345330\n|switch|p2a: Ahi esta|Garchomp, L50, F|38/100\n|move|p1b: コーヒー|Rage Powder|p1b: コーヒー\n|-singleturn|p1b: コーヒー|move: Rage Powder\n|move|p1a: Sneasler|Dire Claw|p2a: Ahi esta\n|-resisted|p2a: Ahi esta|1\n|-damage|p2a: Ahi esta|24/100\n|-damage|p1a: Sneasler|87/100|[from] ability: Rough Skin|[of] p2a: Ahi esta\n|move|p2b: Ariel|Ice Beam|p1b: コーヒー\n|-supereffective|p1b: コーヒー|1\n|-damage|p1b: コーヒー|0 fnt\n|faint|p1b: コーヒー\n|\n|upkeep\n|turn|12\n|\n|t:|1788345350\n|move|p1a: Sneasler|Close Combat|p2a: Ahi esta\n|-damage|p2a: Ahi esta|0 fnt\n|-unboost|p1a: Sneasler|def|1\n|-unboost|p1a: Sneasler|spd|1\n|-damage|p1a: Sneasler|75/100|[from] ability: Rough Skin|[of] p2a: Ahi esta\n|faint|p2a: Ahi esta\n|move|p2b: Ariel|Scald|p1a: Sneasler\n|-damage|p1a: Sneasler|0 fnt\n|faint|p1a: Sneasler\n|\n|win|Jorgetaco\n","uploadtime":1788345359,"views":"15","formatid":"gen9championsvgc2026regmbbo3","rating":null,"private":0,"password":null}