{"id":"gen9championsvgc2026regmbbo3-2674107908","format":"[Gen 9 Champions] VGC 2026 Reg M-B (Bo3)","players":["testkaka","AkariiVGC"],"log":"|j|‽testkaka\n|j|☆AkariiVGC\n|html|<table width=\"100%\"><tr><td align=\"left\">testkaka</td><td align=\"right\">AkariiVGC</tr><tr><td align=\"left\"><i class=\"fa fa-circle-o\"></i> <i class=\"fa fa-circle-o\"></i> </td><td align=\"right\"><i class=\"fa fa-circle-o\"></i> <i class=\"fa fa-circle-o\"></i> </tr></table>\n|uhtml|bestof|<h2><strong>Game 1</strong> of <a href=\"/game-bestof3-gen9championsvgc2026regmbbo3-2674107907\">a best-of-3</a></h2>\n|t:|1788300229\n|gametype|doubles\n|player|p1|testkaka|1|1228\n|player|p2|AkariiVGC|akari|1442\n|gen|9\n|tier|[Gen 9 Champions] VGC 2026 Reg M-B (Bo3)\n|rated|\n|rule|Species Clause: Limit one of each Pokémon\n|rule|Item Clause: Limit 1 of each item\n|clearpoke\n|poke|p1|Floette-Eternal, L50, F|\n|poke|p1|Charizard, L50, M|\n|poke|p1|Venusaur, L50, M|\n|poke|p1|Garchomp, L50, M|\n|poke|p1|Incineroar, L50, F|\n|poke|p1|Grimmsnarl, L50, M|\n|poke|p2|Floette-Eternal, L50, F|\n|poke|p2|Whimsicott, L50, F, shiny|\n|poke|p2|Charizard, L50, M, shiny|\n|poke|p2|Basculegion, L50, M, shiny|\n|poke|p2|Kingambit, L50, F|\n|poke|p2|Garchomp, L50, F|\n|teampreview|4\n|showteam|p1|Floette-Eternal||Floettite|FlowerVeil|Moonblast,DrainingKiss,CalmMind,Protect|Modest||F|||50|]Charizard||CharizarditeY|SolarPower|HeatWave,WeatherBall,AncientPower,Protect|Modest||M|||50|]Venusaur||FocusSash|Chlorophyll|LeafStorm,SludgeBomb,SleepPowder,Protect|Modest||M|||50|]Garchomp||ChoiceScarf|RoughSkin|Earthquake,DragonClaw,StompingTantrum,RockSlide|Adamant||M|||50|]Incineroar||SitrusBerry|Intimidate|FlareBlitz,DarkestLariat,FakeOut,PartingShot|Impish||F|||50|]Grimmsnarl||LightClay|Prankster|SpiritBreak,Reflect,LightScreen,PartingShot|Sassy||M|||50|\n|showteam|p2|Floette-Eternal||Floettite|FlowerVeil|Moonblast,DazzlingGleam,LightofRuin,Protect|Modest||F|||50|]Whimsicott||FocusSash|Prankster|Moonblast,Tailwind,Encore,Protect|Timid||F|||50|]Charizard||CharizarditeY|Blaze|HeatWave,WeatherBall,SolarBeam,Protect|Modest||M|||50|]Basculegion||LifeOrb|Adaptability|WaveCrash,LastRespects,AquaJet,Protect|Adamant||M|||50|]Kingambit||BlackGlasses|Defiant|KowtowCleave,SuckerPunch,IronHead,Protect|Adamant||F|||50|]Garchomp||SitrusBerry|RoughSkin|Earthquake,DragonClaw,RockSlide,Protect|Adamant||F|||50|\n|inactive|Battle timer is ON: inactive players will automatically lose when time's up. (requested by AkariiVGC)\n|inactive|testkaka has 60 seconds left.\n|inactive|AkariiVGC has 60 seconds left.\n|\n|t:|1788300276\n|teamsize|p1|4\n|teamsize|p2|4\n|start\n|switch|p1a: Charizard|Charizard, L50, M|100/100\n|switch|p1b: Garchomp|Garchomp, L50, M|100/100\n|switch|p2a: Big fish|Basculegion, L50, M, shiny|100/100\n|switch|p2b: Boy boy|Garchomp, L50, F|100/100\n|turn|1\n|\n|t:|1788300294\n|switch|p1a: Incineroar|Incineroar, L50, F|100/100\n|-ability|p1a: Incineroar|Intimidate|boost\n|-unboost|p2a: Big fish|atk|1\n|-unboost|p2b: Boy boy|atk|1\n|move|p2b: Boy boy|Protect|p2b: Boy boy\n|-singleturn|p2b: Boy boy|Protect\n|move|p2a: Big fish|Protect|p2a: Big fish\n|-singleturn|p2a: Big fish|Protect\n|move|p1b: Garchomp|Dragon Claw|p2b: Boy boy\n|-activate|p2b: Boy boy|move: Protect\n|\n|upkeep\n|turn|2\n|\n|t:|1788300312\n|switch|p2b: Glassqueen|Kingambit, L50, F|100/100\n|move|p1b: Garchomp|Dragon Claw|p2b: Glassqueen\n|-resisted|p2b: Glassqueen|1\n|-damage|p2b: Glassqueen|83/100\n|move|p2a: Big fish|Wave Crash|p1a: Incineroar\n|-supereffective|p1a: Incineroar|1\n|-damage|p1a: Incineroar|0 fnt\n|faint|p1a: Incineroar\n|-damage|p2a: Big fish|65/100|[from] Recoil\n|-damage|p2a: Big fish|56/100|[from] item: Life Orb\n|\n|upkeep\n|\n|t:|1788300323\n|switch|p1a: Charizard|Charizard, L50, M|100/100\n|turn|3\n|\n|t:|1788300339\n|detailschange|p1a: Charizard|Charizard-Mega-Y, L50, M\n|-mega|p1a: Charizard|Charizard|Charizardite Y\n|-weather|SunnyDay|[from] ability: Drought|[of] p1a: Charizard\n|move|p2b: Glassqueen|Protect|p2b: Glassqueen\n|-singleturn|p2b: Glassqueen|Protect\n|move|p2a: Big fish|Aqua Jet|p1a: Charizard\n|-supereffective|p1a: Charizard|1\n|-damage|p1a: Charizard|70/100\n|-damage|p2a: Big fish|46/100|[from] item: Life Orb\n|move|p1b: Garchomp|Dragon Claw|p2a: Big fish\n|-damage|p2a: Big fish|0 fnt\n|faint|p2a: Big fish\n|move|p1a: Charizard|Weather Ball|p2b: Glassqueen\n|-activate|p2b: Glassqueen|move: Protect\n|\n|-weather|SunnyDay|[upkeep]\n|upkeep\n|\n|t:|1788300351\n|switch|p2a: Boy boy|Garchomp, L50, F|100/100\n|turn|4\n|\n|t:|1788300358\n|move|p1b: Garchomp|Dragon Claw|p2a: Boy boy\n|-supereffective|p2a: Boy boy|1\n|-damage|p2a: Boy boy|24/100\n|-damage|p1b: Garchomp|87/100|[from] ability: Rough Skin|[of] p2a: Boy boy\n|-enditem|p2a: Boy boy|Sitrus Berry|[eat]\n|-heal|p2a: Boy boy|49/100|[from] item: Sitrus Berry\n|move|p2a: Boy boy|Rock Slide|p1b: Garchomp|[spread] p1a,p1b\n|-supereffective|p1a: Charizard|2\n|-resisted|p1b: Garchomp|1\n|-damage|p1a: Charizard|0 fnt\n|-damage|p1b: Garchomp|78/100\n|faint|p1a: Charizard\n|move|p2b: Glassqueen|Kowtow Cleave|p1b: Garchomp\n|-damage|p1b: Garchomp|21/100\n|-damage|p2b: Glassqueen|71/100|[from] ability: Rough Skin|[of] p1b: Garchomp\n|\n|-weather|SunnyDay|[upkeep]\n|upkeep\n|\n|t:|1788300375\n|switch|p1a: Venusaur|Venusaur, L50, M|100/100\n|turn|5\n|\n|t:|1788300380\n|move|p2b: Glassqueen|Sucker Punch|p1b: Garchomp\n|-damage|p1b: Garchomp|0 fnt\n|-damage|p2b: Glassqueen|59/100|[from] ability: Rough Skin|[of] p1b: Garchomp\n|faint|p1b: Garchomp\n|move|p1a: Venusaur|Sleep Powder|p2b: Glassqueen\n|-status|p2b: Glassqueen|slp|[from] move: Sleep Powder\n|move|p2a: Boy boy|Dragon Claw|p1a: Venusaur\n|-damage|p1a: Venusaur|42/100\n|\n|-weather|SunnyDay|[upkeep]\n|upkeep\n|turn|6\n|\n|t:|1788300387\n|move|p1a: Venusaur|Leaf Storm|p2a: Boy boy\n|-damage|p2a: Boy boy|0 fnt\n|-unboost|p1a: Venusaur|spa|2\n|faint|p2a: Boy boy\n|cant|p2b: Glassqueen|slp\n|\n|-weather|SunnyDay|[upkeep]\n|upkeep\n|\n|t:|1788300389\n|switch|p2a: Mulch|Charizard, L50, M, shiny|100/100\n|turn|7\n|\n|t:|1788300392\n|detailschange|p2a: Mulch|Charizard-Mega-Y, L50, M, shiny\n|-mega|p2a: Mulch|Charizard|Charizardite Y\n|move|p1a: Venusaur|Sludge Bomb|p2a: Mulch\n|-damage|p2a: Mulch|80/100\n|move|p2a: Mulch|Weather Ball|p1a: Venusaur\n|-supereffective|p1a: Venusaur|1\n|-damage|p1a: Venusaur|0 fnt\n|faint|p1a: Venusaur\n|\n|win|AkariiVGC\n||AkariiVGC is ready for game 2.\n||testkaka is ready for game 2.\n|uhtml|next|Next: <a href=\"/battle-gen9championsvgc2026regmbbo3-2674109051\"><strong>Game 2 of 3</strong></a>\n|l|☆AkariiVGC\n|player|p2|\n","uploadtime":1788300841,"views":"4","formatid":"gen9championsvgc2026regmbbo3","rating":null,"private":0,"password":null}