{"id":"gen9championsvgc2026regmb-2674798601","format":"[Gen 9 Champions] VGC 2026 Reg M-B","players":["ClowneryVGC","gaylordxoxo"],"log":"|j|☆ClowneryVGC\n|j|☆gaylordxoxo\n|t:|1788408932\n|gametype|doubles\n|player|p1|ClowneryVGC|rocketgruntf|1040\n|player|p2|gaylordxoxo|dawn|1000\n|gen|9\n|tier|[Gen 9 Champions] VGC 2026 Reg M-B\n|rated|\n|rule|Species Clause: Limit one of each Pokémon\n|rule|Item Clause: Limit 1 of each item\n|clearpoke\n|poke|p1|Torkoal, L50, F, shiny|\n|poke|p1|Spiritomb, L50, M|\n|poke|p1|Dragalge, L50, F|\n|poke|p1|Mimikyu, L50, M, shiny|\n|poke|p1|Pangoro, L50, F, shiny|\n|poke|p1|Clefable, L50, M|\n|poke|p2|Whimsicott, L50, M|\n|poke|p2|Pelipper, L50, F|\n|poke|p2|Gyarados, L50, M|\n|poke|p2|Blaziken, L50, M|\n|poke|p2|Chandelure, L50, F|\n|poke|p2|Serperior, L50, M, shiny|\n|teampreview|4\ngaylordxoxo has agreed to open team sheets.\n|\n|t:|1788408971\n|teamsize|p1|4\n|teamsize|p2|4\n|start\n|switch|p1a: Torkoal|Torkoal, L50, F, shiny|100/100\n|switch|p1b: Spiritomb|Spiritomb, L50, M|100/100\n|switch|p2a: hello mario|Pelipper, L50, F|100/100\n|switch|p2b: MS PRESIDENT GE|Chandelure, L50, F|100/100\n|-weather|RainDance|[from] ability: Drizzle|[of] p2a: hello mario\n|-weather|SunnyDay|[from] ability: Drought|[of] p1a: Torkoal\n|turn|1\n|inactive|Battle timer is ON: inactive players will automatically lose when time's up. (requested by ClowneryVGC)\n|\n|t:|1788409015\n|move|p1a: Torkoal|Protect|p1a: Torkoal\n|-singleturn|p1a: Torkoal|Protect\n|move|p2b: MS PRESIDENT GE|Will-O-Wisp|p1b: Spiritomb|[miss]\n|-miss|p2b: MS PRESIDENT GE|p1b: Spiritomb\n|move|p2a: hello mario|Liquidation|p1a: Torkoal\n|-activate|p1a: Torkoal|move: Protect\n|move|p1b: Spiritomb|Trick Room|p1b: Spiritomb\n|-fieldstart|move: Trick Room|[of] p1b: Spiritomb\n|\n|-weather|SunnyDay|[upkeep]\n|upkeep\n|turn|2\n|inactive|gaylordxoxo has 30 seconds left.\n|\n|t:|1788409041\n|move|p1b: Spiritomb|Helping Hand|p1a: Torkoal\n|-singleturn|p1a: Torkoal|Helping Hand|[of] p1b: Spiritomb\n|move|p1a: Torkoal|Eruption|p2b: MS PRESIDENT GE|[spread] p2a,p2b\n|-resisted|p2a: hello mario|1\n|-resisted|p2b: MS PRESIDENT GE|1\n|-enditem|p2a: hello mario|Focus Sash\n|-damage|p2a: hello mario|1/100\n|-damage|p2b: MS PRESIDENT GE|20/100y\n|move|p2a: hello mario|Rain Dance|p2a: hello mario\n|-weather|RainDance\n|move|p2b: MS PRESIDENT GE|Will-O-Wisp|p1b: Spiritomb\n|-status|p1b: Spiritomb|brn\n|\n|-weather|RainDance|[upkeep]\n|-heal|p2b: MS PRESIDENT GE|27/100|[from] item: Leftovers\n|-damage|p1b: Spiritomb|94/100 brn|[from] brn\n|upkeep\n|turn|3\n|\n|t:|1788409065\n|switch|p2b: fire girl|Blaziken, L50, M|100/100\n|move|p1a: Torkoal|Eruption|p2a: hello mario|[spread] p2a,p2b\n|-resisted|p2a: hello mario|1\n|-resisted|p2b: fire girl|1\n|-damage|p2a: hello mario|0 fnt\n|-damage|p2b: fire girl|80/100\n|faint|p2a: hello mario\n|move|p1b: Spiritomb|Skill Swap|p1a: Torkoal\n|-activate|p1b: Spiritomb|Skill Swap|||[of] p1a: Torkoal\n|-hint|Skill Swap does not announce the abilities of the Pokémon when used between allies.\n|-weather|SunnyDay|[from] ability: Drought|[of] p1b: Spiritomb\n|\n|-weather|SunnyDay|[upkeep]\n|-damage|p1b: Spiritomb|88/100 brn|[from] brn\n|upkeep\n|\n|t:|1788409076\n|switch|p2a: fluffy boys|Whimsicott, L50, M|100/100\n|turn|4\n|\n|t:|1788409090\n|detailschange|p2b: fire girl|Blaziken-Mega, L50, M\n|-mega|p2b: fire girl|Blaziken|Blazikenite\n|move|p1b: Spiritomb|Helping Hand|p1a: Torkoal\n|-singleturn|p1a: Torkoal|Helping Hand|[of] p1b: Spiritomb\n|move|p2a: fluffy boys|Protect|p2a: fluffy boys\n|-singleturn|p2a: fluffy boys|Protect\n|move|p1a: Torkoal|Eruption|p2b: fire girl|[spread] p2b\n|-activate|p2a: fluffy boys|move: Protect\n|-resisted|p2b: fire girl|1\n|-damage|p2b: fire girl|4/100\n|move|p2b: fire girl|Bulk Up|p2b: fire girl\n|-boost|p2b: fire girl|atk|1\n|-boost|p2b: fire girl|def|1\n|\n|-weather|SunnyDay|[upkeep]\n|-damage|p1b: Spiritomb|82/100 brn|[from] brn\n|-ability|p2b: fire girl|Speed Boost|boost\n|-boost|p2b: fire girl|spe|1\n|upkeep\n|turn|5\n|inactive|gaylordxoxo has 30 seconds left.\n|\n|t:|1788409116\n|move|p1b: Spiritomb|Helping Hand|p1a: Torkoal\n|-singleturn|p1a: Torkoal|Helping Hand|[of] p1b: Spiritomb\n|move|p1a: Torkoal|Eruption|p2b: fire girl|[spread] p2a,p2b\n|-supereffective|p2a: fluffy boys|1\n|-resisted|p2b: fire girl|1\n|-damage|p2a: fluffy boys|0 fnt\n|-damage|p2b: fire girl|0 fnt\n|faint|p2a: fluffy boys\n|faint|p2b: fire girl\n|\n|-weather|SunnyDay|[upkeep]\n|-damage|p1b: Spiritomb|77/100 brn|[from] brn\n|-fieldend|move: Trick Room\n|upkeep\n|\n|t:|1788409133\n|switch|p2b: MS PRESIDENT GE|Chandelure, L50, F|27/100\n|turn|6\n|inactive|ClowneryVGC has 30 seconds left.\n|\n|t:|1788409166\n|move|p2b: MS PRESIDENT GE|Shadow Ball|p1b: Spiritomb\n|-damage|p1b: Spiritomb|38/100 brn\n|move|p1a: Torkoal|Eruption|p2b: MS PRESIDENT GE\n|-resisted|p2b: MS PRESIDENT GE|1\n|-damage|p2b: MS PRESIDENT GE|0 fnt\n|faint|p2b: MS PRESIDENT GE\n|\n|win|ClowneryVGC\n|raw|ClowneryVGC's rating: 1040 &rarr; <strong>1070</strong><br />(+30 for winning)\n|raw|gaylordxoxo's rating: 1000 &rarr; <strong>1000</strong><br />(+0 for losing)\n|l|☆gaylordxoxo\n|player|p2|\n","uploadtime":1788409180,"views":"2","formatid":"gen9championsvgc2026regmb","rating":1000,"private":0,"password":null}