{"id":"gen9championsvgc2026regmb-2674264208","format":"[Gen 9 Champions] VGC 2026 Reg M-B","players":["JavaDragon","bluedinocar"],"log":"|j|☆JavaDragon\n|j|☆bluedinocar\n|t:|1788326521\n|gametype|doubles\n|player|p1|JavaDragon|harlequin|1075\n|player|p2|bluedinocar|265|1131\n|gen|9\n|tier|[Gen 9 Champions] VGC 2026 Reg M-B\n|rated|\n|rule|Species Clause: Limit one of each Pokémon\n|rule|Item Clause: Limit 1 of each item\n|clearpoke\n|poke|p1|Eelektross, L50, M|\n|poke|p1|Sinistcha, L50|\n|poke|p1|Incineroar, L50, M|\n|poke|p1|Blastoise, L50, F|\n|poke|p1|Farigiraf, L50, M|\n|poke|p1|Pelipper, L50, M|\n|poke|p2|Staraptor, L50, F|\n|poke|p2|Basculegion, L50, M|\n|poke|p2|Garchomp, L50, M|\n|poke|p2|Arcanine-Hisui, L50, M|\n|poke|p2|Sinistcha, L50|\n|poke|p2|Morpeko, L50, M|\n|teampreview|4\n|c|☆bluedinocar|glhf ig\n|c|☆JavaDragon|Glhf!\n|c|☆JavaDragon|:)\nJavaDragon rejected open team sheets.\n|c|☆bluedinocar|:D\n|c|☆bluedinocar|last game the other guy was so lucky T_T\n|c|☆JavaDragon|RIP lolol\n|c|☆bluedinocar|lol\n|\n|t:|1788326580\n|teamsize|p1|4\n|teamsize|p2|4\n|start\n|switch|p1a: Wolfe's Incineroar|Incineroar, L50, M|100/100\n|switch|p1b: Matchaman|Sinistcha, L50|100/100\n|switch|p2a: Morpeko|Morpeko, L50, M|100/100\n|switch|p2b: Staraptor|Staraptor, L50, F|100/100\n|-ability|p2b: Staraptor|Intimidate|boost\n|-unboost|p1a: Wolfe's Incineroar|atk|1\n|-unboost|p1b: Matchaman|atk|1\n|-ability|p1a: Wolfe's Incineroar|Intimidate|boost\n|-unboost|p2a: Morpeko|atk|1\n|-unboost|p2b: Staraptor|atk|1\n|turn|1\n|c|☆JavaDragon|Morpeko is a pick I don't see a lot. Curious what you're using it for here :O\n|c|☆bluedinocar|xD\n|c|☆bluedinocar|lwk its a troll pick\n|c|☆JavaDragon|LOL\n|c|☆bluedinocar|wolfeys incin lol\n|c|☆JavaDragon|Ofc\n|\n|t:|1788326616\n|detailschange|p2b: Staraptor|Staraptor-Mega, L50, F\n|-mega|p2b: Staraptor|Staraptor|Staraptite\n|move|p2a: Morpeko|Fake Out|p1a: Wolfe's Incineroar\n|-damage|p1a: Wolfe's Incineroar|93/100\n|cant|p1a: Wolfe's Incineroar|flinch\n|move|p2b: Staraptor|Close Combat|p1a: Wolfe's Incineroar\n|-supereffective|p1a: Wolfe's Incineroar|1\n|-damage|p1a: Wolfe's Incineroar|34/100\n|-boost|p2b: Staraptor|def|1\n|-boost|p2b: Staraptor|spd|1\n|-enditem|p1a: Wolfe's Incineroar|Sitrus Berry|[eat]\n|-heal|p1a: Wolfe's Incineroar|58/100|[from] item: Sitrus Berry\n|move|p1b: Matchaman|Trick Room|p1b: Matchaman\n|-fieldstart|move: Trick Room|[of] p1b: Matchaman\n|\n|-formechange|p2a: Morpeko|Morpeko-Hangry|\n|upkeep\n|turn|2\n|c|☆bluedinocar|intimidate clutched ur incin there lol\n|c|☆JavaDragon|Ikr\n|c|☆bluedinocar|wow didnt expect TR\n|c|☆bluedinocar|especially from sinischa\n|c|☆JavaDragon|Tehe\n|c|☆bluedinocar|its like the most inconsisnte tr setter\n|c|☆JavaDragon|Not if you pair it with Farig or Incin\n|\n|t:|1788326682\n|switch|p1b: Bird|Pelipper, L50, M|100/100\n|-weather|RainDance|[from] ability: Drizzle|[of] p1b: Bird\n|move|p1a: Wolfe's Incineroar|Parting Shot|p2a: Morpeko\n|-unboost|p2a: Morpeko|atk|1\n|-unboost|p2a: Morpeko|spa|1\n|c|☆bluedinocar|ye ig\n|\n|t:|1788326688\n|switch|p1a: worm|Eelektross, L50, M|100/100|[from] Parting Shot\n|move|p2b: Staraptor|Close Combat|p1a: worm\n|-damage|p1a: worm|60/100\n|-boost|p2b: Staraptor|def|1\n|-boost|p2b: Staraptor|spd|1\n|move|p2a: Morpeko|Aura Wheel|p1b: Bird\n|-damage|p1b: Bird|78/100\n|-boost|p2a: Morpeko|spe|1\n|\n|-weather|RainDance|[upkeep]\n|-formechange|p2a: Morpeko|Morpeko|\n|upkeep\n|turn|3\n|c|☆bluedinocar|u should have parting shot my staraport trust\n|c|☆JavaDragon|Oh yeah fs\n|\n|t:|1788326722\n|detailschange|p1a: worm|Eelektross-Mega, L50, M\n|-mega|p1a: worm|Eelektross|Eelektrossite\n|move|p1b: Bird|Protect|p1b: Bird\n|-singleturn|p1b: Bird|Protect\n|move|p2b: Staraptor|Protect|p2b: Staraptor\n|-singleturn|p2b: Staraptor|Protect\n|move|p1a: worm|Thunder|p2b: Staraptor\n|-activate|p2b: Staraptor|move: Protect\n|move|p2a: Morpeko|Aura Wheel|p1b: Bird\n|-activate|p1b: Bird|move: Protect\n|\n|-weather|RainDance|[upkeep]\n|-formechange|p2a: Morpeko|Morpeko-Hangry|\n|upkeep\n|turn|4\n|c|☆JavaDragon|Ooh good call\n|c|☆bluedinocar|oo thunder\n|c|☆bluedinocar|hmm i should have swiched out there\n|c|☆JavaDragon|Maybe\n|c|☆bluedinocar|do i survive eletross thunder\n|c|☆bluedinocar|at _2\n|c|☆bluedinocar|+2 i better\n|c|☆JavaDragon|Uh with how I did my stats idk\n|\n|t:|1788326779\n|move|p1b: Bird|Hurricane|p2b: Staraptor\n|-supereffective|p2b: Staraptor|1\n|-damage|p2b: Staraptor|68/100\n|move|p1a: worm|Thunder|p2b: Staraptor\n|-supereffective|p2b: Staraptor|1\n|-damage|p2b: Staraptor|18/100\n|move|p2b: Staraptor|Close Combat|p1a: worm\n|-damage|p1a: worm|21/100\n|-boost|p2b: Staraptor|def|1\n|-boost|p2b: Staraptor|spd|1\n|move|p2a: Morpeko|Parting Shot|p2b: Staraptor\n|-boost|p2b: Staraptor|atk|1\n|-boost|p2b: Staraptor|spa|1\n|c|☆JavaDragon|FUCK\n|c|☆bluedinocar|u called it but i survive\n|c|☆bluedinocar|bc my evs r the goated set of all time\n|c|☆JavaDragon|Oh shit self parting??\n|c|☆bluedinocar|xD\n|c|☆JavaDragon|Oh wow\n|\n|t:|1788326803\n|switch|p2a: Sinistcha|Sinistcha, L50|100/100|[from] Parting Shot\n|-heal|p2b: Staraptor|43/100|[from] ability: Hospitality|[of] p2a: Sinistcha\n|\n|-weather|RainDance|[upkeep]\n|upkeep\n|turn|5\n|c|☆bluedinocar|and i heal lol\n|c|☆JavaDragon|Oh lord\n|c|☆JavaDragon|Boned I am\n|c|☆bluedinocar|i should just double protect lol\n|c|☆JavaDragon|Yeahhhh\n|c|☆JavaDragon|But will you\n|\n|t:|1788326852\n|switch|p1b: Matchaman|Sinistcha, L50|100/100\n|-heal|p1a: worm|46/100|[from] ability: Hospitality|[of] p1b: Matchaman\n|move|p2b: Staraptor|Protect|p2b: Staraptor\n|-singleturn|p2b: Staraptor|Protect\n|move|p2a: Sinistcha|Life Dew||[still]|[spread] p2a,p2b\n|-fail|p2a: Sinistcha|heal\n|-heal|p2b: Staraptor|68/100\n|move|p1a: worm|Thunder|p2b: Staraptor\n|-activate|p2b: Staraptor|move: Protect\n|\n|-weather|RainDance|[upkeep]\n|-fieldend|move: Trick Room\n|upkeep\n|turn|6\n|c|☆JavaDragon|NOPE\n|c|☆bluedinocar|no\n|c|☆bluedinocar|lol\n|c|☆JavaDragon|FUCK\n|c|☆bluedinocar|extra healing\n|c|☆bluedinocar|lol\n|\n|t:|1788326881\n|move|p2a: Sinistcha|Rage Powder|p2a: Sinistcha\n|-singleturn|p2a: Sinistcha|move: Rage Powder\n|move|p2b: Staraptor|Close Combat|p1a: worm\n|-damage|p1a: worm|0 fnt\n|-boost|p2b: Staraptor|def|1\n|-boost|p2b: Staraptor|spd|1\n|faint|p1a: worm\n|move|p1b: Matchaman|Trick Room|p1b: Matchaman\n|-fieldstart|move: Trick Room|[of] p1b: Matchaman\n|\n|-weather|none\n|upkeep\n|c|☆JavaDragon|Yikes\n|c|☆bluedinocar|oops forgot abu TR\n|\n|t:|1788326897\n|switch|p1a: Wolfe's Incineroar|Incineroar, L50, M|58/100\n|-ability|p1a: Wolfe's Incineroar|Intimidate|boost\n|-unboost|p2a: Sinistcha|atk|1\n|-boost|p2b: Staraptor|atk|1\n|turn|7\n|c|☆bluedinocar|i alwyas forget lol\n|c|☆JavaDragon|OH FUCK I FORGOT\n|c|☆bluedinocar|ty for the boost\n|c|☆bluedinocar|xD\n|c|☆JavaDragon|CONTRARY\n|c|☆JavaDragon|GOD DAMN IT\n|\n|t:|1788326920\n|move|p2b: Staraptor|Protect|p2b: Staraptor\n|-singleturn|p2b: Staraptor|Protect\n|move|p1b: Matchaman|Rage Powder|p1b: Matchaman\n|-singleturn|p1b: Matchaman|move: Rage Powder\n|move|p1a: Wolfe's Incineroar|Flare Blitz|p2a: Sinistcha\n|-supereffective|p2a: Sinistcha|1\n|-damage|p2a: Sinistcha|34/100\n|-enditem|p2a: Sinistcha|Sitrus Berry|[eat]\n|-heal|p2a: Sinistcha|59/100|[from] item: Sitrus Berry\n|-damage|p1a: Wolfe's Incineroar|40/100|[from] Recoil\n|move|p2a: Sinistcha|Psych Up|p2b: Staraptor\n|-copyboost|p2a: Sinistcha|p2b: Staraptor|[from] move: Psych Up\n|\n|upkeep\n|turn|8\n|c|☆bluedinocar|lemme just get rly bulky\n|\n|t:|1788326941\n|move|p1a: Wolfe's Incineroar|Parting Shot|p2a: Sinistcha\n|-unboost|p2a: Sinistcha|atk|1\n|-unboost|p2a: Sinistcha|spa|1\n|c|☆bluedinocar|yk i need my bulk\n|\n|t:|1788326946\n|switch|p1a: Bird|Pelipper, L50, M|78/100|[from] Parting Shot\n|-weather|RainDance|[from] ability: Drizzle|[of] p1a: Bird\n|move|p2a: Sinistcha|Life Dew|p2a: Sinistcha|[spread] p2a,p2b\n|-heal|p2a: Sinistcha|84/100\n|-heal|p2b: Staraptor|93/100\n|move|p1b: Matchaman|Matcha Gotcha|p2b: Staraptor|[spread] p2a,p2b\n|-resisted|p2a: Sinistcha|1\n|-resisted|p2b: Staraptor|1\n|-damage|p2a: Sinistcha|78/100\n|-damage|p2b: Staraptor|90/100\n|move|p2b: Staraptor|Close Combat|p1a: Bird\n|-resisted|p1a: Bird|1\n|-damage|p1a: Bird|41/100\n|-boost|p2b: Staraptor|def|1\n|-boost|p2b: Staraptor|spd|1\n|\n|-weather|RainDance|[upkeep]\n|upkeep\n|turn|9\n|c|☆bluedinocar|no burn pls\n|c|☆JavaDragon|Oh my god I did nothing\n|c|☆bluedinocar|lol\n|c|☆bluedinocar|pls dont crit\n|\n|t:|1788326974\n|move|p2a: Sinistcha|Rage Powder|p2a: Sinistcha\n|-singleturn|p2a: Sinistcha|move: Rage Powder\n|move|p1b: Matchaman|Rage Powder|p1b: Matchaman\n|-singleturn|p1b: Matchaman|move: Rage Powder\n|move|p1a: Bird|Hurricane|p2a: Sinistcha\n|-supereffective|p2a: Sinistcha|1\n|-damage|p2a: Sinistcha|47/100\n|-start|p2a: Sinistcha|confusion\n|move|p2b: Staraptor|Close Combat|p1b: Matchaman\n|-immune|p1b: Matchaman\n|\n|-weather|RainDance|[upkeep]\n|upkeep\n|turn|10\n|c|☆JavaDragon|CRIT GODS\n|c|☆JavaDragon|BRO\n|c|☆bluedinocar|lol\n|c|☆JavaDragon|WHAT IS THIS SINISTCHA\n|c|☆bluedinocar|u got confusion tho\n|c|☆JavaDragon|True\n|c|☆bluedinocar|lol its a +3 psych up sisnichta\n|c|☆JavaDragon|I have NEVER seen that\n|\n|t:|1788327009\n|move|p2b: Staraptor|Protect|p2b: Staraptor\n|-singleturn|p2b: Staraptor|Protect\n|move|p1a: Bird|Hurricane|p2a: Sinistcha\n|-supereffective|p2a: Sinistcha|1\n|-damage|p2a: Sinistcha|16/100\n|-activate|p2a: Sinistcha|confusion\n|move|p2a: Sinistcha|Life Dew|p2a: Sinistcha|[spread] p2a,p2b\n|-heal|p2a: Sinistcha|41/100\n|-heal|p2b: Staraptor|100/100\n|move|p1b: Matchaman|Matcha Gotcha|p2a: Sinistcha|[spread] p2a\n|-activate|p2b: Staraptor|move: Protect\n|-resisted|p2a: Sinistcha|1\n|-damage|p2a: Sinistcha|36/100\n|\n|-weather|RainDance|[upkeep]\n|-fieldend|move: Trick Room\n|upkeep\n|turn|11\n|c|☆JavaDragon|Gimmicky Morpeko was funny ngl\n|c|☆bluedinocar|lol\n|c|☆bluedinocar|had endeavor too\n|c|☆JavaDragon|Wtf\n|c|☆bluedinocar|idea is that it goes down to sash and no one expects it to do anything\n|c|☆JavaDragon|Ohhhh\n|c|☆bluedinocar|but its fast bc of aurawheel or wtv\n|c|☆JavaDragon|Thank god I ignored tf out of it\n|c|☆bluedinocar|and it has 58 hp anyways\n|c|☆JavaDragon|Weak little thing\n|\n|t:|1788327072\n|-activate|p2a: Sinistcha|confusion\n|move|p2a: Sinistcha|Rage Powder|p2a: Sinistcha\n|-singleturn|p2a: Sinistcha|move: Rage Powder\n|move|p2b: Staraptor|Dual Wingbeat|p1a: Bird\n|-damage|p1a: Bird|16/100\n|-crit|p1a: Bird\n|-damage|p1a: Bird|0 fnt\n|faint|p1a: Bird\n|-hitcount|p1: Bird|2\n|move|p1b: Matchaman|Trick Room|p1b: Matchaman\n|-fieldstart|move: Trick Room|[of] p1b: Matchaman\n|\n|-weather|RainDance|[upkeep]\n|upkeep\n|c|☆bluedinocar|there goes the bird\n|c|☆JavaDragon|Oh crit\n|\n|t:|1788327084\n|switch|p1a: Wolfe's Incineroar|Incineroar, L50, M|40/100\n|-ability|p1a: Wolfe's Incineroar|Intimidate|boost\n|-unboost|p2a: Sinistcha|atk|1\n|-boost|p2b: Staraptor|atk|1\n|turn|12\n|c|☆JavaDragon|yeah GGs\n|c|☆JavaDragon|No way through the bulk\n|c|☆bluedinocar|crit lwk didnt matter ngl, if my sisnischat goes down i get fake out\n|c|☆bluedinocar|lol\n|c|☆bluedinocar|+2 attack\n|c|☆bluedinocar|now\n|c|☆JavaDragon|Yeah\n|c|☆bluedinocar|ty for the boost lol\n|\n|t:|1788327116\n|move|p2b: Staraptor|Protect|p2b: Staraptor\n|-singleturn|p2b: Staraptor|Protect\n|move|p1a: Wolfe's Incineroar|Flare Blitz|p2a: Sinistcha\n|-supereffective|p2a: Sinistcha|1\n|-damage|p2a: Sinistcha|25/100\n|-damage|p1a: Wolfe's Incineroar|36/100|[from] Recoil\n|move|p1b: Matchaman|Matcha Gotcha|p2b: Staraptor|[spread] p2a\n|-activate|p2b: Staraptor|move: Protect\n|-resisted|p2a: Sinistcha|1\n|-damage|p2a: Sinistcha|21/100\n|-activate|p2a: Sinistcha|confusion\n|-damage|p2a: Sinistcha|19/100|[from] confusion\n|\n|-weather|none\n|upkeep\n|turn|13\n|c|☆bluedinocar|wow 11 dmg\n|c|☆bluedinocar|and 5 dmg\n|c|☆bluedinocar|wow\n|c|☆JavaDragon|This team is really interesting ngl even without the gimmicky Morpeko\n|c|☆bluedinocar|and it hit itself\n|c|☆bluedinocar|ye lol\n|\n|t:|1788327143\n|-end|p2a: Sinistcha|confusion\n|move|p2a: Sinistcha|Rage Powder|p2a: Sinistcha\n|-singleturn|p2a: Sinistcha|move: Rage Powder\n|move|p1a: Wolfe's Incineroar|Flare Blitz|p2a: Sinistcha\n|-supereffective|p2a: Sinistcha|1\n|-damage|p2a: Sinistcha|0 fnt\n|faint|p2a: Sinistcha\n|-damage|p1a: Wolfe's Incineroar|30/100|[from] Recoil\n|move|p1b: Matchaman|Matcha Gotcha|p2b: Staraptor\n|-resisted|p2b: Staraptor|1\n|-damage|p2b: Staraptor|96/100\n|move|p2b: Staraptor|Close Combat|p1a: Wolfe's Incineroar\n|-supereffective|p1a: Wolfe's Incineroar|1\n|-damage|p1a: Wolfe's Incineroar|0 fnt\n|-boost|p2b: Staraptor|def|1\n|-boost|p2b: Staraptor|spd|1\n|faint|p1a: Wolfe's Incineroar\n|\n|upkeep\n|c|☆bluedinocar|welp\n|c|☆bluedinocar|it did its job\n|c|☆JavaDragon|Yeah GG\n|c|☆bluedinocar|gg\n|\n|t:|1788327161\n|switch|p2a: Morpeko|Morpeko, L50, M|100/100\n|turn|14\n|c|☆JavaDragon|Yikes\n|c|☆bluedinocar|lwk i need morpeko to get this kill lol\n|\n|t:|1788327177\n|move|p1b: Matchaman|Protect|p1b: Matchaman\n|-singleturn|p1b: Matchaman|Protect\n|move|p2b: Staraptor|Protect|p2b: Staraptor\n|-singleturn|p2b: Staraptor|Protect\n|move|p2a: Morpeko|Parting Shot|p2b: Staraptor\n|-activate|p2b: Staraptor|move: Protect\n|\n|-formechange|p2a: Morpeko|Morpeko-Hangry|\n|upkeep\n|turn|15\n|\n|t:|1788327190\n|move|p1b: Matchaman|Matcha Gotcha|p2a: Morpeko|[spread] p2a,p2b\n|-resisted|p2b: Staraptor|1\n|-damage|p2a: Morpeko|45/100\n|-damage|p2b: Staraptor|94/100\n|move|p2b: Staraptor|Tailwind|p2b: Staraptor\n|-sidestart|p2: bluedinocar|move: Tailwind\n|move|p2a: Morpeko|Aura Wheel|p1b: Matchaman\n|-supereffective|p1b: Matchaman|1\n|-damage|p1b: Matchaman|21/100\n|-boost|p2a: Morpeko|spe|1\n|\n|-fieldend|move: Trick Room\n|-formechange|p2a: Morpeko|Morpeko|\n|upkeep\n|turn|16\n|c|☆bluedinocar|D:\n|c|☆bluedinocar|didnt ko\n|\n|t:|1788327206\n|move|p2b: Staraptor|Protect|p2b: Staraptor\n|-singleturn|p2b: Staraptor|Protect\n|move|p2a: Morpeko|Aura Wheel|p1b: Matchaman\n|-resisted|p1b: Matchaman|1\n|-damage|p1b: Matchaman|3/100\n|-boost|p2a: Morpeko|spe|1\n|move|p1b: Matchaman|Matcha Gotcha|p2a: Morpeko|[spread] \n|-activate|p2b: Staraptor|move: Protect\n|-miss|p1b: Matchaman|p2a: Morpeko\n|\n|-formechange|p2a: Morpeko|Morpeko-Hangry|\n|upkeep\n|turn|17\n|c|☆JavaDragon|TEHE\n|c|☆JavaDragon|Yea but tailwind\n|c|☆bluedinocar|this KOs?\n|c|☆bluedinocar|omg\n|c|☆bluedinocar|bru\n|c|☆JavaDragon|OH MY\n|c|☆bluedinocar|so weak\n|c|☆bluedinocar|but it avoids\n|c|☆JavaDragon|And I missed\n|c|☆bluedinocar|www\n|c|☆JavaDragon|Damn\n|\n|t:|1788327229\n|move|p1b: Matchaman|Rage Powder|p1b: Matchaman\n|-singleturn|p1b: Matchaman|move: Rage Powder\n|move|p2a: Morpeko|Aura Wheel|p1b: Matchaman\n|-supereffective|p1b: Matchaman|1\n|-damage|p1b: Matchaman|0 fnt\n|-boost|p2a: Morpeko|spe|1\n|faint|p1b: Matchaman\n|\n|win|bluedinocar\n|raw|JavaDragon's rating: 1075 &rarr; <strong>1057</strong><br />(-18 for losing)\n|raw|bluedinocar's rating: 1131 &rarr; <strong>1152</strong><br />(+21 for winning)\n|c|☆bluedinocar|gg lol\n|c|☆JavaDragon|GGwp\n|c|☆bluedinocar|17 turns wow\n|c|☆JavaDragon|Damn\n|c|☆bluedinocar|3 trick rooms went up\n|c|☆bluedinocar|lol\n|c|☆JavaDragon|Yea your team felt like a stall ngl\n|c|☆bluedinocar|ggwp\n|c|☆bluedinocar|xD\n|c|☆JavaDragon|GGwp\n|l|☆JavaDragon\n|player|p1|\n","uploadtime":1788327258,"views":"1","formatid":"gen9championsvgc2026regmb","rating":1057,"private":0,"password":null}