{"id":"gen9championsvgc2026regmb-2674718660","format":"[Gen 9 Champions] VGC 2026 Reg M-B","players":["element111","ylluser"],"log":"|j|☆element111\n|j|☆ylluser\n|t:|1788395420\n|gametype|doubles\n|player|p1|element111|169|1369\n|player|p2|ylluser|n|1342\n|gen|9\n|tier|[Gen 9 Champions] VGC 2026 Reg M-B\n|rated|\n|rule|Species Clause: Limit one of each Pokémon\n|rule|Item Clause: Limit 1 of each item\n|clearpoke\n|poke|p1|Scovillain, L50, F, shiny|\n|poke|p1|Basculegion, L50, M|\n|poke|p1|Kingambit, L50, F|\n|poke|p1|Sneasler, L50, M|\n|poke|p1|Lycanroc-Dusk, L50, F|\n|poke|p1|Froslass, L50, F|\n|poke|p2|Charizard, L50, F|\n|poke|p2|Whimsicott, L50, M|\n|poke|p2|Garchomp, L50, F|\n|poke|p2|Floette-Eternal, L50, F|\n|poke|p2|Basculegion, L50, M|\n|poke|p2|Kingambit, L50, F|\n|teampreview|4\n|inactive|Battle timer is ON: inactive players will automatically lose when time's up. (requested by ylluser)\n|inactive|element111 has 60 seconds left.\n|inactive|ylluser has 60 seconds left.\n|\n|t:|1788395462\n|teamsize|p1|4\n|teamsize|p2|4\n|start\n|switch|p1a: The X-Axis|Scovillain, L50, F, shiny|100/100\n|switch|p1b: The Balance|Lycanroc-Dusk, L50, F|100/100\n|switch|p2a: Whimsicott|Whimsicott, L50, M|100/100\n|switch|p2b: Kingambit|Kingambit, L50, F|100/100\n|turn|1\n|inactive|element111 has 30 seconds left.\n|\n|t:|1788395493\n|detailschange|p1a: The X-Axis|Scovillain-Mega, L50, F, shiny\n|-mega|p1a: The X-Axis|Scovillain|Scovillainite\n|move|p2a: Whimsicott|Tailwind|p2a: Whimsicott\n|-sidestart|p2: ylluser|move: Tailwind\n|move|p2b: Kingambit|Iron Head|p1b: The Balance\n|-supereffective|p1b: The Balance|1\n|-enditem|p1b: The Balance|Focus Sash\n|-damage|p1b: The Balance|1/100\n|move|p1b: The Balance|Close Combat|p2b: Kingambit\n|-supereffective|p2b: Kingambit|2\n|-damage|p2b: Kingambit|0 fnt\n|-unboost|p1b: The Balance|def|1\n|-unboost|p1b: The Balance|spd|1\n|faint|p2b: Kingambit\n|move|p1a: The X-Axis|Overheat|p2a: Whimsicott\n|-supereffective|p2a: Whimsicott|1\n|-enditem|p2a: Whimsicott|Focus Sash\n|-damage|p2a: Whimsicott|1/100\n|-unboost|p1a: The X-Axis|spa|2\n|\n|upkeep\n|\n|t:|1788395505\n|switch|p2b: Basculegion|Basculegion, L50, M|100/100\n|turn|2\n|\n|t:|1788395522\n|move|p2a: Whimsicott|Protect|p2a: Whimsicott\n|-singleturn|p2a: Whimsicott|Protect\n|move|p1a: The X-Axis|Rage Powder|p1a: The X-Axis\n|-singleturn|p1a: The X-Axis|move: Rage Powder\n|move|p2b: Basculegion|Aqua Jet|p1a: The X-Axis\n|-damage|p1a: The X-Axis|67/100\n|-status|p2b: Basculegion|brn|[from] ability: Spicy Spray|[of] p1a: The X-Axis\n|-damage|p2b: Basculegion|90/100 brn|[from] item: Life Orb\n|move|p1b: The Balance|Accelerock|p2a: Whimsicott\n|-activate|p2a: Whimsicott|move: Protect\n|\n|-damage|p2b: Basculegion|84/100 brn|[from] brn\n|upkeep\n|turn|3\n|inactive|ylluser has 30 seconds left.\n|\n|t:|1788395550\n|switch|p2a: Floette|Floette-Eternal, L50, F|100/100\n|move|p1b: The Balance|Accelerock|p2a: Floette\n|-damage|p2a: Floette|63/100\n|move|p2b: Basculegion|Last Respects|p1a: The X-Axis\n|-damage|p1a: The X-Axis|29/100\n|-damage|p2b: Basculegion|74/100 brn|[from] item: Life Orb\n|move|p1a: The X-Axis|Giga Drain|p2b: Basculegion\n|-supereffective|p2b: Basculegion|1\n|-damage|p2b: Basculegion|38/100 brn\n|-heal|p1a: The X-Axis|50/100g|[from] drain|[of] p2b: Basculegion\n|\n|-damage|p2b: Basculegion|32/100 brn|[from] brn\n|upkeep\n|turn|4\n|\n|t:|1788395574\n|switch|p2b: Whimsicott|Whimsicott, L50, M|1/100\n|detailschange|p2a: Floette|Floette-Mega, L50, F\n|-mega|p2a: Floette|Floette|Floettite\n|-ability|p2a: Floette|Fairy Aura\n|move|p1b: The Balance|Protect|p1b: The Balance\n|-singleturn|p1b: The Balance|Protect\n|move|p1a: The X-Axis|Protect|p1a: The X-Axis\n|-singleturn|p1a: The X-Axis|Protect\n|move|p2a: Floette|Dazzling Gleam|p1a: The X-Axis|[spread] \n|-activate|p1a: The X-Axis|move: Protect\n|-activate|p1b: The Balance|move: Protect\n|\n|-sideend|p2: ylluser|move: Tailwind\n|upkeep\n|turn|5\n|\n|t:|1788395597\n|move|p2b: Whimsicott|Encore|p1b: The Balance\n|-start|p1b: The Balance|Encore\n|move|p1b: The Balance|Protect|p1b: The Balance\n|-singleturn|p1b: The Balance|Protect\n|move|p2a: Floette|Moonblast|p1a: The X-Axis\n|-resisted|p1a: The X-Axis|1\n|-damage|p1a: The X-Axis|6/100\n|-status|p2a: Floette|brn|[from] ability: Spicy Spray|[of] p1a: The X-Axis\n|move|p1a: The X-Axis|Giga Drain|p2a: Floette\n|-damage|p2a: Floette|50/100g brn\n|-heal|p1a: The X-Axis|12/100|[from] drain|[of] p2a: Floette\n|\n|-damage|p2a: Floette|44/100 brn|[from] brn\n|upkeep\n|turn|6\n|\n|t:|1788395614\n|switch|p1b: The Deathdealing|Sneasler, L50, M|100/100\n|move|p1a: The X-Axis|Rage Powder|p1a: The X-Axis\n|-singleturn|p1a: The X-Axis|move: Rage Powder\n|move|p2b: Whimsicott|Tailwind|p2b: Whimsicott\n|-sidestart|p2: ylluser|move: Tailwind\n|move|p2a: Floette|Dazzling Gleam|p1a: The X-Axis|[spread] p1a,p1b\n|-resisted|p1a: The X-Axis|1\n|-damage|p1a: The X-Axis|0 fnt\n|-damage|p1b: The Deathdealing|42/100\n|faint|p1a: The X-Axis\n|\n|-damage|p2a: Floette|38/100 brn|[from] brn\n|upkeep\n|\n|t:|1788395624\n|switch|p1a: The Balance|Lycanroc-Dusk, L50, F|1/100\n|turn|7\n|\n|t:|1788395636\n|move|p2b: Whimsicott|Protect|p2b: Whimsicott\n|-singleturn|p2b: Whimsicott|Protect\n|move|p2a: Floette|Protect|p2a: Floette\n|-singleturn|p2a: Floette|Protect\n|move|p1b: The Deathdealing|Fake Out|p2a: Floette\n|-activate|p2a: Floette|move: Protect\n|move|p1a: The Balance|Accelerock|p2b: Whimsicott\n|-activate|p2b: Whimsicott|move: Protect\n|\n|-damage|p2a: Floette|31/100 brn|[from] brn\n|upkeep\n|turn|8\n|\n|t:|1788395655\n|move|p1a: The Balance|Accelerock|p2a: Floette\n|-damage|p2a: Floette|2/100 brn\n|move|p2b: Whimsicott|Moonblast|p1b: The Deathdealing\n|-crit|p1b: The Deathdealing\n|-damage|p1b: The Deathdealing|0 fnt\n|faint|p1b: The Deathdealing\n|move|p2a: Floette|Dazzling Gleam|p1a: The Balance\n|-damage|p1a: The Balance|0 fnt\n|faint|p1a: The Balance\n|\n|-damage|p2a: Floette|0 fnt|[from] brn\n|faint|p2a: Floette\n|upkeep\n|\n|t:|1788395667\n|switch|p1b: The Almighty|Kingambit, L50, F|100/100\n|switch|p2a: Basculegion|Basculegion, L50, M|32/100 brn\n|turn|9\n|inactive|element111 has 30 seconds left.\n|inactive|element111 has 20 seconds left.\n|inactive|element111 has 15 seconds left.\n|\n|t:|1788395712\n|move|p2a: Basculegion|Aqua Jet|p1b: The Almighty\n|-damage|p1b: The Almighty|85/100\n|-damage|p2a: Basculegion|23/100 brn|[from] item: Life Orb\n|move|p2b: Whimsicott|Moonblast|p1b: The Almighty\n|-damage|p1b: The Almighty|54/100\n|move|p1b: The Almighty|Kowtow Cleave|p2b: Whimsicott\n|-resisted|p2b: Whimsicott|1\n|-damage|p2b: Whimsicott|0 fnt\n|faint|p2b: Whimsicott\n|\n|-damage|p2a: Basculegion|17/100 brn|[from] brn\n|-sideend|p2: ylluser|move: Tailwind\n|upkeep\n|turn|10\n|\n|t:|1788395727\n|move|p1b: The Almighty|Protect|p1b: The Almighty\n|-singleturn|p1b: The Almighty|Protect\n|move|p2a: Basculegion|Last Respects|p1b: The Almighty\n|-activate|p1b: The Almighty|move: Protect\n|\n|-damage|p2a: Basculegion|11/100 brn|[from] brn\n|upkeep\n|turn|11\n|\n|t:|1788395737\n|move|p1b: The Almighty|Sucker Punch|p2a: Basculegion\n|-supereffective|p2a: Basculegion|1\n|-damage|p2a: Basculegion|0 fnt\n|faint|p2a: Basculegion\n|\n|win|element111\n|raw|element111's rating: 1369 &rarr; <strong>1387</strong><br />(+18 for winning)\n|raw|ylluser's rating: 1342 &rarr; <strong>1324</strong><br />(-18 for losing)\n|c|☆element111|gg\n","uploadtime":1788395746,"views":"0","formatid":"gen9championsvgc2026regmb","rating":1324,"private":0,"password":null}