{"id":"gen9championsvgc2026regmbbo3-2674050909","format":"[Gen 9 Champions] VGC 2026 Reg M-B (Bo3)","players":["JakAttack626","ThundaFang(Raiga)"],"log":"|j|☆JakAttack626\n|j|☆ThundaFang(Raiga)\n|html|<table width=\"100%\"><tr><td align=\"left\">JakAttack626</td><td align=\"right\">ThundaFang(Raiga)</tr><tr><td align=\"left\"><i class=\"fa fa-circle\"></i> <i class=\"fa fa-circle-o\"></i> </td><td align=\"right\"><i class=\"fa fa-circle-o\"></i> <i class=\"fa fa-circle\"></i> </tr></table>\n|uhtml|bestof|<h2><strong>Game 3</strong> of <a href=\"/game-bestof3-gen9championsvgc2026regmbbo3-2674047026\">a best-of-3</a></h2>\n|t:|1788292699\n|gametype|doubles\n|player|p1|JakAttack626|pryce|1052\n|player|p2|ThundaFang(Raiga)|ltsurge|1082\n|gen|9\n|tier|[Gen 9 Champions] VGC 2026 Reg M-B (Bo3)\n|rated|\n|rule|Species Clause: Limit one of each Pokémon\n|rule|Item Clause: Limit 1 of each item\n|clearpoke\n|poke|p1|Scovillain, L50, F, shiny|\n|poke|p1|Basculegion, L50, M|\n|poke|p1|Kingambit, L50, M|\n|poke|p1|Sneasler, L50, M|\n|poke|p1|Lycanroc-Dusk, L50, F|\n|poke|p1|Froslass, L50, F|\n|poke|p2|Charizard, L50, M, shiny|\n|poke|p2|Kangaskhan, L50, F|\n|poke|p2|Talonflame, L50, M, shiny|\n|poke|p2|Farigiraf, L50, M, shiny|\n|poke|p2|Garchomp, L50, M|\n|poke|p2|Ninetales-Alola, L50, F|\n|teampreview|4\n|showteam|p1|Scovillain||Scovillainite|Moody|GigaDrain,Overheat,RagePowder,Protect|Bold||F|||50|]Basculegion||LifeOrb|Adaptability|WaveCrash,AquaJet,LastRespects,Protect|Adamant||M|||50|]Kingambit||BlackGlasses|Defiant|KowtowCleave,SuckerPunch,SwordsDance,Protect|Adamant||M|||50|]Sneasler||WhiteHerb|Unburden|DireClaw,CloseCombat,FakeOut,Protect|Adamant||M|||50|]Lycanroc-Dusk||FocusSash|ToughClaws|RockSlide,CloseCombat,Accelerock,Protect|Adamant||F|||50|]Froslass||Froslassite|CursedBody|Blizzard,ShadowBall,AuroraVeil,Protect|Timid||F|||50|\n|showteam|p2|Charizard||CharizarditeY|SolarPower|HeatWave,SolarBeam,WeatherBall,Protect|Bold||M|||50|]Kangaskhan||Kangaskhanite|Scrappy|HammerArm,FakeOut,DoubleEdge,SuckerPunch|Adamant||F|||50|]Talonflame||FocusSash|FlameBody|Tailwind,Protect,BraveBird,FlareBlitz|Adamant||M|||50|]Farigiraf||SitrusBerry|ArmorTail|TrickRoom,HelpingHand,Protect,Psychic|Bold||M|||50|]Garchomp||Leftovers|RoughSkin|Earthquake,RockSlide,DragonClaw,Protect|Adamant||M|||50|]Ninetales-Alola||LifeOrb|SnowWarning|Blizzard,Moonblast,Protect,AuroraVeil|Calm||F|||50|\n|inactive|Battle timer is ON: inactive players will automatically lose when time's up. (requested by JakAttack626)\n|\n|t:|1788292734\n|teamsize|p1|4\n|teamsize|p2|4\n|start\n|switch|p1a: Dirt road|Lycanroc-Dusk, L50, F|100/100\n|switch|p1b: Beeeep|Froslass, L50, F|100/100\n|switch|p2a: Guts|Farigiraf, L50, M, shiny|100/100\n|switch|p2b: Majestic|Charizard, L50, M, shiny|100/100\n|turn|1\n|c|☆ThundaFang(Raiga)|Ayones game let's see if I can't squirm my way outta this one glhf\n|\n|t:|1788292752\n|switch|p1b: SeaWater|Basculegion, L50, M|100/100\n|move|p2b: Majestic|Protect|p2b: Majestic\n|-singleturn|p2b: Majestic|Protect\n|move|p1a: Dirt road|Rock Slide|p2b: Majestic|[spread] \n|-activate|p2b: Majestic|move: Protect\n|-miss|p1a: Dirt road|p2a: Guts\n|move|p2a: Guts|Trick Room|p2a: Guts\n|-fieldstart|move: Trick Room|[of] p2a: Guts\n|\n|upkeep\n|turn|2\n|c|☆JakAttack626|glhf friend!\n|\n|t:|1788292777\n|switch|p2b: John|Ninetales-Alola, L50, F|100/100\n|-weather|Snowscape|[from] ability: Snow Warning|[of] p2b: John\n|move|p1b: SeaWater|Protect|p1b: SeaWater\n|-singleturn|p1b: SeaWater|Protect\n|move|p2a: Guts|Psychic|p1a: Dirt road\n|-damage|p1a: Dirt road|45/100\n|move|p1a: Dirt road|Rock Slide|p2b: John|[spread] p2a,p2b\n|-supereffective|p2b: John|1\n|-damage|p2a: Guts|77/100\n|-damage|p2b: John|50/100y\n|\n|-weather|Snowscape|[upkeep]\n|upkeep\n|turn|3\n|\n|t:|1788292800\n|switch|p1a: Beeeep|Froslass, L50, F|100/100\n|move|p2a: Guts|Psychic|p1a: Beeeep\n|-crit|p1a: Beeeep\n|-damage|p1a: Beeeep|36/100\n|move|p1b: SeaWater|Wave Crash|p2a: Guts\n|-damage|p2a: Guts|0 fnt\n|faint|p2a: Guts\n|-damage|p1b: SeaWater|74/100|[from] Recoil\n|-damage|p1b: SeaWater|65/100|[from] item: Life Orb\n|move|p2b: John|Moonblast|p1b: SeaWater\n|-damage|p1b: SeaWater|8/100\n|-damage|p2b: John|40/100|[from] item: Life Orb\n|\n|-weather|Snowscape|[upkeep]\n|upkeep\n|\n|t:|1788292817\n|switch|p2a: Captain|Talonflame, L50, M, shiny|100/100\n|turn|4\n|\n|t:|1788292825\n|move|p1a: Beeeep|Protect|p1a: Beeeep\n|-singleturn|p1a: Beeeep|Protect\n|move|p1b: SeaWater|Aqua Jet|p2a: Captain\n|-supereffective|p2a: Captain|1\n|-enditem|p2a: Captain|Focus Sash\n|-damage|p2a: Captain|1/100\n|-damage|p1b: SeaWater|0 fnt|[from] item: Life Orb\n|faint|p1b: SeaWater\n|move|p2b: John|Moonblast|p1a: Beeeep\n|-activate|p1a: Beeeep|move: Protect\n|move|p2a: Captain|Brave Bird|p1a: Beeeep\n|-activate|p1a: Beeeep|move: Protect\n|\n|-weather|Snowscape|[upkeep]\n|upkeep\n|\n|t:|1788292833\n|switch|p1b: Dirt road|Lycanroc-Dusk, L50, F|45/100\n|turn|5\n|\n|t:|1788292840\n|move|p1b: Dirt road|Accelerock|p2a: Captain\n|-supereffective|p2a: Captain|2\n|-damage|p2a: Captain|0 fnt\n|faint|p2a: Captain\n|move|p2b: John|Moonblast|p1b: Dirt road\n|-damage|p1b: Dirt road|0 fnt\n|faint|p1b: Dirt road\n|-damage|p2b: John|31/100|[from] item: Life Orb\n|move|p1a: Beeeep|Shadow Ball|p2b: John\n|-damage|p2b: John|8/100\n|-unboost|p2b: John|spd|1\n|\n|-weather|Snowscape|[upkeep]\n|-fieldend|move: Trick Room\n|upkeep\n|\n|t:|1788292846\n|switch|p2a: Majestic|Charizard, L50, M, shiny|100/100\n|switch|p1b: Kachow|Sneasler, L50, M|100/100\n|turn|6\n|\n|t:|1788292859\n|detailschange|p1a: Beeeep|Froslass-Mega, L50, F\n|-mega|p1a: Beeeep|Froslass|Froslassite\n|move|p2b: John|Protect|p2b: John\n|-singleturn|p2b: John|Protect\n|move|p2a: Majestic|Protect|p2a: Majestic\n|-singleturn|p2a: Majestic|Protect\n|move|p1b: Kachow|Fake Out|p2b: John\n|-activate|p2b: John|move: Protect\n|move|p1a: Beeeep|Shadow Ball|p2a: Majestic\n|-activate|p2a: Majestic|move: Protect\n|\n|-weather|none\n|upkeep\n|turn|7\n|\n|t:|1788292874\n|detailschange|p2a: Majestic|Charizard-Mega-Y, L50, M, shiny\n|-mega|p2a: Majestic|Charizard|Charizardite Y\n|-weather|SunnyDay|[from] ability: Drought|[of] p2a: Majestic\n|move|p1a: Beeeep|Shadow Ball|p2a: Majestic\n|-damage|p2a: Majestic|67/100\n|move|p1b: Kachow|Dire Claw|p2a: Majestic\n|-damage|p2a: Majestic|31/100\n|move|p2b: John|Moonblast|p1a: Beeeep\n|-damage|p1a: Beeeep|0 fnt\n|faint|p1a: Beeeep\n|-damage|p2b: John|0 fnt|[from] item: Life Orb\n|faint|p2b: John\n|move|p2a: Majestic|Heat Wave|p1b: Kachow\n|-damage|p1b: Kachow|11/100\n|\n|-weather|SunnyDay|[upkeep]\n|upkeep\n|turn|8\n|\n|t:|1788292895\n|move|p1b: Kachow|Dire Claw|p2a: Majestic\n|-damage|p2a: Majestic|0 fnt\n|faint|p2a: Majestic\n|\n|win|JakAttack626\n|raw|JakAttack626's rating: 1052 &rarr; <strong>1087</strong><br />(+35 for winning)\n|raw|ThundaFang(Raiga)'s rating: 1082 &rarr; <strong>1058</strong><br />(-24 for losing)\n|c|☆ThundaFang(Raiga)|Ahh gg\n|c|☆JakAttack626|stressful\n|c|☆ThundaFang(Raiga)|Cool tem\n|c|☆JakAttack626|ggs haha\n|c|☆JakAttack626|u 2\n","uploadtime":1788292896,"views":"0","formatid":"gen9championsvgc2026regmbbo3","rating":1058,"private":0,"password":null}