{"id":"gen9championsvgc2026regmb-2674237506","format":"[Gen 9 Champions] VGC 2026 Reg M-B","players":["wakaishi","Jyobii"],"log":"|j|☆wakaishi\n|j|☆Jyobii\n|html|<table width=\"100%\"><tr><td align=\"left\">wakaishi</td><td align=\"right\">Jyobii</tr><tr><td align=\"left\"><i class=\"fa fa-circle-o\"></i> <i class=\"fa fa-circle-o\"></i> </td><td align=\"right\"><i class=\"fa fa-circle-o\"></i> <i class=\"fa fa-circle-o\"></i> </tr></table>\n|uhtml|bestof|<h2><strong>Game 1</strong> of <a href=\"/game-bestof3-gen9championsvgc2026regmb-2674237505\">a best-of-3</a></h2>\n|t:|1788320744\n|gametype|doubles\n|player|p1|wakaishi|hilbert|\n|player|p2|Jyobii|ruinmaniac|\n|gen|9\n|tier|[Gen 9 Champions] VGC 2026 Reg M-B\n|rule|Species Clause: Limit one of each Pokémon\n|rule|Item Clause: Limit 1 of each item\n|raw|<div class=\"infobox\"><details class=\"readmore\" open><summary><strong>1 custom rule:</strong></summary> Best of = 3</details></div>\n|clearpoke\n|poke|p1|Gholdengo, L50, shiny|\n|poke|p1|Froslass, L50, F, shiny|\n|poke|p1|Emboar, L50, F, shiny|\n|poke|p1|Hydreigon, L50, M, shiny|\n|poke|p1|Sneasler, L50, M, shiny|\n|poke|p1|Diggersby, L50, M, shiny|\n|poke|p2|Metagross, L50|\n|poke|p2|Whimsicott, L50, F|\n|poke|p2|Greninja, L50, M|\n|poke|p2|Typhlosion-Hisui, L50, F|\n|poke|p2|Kangaskhan, L50, F|\n|poke|p2|Kingambit, L50, M|\n|teampreview|4\nwakaishi rejected open team sheets.\n|\n|t:|1788320829\n|teamsize|p1|4\n|teamsize|p2|4\n|start\n|switch|p1a: Diggersby|Diggersby, L50, M, shiny|100/100\n|switch|p1b: Sneasler|Sneasler, L50, M, shiny|100/100\n|switch|p2a: Typhlosion|Typhlosion-Hisui, L50, F|100/100\n|switch|p2b: Soft n Evil|Whimsicott, L50, F|100/100\n|-item|p1a: Diggersby|Choice Scarf|[from] ability: Frisk|[of] p2a: Typhlosion\n|-item|p1b: Sneasler|Focus Sash|[from] ability: Frisk|[of] p2a: Typhlosion\n|turn|1\n|j| superp101\n|\n|t:|1788320909\n|move|p1b: Sneasler|Fake Out|p2b: Soft n Evil\n|-damage|p2b: Soft n Evil|80/100\n|cant|p2b: Soft n Evil|flinch\n|move|p2a: Typhlosion|Eruption|p1a: Diggersby|[spread] p1a,p1b\n|-damage|p1a: Diggersby|24/100\n|-damage|p1b: Sneasler|26/100\n|move|p1a: Diggersby|High Horsepower|p2a: Typhlosion\n|-supereffective|p2a: Typhlosion|1\n|-damage|p2a: Typhlosion|0 fnt\n|faint|p2a: Typhlosion\n|\n|upkeep\n|\n|t:|1788320919\n|switch|p2a: Gremlinja|Greninja, L50, M|100/100\n|turn|2\n|\n|t:|1788320941\n|switch|p1b: Froslass|Froslass, L50, F, shiny|100/100\n|move|p2b: Soft n Evil|Encore||[still]\n|-fail|p2b: Soft n Evil\n|move|p2a: Gremlinja|Dark Pulse|p1a: Diggersby\n|-start|p2a: Gremlinja|typechange|Dark|[from] ability: Protean\n|-damage|p1a: Diggersby|0 fnt\n|faint|p1a: Diggersby\n|-damage|p2a: Gremlinja|90/100|[from] item: Life Orb\n|\n|upkeep\n|\n|t:|1788320957\n|switch|p1a: Sneasler|Sneasler, L50, M, shiny|26/100\n|turn|3\n|\n|t:|1788320982\n|detailschange|p1b: Froslass|Froslass-Mega, L50, F, shiny\n|-mega|p1b: Froslass|Froslass|Froslassite\n|-weather|Snowscape|[from] ability: Snow Warning|[of] p1b: Froslass\n|move|p2b: Soft n Evil|Tailwind|p2b: Soft n Evil\n|-sidestart|p2: Jyobii|move: Tailwind\n|move|p2a: Gremlinja|Dark Pulse|p1b: Froslass\n|-supereffective|p1b: Froslass|1\n|-damage|p1b: Froslass|0 fnt\n|faint|p1b: Froslass\n|-damage|p2a: Gremlinja|80/100|[from] item: Life Orb\n|move|p1a: Sneasler|Close Combat|p2a: Gremlinja\n|-supereffective|p2a: Gremlinja|1\n|-damage|p2a: Gremlinja|0 fnt\n|-unboost|p1a: Sneasler|def|1\n|-unboost|p1a: Sneasler|spd|1\n|faint|p2a: Gremlinja\n|\n|-weather|Snowscape|[upkeep]\n|upkeep\n|\n|t:|1788320999\n|switch|p2a: Buy one get one|Metagross, L50|100/100\n|switch|p1b: Gholdengo|Gholdengo, L50, shiny|100/100\n|turn|4\n|\n|t:|1788321058\n|detailschange|p2a: Buy one get one|Metagross-Mega, L50\n|-mega|p2a: Buy one get one|Metagross|Metagrossite\n|move|p2b: Soft n Evil|Moonblast|p1b: Gholdengo\n|-resisted|p1b: Gholdengo|1\n|-damage|p1b: Gholdengo|86/100\n|-unboost|p1b: Gholdengo|spa|1\n|move|p2a: Buy one get one|Psychic Fangs|p1a: Sneasler\n|-supereffective|p1a: Sneasler|2\n|-damage|p1a: Sneasler|0 fnt\n|faint|p1a: Sneasler\n|move|p1b: Gholdengo|Shadow Ball|p2a: Buy one get one\n|-supereffective|p2a: Buy one get one|1\n|-damage|p2a: Buy one get one|27/100\n|\n|-weather|Snowscape|[upkeep]\n|upkeep\n|turn|5\n|\n|t:|1788321078\n|move|p2b: Soft n Evil|Moonblast|p1b: Gholdengo\n|-resisted|p1b: Gholdengo|1\n|-crit|p1b: Gholdengo\n|-damage|p1b: Gholdengo|64/100\n|move|p2a: Buy one get one|Thunder Punch|p1b: Gholdengo\n|-damage|p1b: Gholdengo|27/100\n|-status|p1b: Gholdengo|par\n|move|p1b: Gholdengo|Shadow Ball|p2a: Buy one get one\n|-supereffective|p2a: Buy one get one|1\n|-damage|p2a: Buy one get one|0 fnt\n|faint|p2a: Buy one get one\n|\n|-weather|Snowscape|[upkeep]\n|upkeep\n|turn|6\n|\n|t:|1788321092\n|move|p2b: Soft n Evil|Moonblast|p1b: Gholdengo\n|-resisted|p1b: Gholdengo|1\n|-damage|p1b: Gholdengo|13/100 par\n|move|p1b: Gholdengo|Make It Rain|p2b: Soft n Evil\n|-supereffective|p2b: Soft n Evil|1\n|-damage|p2b: Soft n Evil|0 fnt\n|-unboost|p1b: Gholdengo|spa|2\n|faint|p2b: Soft n Evil\n|\n|win|wakaishi\n||Jyobii is ready for game 2.\n||wakaishi is ready for game 2.\n|uhtml|next|Next: <a href=\"/battle-gen9championsvgc2026regmb-2674239334\"><strong>Game 2 of 3</strong></a>\n|l|☆wakaishi\n|player|p1|\n","uploadtime":1788321852,"views":"19","formatid":"gen9championsvgc2026regmb","rating":null,"private":0,"password":null}