{"id":"gen9championsvgc2026regmbbo3-2673754464","format":"[Gen 9 Champions] VGC 2026 Reg M-B (Bo3)","players":["yanpoke5566","TinyDaPoet"],"log":"|j|☆yanpoke5566\n|j|☆TinyDaPoet\n|html|<table width=\"100%\"><tr><td align=\"left\">yanpoke5566</td><td align=\"right\">TinyDaPoet</tr><tr><td align=\"left\"><i class=\"fa fa-circle-o\"></i> <i class=\"fa fa-circle-o\"></i> </td><td align=\"right\"><i class=\"fa fa-circle-o\"></i> <i class=\"fa fa-circle-o\"></i> </tr></table>\n|uhtml|bestof|<h2><strong>Game 1</strong> of <a href=\"/game-bestof3-gen9championsvgc2026regmbbo3-2673754463\">a best-of-3</a></h2>\n|t:|1788248662\n|gametype|doubles\n|player|p1|yanpoke5566|volkner|\n|player|p2|TinyDaPoet|102|\n|gen|9\n|tier|[Gen 9 Champions] VGC 2026 Reg M-B (Bo3)\n|rule|Species Clause: Limit one of each Pokémon\n|rule|Item Clause: Limit 1 of each item\n|clearpoke\n|poke|p1|Delphox, L50, M|\n|poke|p1|Blastoise, L50, M|\n|poke|p1|Incineroar, L50, M|\n|poke|p1|Kingambit, L50, M|\n|poke|p1|Sinistcha, L50|\n|poke|p1|Sneasler, L50, M|\n|poke|p2|Froslass, L50, F, shiny|\n|poke|p2|Lycanroc-Dusk, L50, F, shiny|\n|poke|p2|Kingambit, L50, F, shiny|\n|poke|p2|Sneasler, L50, M, shiny|\n|poke|p2|Basculegion, L50, M, shiny|\n|poke|p2|Scovillain, L50, F, shiny|\n|teampreview|4\n|showteam|p1|Delphox||Delphoxite|Blaze|HeatWave,Psychic,NastyPlot,Protect|Timid||M|||50|]Blastoise||Blastoisinite|Torrent|WaterSpout,DarkPulse,ShellSmash,Protect|Modest||M|||50|]Incineroar||SitrusBerry|Intimidate|FakeOut,FlareBlitz,HelpingHand,PartingShot|Impish||M|||50|]Kingambit||LifeOrb|Defiant|KowtowCleave,SuckerPunch,SwordsDance,Protect|Adamant||M|||50|]Sinistcha||ColburBerry|Hospitality|MatchaGotcha,RagePowder,TrickRoom,Protect|Bold|||||50|]Sneasler||FocusSash|Unburden|FakeOut,CloseCombat,DireClaw,QuickGuard|Jolly||M|||50|\n|showteam|p2|Froslass||Froslassite|CursedBody|Blizzard,ShadowBall,AuroraVeil,Protect|Modest||F|||50|]Lycanroc-Dusk||FocusSash|ToughClaws|RockSlide,CloseCombat,Accelerock,Protect|Adamant||F|||50|]Kingambit||BlackGlasses|Defiant|KowtowCleave,SuckerPunch,SwordsDance,Protect|Adamant||F|||50|]Sneasler||WhiteHerb|Unburden|CloseCombat,GunkShot,Protect,FakeOut|Adamant||M|||50|]Basculegion||LifeOrb|Adaptability|WaveCrash,LastRespects,AquaJet,Protect|Adamant||M|||50|]Scovillain||Scovillainite|Moody|GigaDrain,Overheat,RagePowder,Protect|Bold||F|||50|\n|\n|t:|1788248703\n|teamsize|p1|4\n|teamsize|p2|4\n|start\n|switch|p1a: Blastoise|Blastoise, L50, M|100/100\n|switch|p1b: Sneasler|Sneasler, L50, M|100/100\n|switch|p2a: Scovillain|Scovillain, L50, F, shiny|100/100\n|switch|p2b: Sneasler|Sneasler, L50, M, shiny|100/100\n|turn|1\n|\n|t:|1788248765\n|detailschange|p2a: Scovillain|Scovillain-Mega, L50, F, shiny\n|-mega|p2a: Scovillain|Scovillain|Scovillainite\n|move|p1b: Sneasler|Fake Out|p2a: Scovillain\n|-damage|p2a: Scovillain|87/100\n|-status|p1b: Sneasler|brn|[from] ability: Spicy Spray|[of] p2a: Scovillain\n|move|p2b: Sneasler|Fake Out|p1a: Blastoise\n|-damage|p1a: Blastoise|84/100\n|cant|p1a: Blastoise|flinch\n|cant|p2a: Scovillain|flinch\n|\n|-damage|p1b: Sneasler|94/100 brn|[from] brn\n|upkeep\n|turn|2\n|\n|t:|1788248803\n|move|p1a: Blastoise|Protect|p1a: Blastoise\n|-singleturn|p1a: Blastoise|Protect\n|move|p1b: Sneasler|Dire Claw|p2a: Scovillain\n|-supereffective|p2a: Scovillain|1\n|-damage|p2a: Scovillain|53/100\n|move|p2b: Sneasler|Close Combat|p1a: Blastoise\n|-activate|p1a: Blastoise|move: Protect\n|move|p2a: Scovillain|Giga Drain|p1a: Blastoise\n|-activate|p1a: Blastoise|move: Protect\n|\n|-damage|p1b: Sneasler|88/100 brn|[from] brn\n|upkeep\n|turn|3\n|\n|t:|1788248821\n|switch|p1a: Incineroar|Incineroar, L50, M|100/100\n|-ability|p1a: Incineroar|Intimidate|boost\n|-unboost|p2a: Scovillain|atk|1\n|-unboost|p2b: Sneasler|atk|1\n|-enditem|p2b: Sneasler|White Herb\n|-clearnegativeboost|p2b: Sneasler|[silent]\n|move|p2a: Scovillain|Protect|p2a: Scovillain\n|-singleturn|p2a: Scovillain|Protect\n|move|p2b: Sneasler|Close Combat|p1a: Incineroar\n|-supereffective|p1a: Incineroar|1\n|-damage|p1a: Incineroar|10/100\n|-unboost|p2b: Sneasler|def|1\n|-unboost|p2b: Sneasler|spd|1\n|-enditem|p1a: Incineroar|Sitrus Berry|[eat]\n|-heal|p1a: Incineroar|35/100|[from] item: Sitrus Berry\n|move|p1b: Sneasler|Dire Claw|p2a: Scovillain\n|-activate|p2a: Scovillain|move: Protect\n|\n|-damage|p1b: Sneasler|82/100 brn|[from] brn\n|upkeep\n|turn|4\n|\n|t:|1788248852\n|switch|p2a: Basculegion|Basculegion, L50, M, shiny|100/100\n|move|p2b: Sneasler|Protect|p2b: Sneasler\n|-singleturn|p2b: Sneasler|Protect\n|move|p1a: Incineroar|Fake Out|p2b: Sneasler\n|-activate|p2b: Sneasler|move: Protect\n|move|p1b: Sneasler|Dire Claw|p2a: Basculegion\n|-resisted|p2a: Basculegion|1\n|-damage|p2a: Basculegion|87/100\n|\n|-damage|p1b: Sneasler|77/100 brn|[from] brn\n|upkeep\n|turn|5\n|\n|t:|1788248872\n|switch|p1a: Sinistcha|Sinistcha, L50|100/100\n|-heal|p1b: Sneasler|100/100 brn|[from] ability: Hospitality|[of] p1a: Sinistcha\n|move|p2a: Basculegion|Aqua Jet|p1a: Sinistcha\n|-resisted|p1a: Sinistcha|1\n|-damage|p1a: Sinistcha|88/100\n|-damage|p2a: Basculegion|78/100|[from] item: Life Orb\n|move|p2b: Sneasler|Close Combat|p1b: Sneasler\n|-resisted|p1b: Sneasler|1\n|-damage|p1b: Sneasler|43/100 brn\n|-unboost|p2b: Sneasler|def|1\n|-unboost|p2b: Sneasler|spd|1\n|move|p1b: Sneasler|Close Combat|p2b: Sneasler\n|-resisted|p2b: Sneasler|1\n|-damage|p2b: Sneasler|51/100\n|-unboost|p1b: Sneasler|def|1\n|-unboost|p1b: Sneasler|spd|1\n|\n|-damage|p1b: Sneasler|38/100 brn|[from] brn\n|upkeep\n|turn|6\n|\n|t:|1788248901\n|move|p1a: Sinistcha|Rage Powder|p1a: Sinistcha\n|-singleturn|p1a: Sinistcha|move: Rage Powder\n|move|p2b: Sneasler|Gunk Shot|p1a: Sinistcha|[miss]\n|-miss|p2b: Sneasler|p1a: Sinistcha\n|move|p1b: Sneasler|Close Combat|p2b: Sneasler\n|-resisted|p2b: Sneasler|1\n|-damage|p2b: Sneasler|0 fnt\n|-unboost|p1b: Sneasler|def|1\n|-unboost|p1b: Sneasler|spd|1\n|faint|p2b: Sneasler\n|move|p2a: Basculegion|Last Respects|p1a: Sinistcha\n|-supereffective|p1a: Sinistcha|1\n|-damage|p1a: Sinistcha|0 fnt\n|faint|p1a: Sinistcha\n|-damage|p2a: Basculegion|68/100|[from] item: Life Orb\n|\n|-damage|p1b: Sneasler|32/100 brn|[from] brn\n|upkeep\n|\n|t:|1788248917\n|switch|p2b: Scovillain|Scovillain-Mega, L50, F, shiny|53/100\n|switch|p1a: Blastoise|Blastoise, L50, M|84/100\n|turn|7\n|\n|t:|1788248942\n|switch|p1b: Incineroar|Incineroar, L50, M|35/100\n|-ability|p1b: Incineroar|Intimidate|boost\n|-unboost|p2a: Basculegion|atk|1\n|-unboost|p2b: Scovillain|atk|1\n|detailschange|p1a: Blastoise|Blastoise-Mega, L50, M\n|-mega|p1a: Blastoise|Blastoise|Blastoisinite\n|move|p1a: Blastoise|Protect|p1a: Blastoise\n|-singleturn|p1a: Blastoise|Protect\n|move|p2a: Basculegion|Last Respects|p1b: Incineroar\n|-resisted|p1b: Incineroar|1\n|-damage|p1b: Incineroar|15/100\n|-damage|p2a: Basculegion|59/100|[from] item: Life Orb\n|move|p2b: Scovillain|Giga Drain|p1b: Incineroar\n|-resisted|p1b: Incineroar|1\n|-damage|p1b: Incineroar|0 fnt\n|-heal|p2b: Scovillain|62/100|[from] drain|[of] p1b: Incineroar\n|faint|p1b: Incineroar\n|\n|upkeep\n|\n|t:|1788248946\n|switch|p1b: Sneasler|Sneasler, L50, M|32/100 brn\n|turn|8\n|\n|t:|1788248969\n|switch|p2a: Kingambit|Kingambit, L50, F, shiny|100/100\n|move|p1b: Sneasler|Fake Out|p2b: Scovillain\n|-damage|p2b: Scovillain|56/100\n|move|p1a: Blastoise|Shell Smash|p1a: Blastoise\n|-unboost|p1a: Blastoise|def|1\n|-unboost|p1a: Blastoise|spd|1\n|-boost|p1a: Blastoise|atk|2\n|-boost|p1a: Blastoise|spa|2\n|-boost|p1a: Blastoise|spe|2\n|cant|p2b: Scovillain|flinch\n|\n|-damage|p1b: Sneasler|26/100 brn|[from] brn\n|upkeep\n|turn|9\n|\n|t:|1788248986\n|move|p2a: Kingambit|Protect|p2a: Kingambit\n|-singleturn|p2a: Kingambit|Protect\n|move|p1b: Sneasler|Quick Guard|p1b: Sneasler\n|-singleturn|p1b: Sneasler|Quick Guard\n|move|p1a: Blastoise|Water Spout|p2b: Scovillain|[spread] p2b\n|-activate|p2a: Kingambit|move: Protect\n|-damage|p2b: Scovillain|0 fnt\n|-status|p1a: Blastoise|brn|[from] ability: Spicy Spray|[of] p2b: Scovillain\n|faint|p2b: Scovillain\n|\n|-damage|p1a: Blastoise|78/100 brn|[from] brn\n|-damage|p1b: Sneasler|21/100 brn|[from] brn\n|upkeep\n|\n|t:|1788248999\n|switch|p2b: Basculegion|Basculegion, L50, M, shiny|59/100\n|turn|10\n|\n|t:|1788249009\n|move|p1a: Blastoise|Dark Pulse|p2b: Basculegion\n|-supereffective|p2b: Basculegion|1\n|-damage|p2b: Basculegion|0 fnt\n|faint|p2b: Basculegion\n|move|p1b: Sneasler|Close Combat|p2a: Kingambit\n|-supereffective|p2a: Kingambit|2\n|-damage|p2a: Kingambit|1/100\n|-unboost|p1b: Sneasler|def|1\n|-unboost|p1b: Sneasler|spd|1\n|move|p2a: Kingambit|Swords Dance|p2a: Kingambit\n|-boost|p2a: Kingambit|atk|2\n|\n|-damage|p1a: Blastoise|73/100 brn|[from] brn\n|-damage|p1b: Sneasler|15/100 brn|[from] brn\n|upkeep\n|turn|11\n|\n|t:|1788249021\n|move|p2a: Kingambit|Protect|p2a: Kingambit\n|-singleturn|p2a: Kingambit|Protect\n|move|p1b: Sneasler|Quick Guard|p1b: Sneasler\n|-singleturn|p1b: Sneasler|Quick Guard\n|move|p1a: Blastoise|Water Spout|p2a: Kingambit\n|-activate|p2a: Kingambit|move: Protect\n|\n|-damage|p1a: Blastoise|67/100 brn|[from] brn\n|-damage|p1b: Sneasler|9/100 brn|[from] brn\n|upkeep\n|turn|12\n|c|☆yanpoke5566|Sash ẩn kìa=))\n|\n|t:|1788249034\n|move|p1b: Sneasler|Quick Guard|p1b: Sneasler\n|-singleturn|p1b: Sneasler|Quick Guard\n|move|p2a: Kingambit|Sucker Punch|p1a: Blastoise\n|-activate|p1a: Blastoise|move: Quick Guard\n|move|p1a: Blastoise|Water Spout|p2a: Kingambit\n|-damage|p2a: Kingambit|0 fnt\n|faint|p2a: Kingambit\n|\n|win|yanpoke5566\n||yanpoke5566 is ready for game 2.\n","uploadtime":1788249040,"views":"11","formatid":"gen9championsvgc2026regmbbo3","rating":null,"private":0,"password":null}