{"id":"gen9championsvgc2026regmb-2674295376","format":"[Gen 9 Champions] VGC 2026 Reg M-B","players":["Rhaenys_Testing","Kwiper"],"log":"|j|☆Rhaenys_Testing\n|j|☆Kwiper\n|t:|1788334229\n|gametype|doubles\n|player|p1|Rhaenys_Testing|hugh|1462\n|player|p2|Kwiper|sycamore|1589\n|gen|9\n|tier|[Gen 9 Champions] VGC 2026 Reg M-B\n|rated|\n|rule|Species Clause: Limit one of each Pokémon\n|rule|Item Clause: Limit 1 of each item\n|clearpoke\n|poke|p1|Scovillain, L50, M|\n|poke|p1|Froslass, L50, F|\n|poke|p1|Lycanroc-Dusk, L50, M|\n|poke|p1|Basculegion, L50, M|\n|poke|p1|Sneasler, L50, F|\n|poke|p1|Kingambit, L50, F|\n|poke|p2|Tyranitar, L50, F|\n|poke|p2|Excadrill, L50, M|\n|poke|p2|Milotic, L50, M|\n|poke|p2|Gholdengo, L50|\n|poke|p2|Sinistcha, L50|\n|poke|p2|Staraptor, L50, F|\n|teampreview|4\n|inactive|Battle timer is ON: inactive players will automatically lose when time's up. (requested by Kwiper)\n|inactive|Rhaenys_Testing has 60 seconds left.\n|\n|t:|1788334270\n|teamsize|p1|4\n|teamsize|p2|4\n|start\n|switch|p1a: Lycanroc|Lycanroc-Dusk, L50, M|100/100\n|switch|p1b: Scovillain|Scovillain, L50, M|100/100\n|switch|p2a: Staraptor|Staraptor, L50, F|100/100\n|switch|p2b: Gholdengo|Gholdengo, L50|100/100\n|-ability|p2a: Staraptor|Intimidate|boost\n|-unboost|p1a: Lycanroc|atk|1\n|-unboost|p1b: Scovillain|atk|1\n|turn|1\n|\n|t:|1788334291\n|detailschange|p2a: Staraptor|Staraptor-Mega, L50, F\n|-mega|p2a: Staraptor|Staraptor|Staraptite\n|detailschange|p1b: Scovillain|Scovillain-Mega, L50, M\n|-mega|p1b: Scovillain|Scovillain|Scovillainite\n|move|p1a: Lycanroc|Accelerock|p2a: Staraptor\n|-damage|p2a: Staraptor|82/100\n|move|p2a: Staraptor|Brave Bird|p1b: Scovillain\n|-supereffective|p1b: Scovillain|1\n|-damage|p1b: Scovillain|12/100\n|-status|p2a: Staraptor|brn|[from] ability: Spicy Spray|[of] p1b: Scovillain\n|-damage|p2a: Staraptor|56/100 brn|[from] Recoil\n|move|p2b: Gholdengo|Make It Rain|p1a: Lycanroc|[spread] p1a,p1b\n|-supereffective|p1a: Lycanroc|1\n|-resisted|p1b: Scovillain|1\n|-enditem|p1a: Lycanroc|Focus Sash\n|-damage|p1a: Lycanroc|1/100\n|-damage|p1b: Scovillain|0 fnt\n|-unboost|p2b: Gholdengo|spa|2\n|-status|p2b: Gholdengo|brn|[from] ability: Spicy Spray|[of] p1b: Scovillain\n|faint|p1b: Scovillain\n|-damage|p2b: Gholdengo|90/100 brn|[from] item: Life Orb\n|\n|-damage|p2a: Staraptor|50/100g brn|[from] brn\n|-damage|p2b: Gholdengo|84/100 brn|[from] brn\n|upkeep\n|\n|t:|1788334314\n|switch|p1b: Kingambit|Kingambit, L50, F|100/100\n|turn|2\n|inactive|Rhaenys_Testing has 30 seconds left.\n|\n|t:|1788334342\n|switch|p2b: Sinistcha|Sinistcha, L50|100/100\n|-heal|p2a: Staraptor|75/100 brn|[from] ability: Hospitality|[of] p2b: Sinistcha\n|move|p1b: Kingambit|Protect|p1b: Kingambit\n|-singleturn|p1b: Kingambit|Protect\n|move|p1a: Lycanroc|Accelerock|p2a: Staraptor\n|-damage|p2a: Staraptor|57/100 brn\n|move|p2a: Staraptor|Close Combat|p1a: Lycanroc\n|-supereffective|p1a: Lycanroc|1\n|-damage|p1a: Lycanroc|0 fnt\n|-boost|p2a: Staraptor|def|1\n|-boost|p2a: Staraptor|spd|1\n|faint|p1a: Lycanroc\n|\n|-damage|p2a: Staraptor|51/100 brn|[from] brn\n|upkeep\n|\n|t:|1788334352\n|switch|p1a: Basculegion|Basculegion, L50, M|100/100\n|turn|3\n|\n|t:|1788334365\n|switch|p2b: Tyranitar|Tyranitar, L50, F|100/100\n|-weather|Sandstorm|[from] ability: Sand Stream|[of] p2b: Tyranitar\n|move|p2a: Staraptor|Protect|p2a: Staraptor\n|-singleturn|p2a: Staraptor|Protect\n|move|p1a: Basculegion|Last Respects|p2a: Staraptor\n|-activate|p2a: Staraptor|move: Protect\n|move|p1b: Kingambit|Kowtow Cleave|p2b: Tyranitar\n|-resisted|p2b: Tyranitar|1\n|-damage|p2b: Tyranitar|74/100\n|-damage|p1b: Kingambit|90/100|[from] item: Life Orb\n|\n|-weather|Sandstorm|[upkeep]\n|-damage|p2a: Staraptor|45/100 brn|[from] Sandstorm\n|-damage|p1a: Basculegion|94/100|[from] Sandstorm\n|-damage|p2a: Staraptor|39/100 brn|[from] brn\n|upkeep\n|turn|4\n|\n|t:|1788334387\n|switch|p2b: Sinistcha|Sinistcha, L50|100/100\n|-heal|p2a: Staraptor|64/100 brn|[from] ability: Hospitality|[of] p2b: Sinistcha\n|move|p1a: Basculegion|Aqua Jet|p2a: Staraptor\n|-damage|p2a: Staraptor|43/100 brn\n|move|p2a: Staraptor|Close Combat|p1b: Kingambit\n|-supereffective|p1b: Kingambit|2\n|-damage|p1b: Kingambit|3/100\n|-boost|p2a: Staraptor|def|1\n|-boost|p2a: Staraptor|spd|1\n|move|p1b: Kingambit|Low Kick|p2b: Sinistcha\n|-immune|p2b: Sinistcha\n|\n|-weather|Sandstorm|[upkeep]\n|-damage|p2a: Staraptor|37/100 brn|[from] Sandstorm\n|-damage|p1a: Basculegion|88/100|[from] Sandstorm\n|-damage|p2b: Sinistcha|94/100|[from] Sandstorm\n|-damage|p2a: Staraptor|31/100 brn|[from] brn\n|upkeep\n|turn|5\n|\n|t:|1788334401\n|move|p1b: Kingambit|Protect|p1b: Kingambit\n|-singleturn|p1b: Kingambit|Protect\n|move|p2a: Staraptor|Tailwind|p2a: Staraptor\n|-sidestart|p2: Kwiper|move: Tailwind\n|move|p2b: Sinistcha|Matcha Gotcha|p1b: Kingambit|[spread] p1a\n|-activate|p1b: Kingambit|move: Protect\n|-supereffective|p1a: Basculegion|1\n|-damage|p1a: Basculegion|33/100\n|-heal|p2b: Sinistcha|100/100|[from] drain|[of] p1a: Basculegion\n|move|p1a: Basculegion|Last Respects|p2a: Staraptor\n|-damage|p2a: Staraptor|0 fnt\n|faint|p2a: Staraptor\n|\n|-weather|Sandstorm|[upkeep]\n|-damage|p2b: Sinistcha|94/100|[from] Sandstorm\n|-damage|p1a: Basculegion|27/100|[from] Sandstorm\n|upkeep\n|\n|t:|1788334403\n|switch|p2a: Tyranitar|Tyranitar, L50, F|74/100\n|turn|6\n|\n|t:|1788334421\n|move|p2b: Sinistcha|Rage Powder|p2b: Sinistcha\n|-singleturn|p2b: Sinistcha|move: Rage Powder\n|move|p2a: Tyranitar|Rock Slide|p1b: Kingambit|[spread] p1a,p1b\n|-resisted|p1b: Kingambit|1\n|-damage|p1a: Basculegion|0 fnt\n|-damage|p1b: Kingambit|0 fnt\n|faint|p1a: Basculegion\n|faint|p1b: Kingambit\n|\n|win|Kwiper\n|raw|Rhaenys_Testing's rating: 1462 &rarr; <strong>1449</strong><br />(-13 for losing)\n|raw|Kwiper's rating: 1589 &rarr; <strong>1602</strong><br />(+13 for winning)\n","uploadtime":1788334421,"views":"1","formatid":"gen9championsvgc2026regmb","rating":1449,"private":0,"password":null}