{"id":"gen9championsvgc2026regmb-2673902653","format":"[Gen 9 Champions] VGC 2026 Reg M-B","players":["EmptyVoid84","0-x ft wayne"],"log":"|j|☆EmptyVoid84\n|j|☆0-x ft wayne\n|t:|1788275113\n|gametype|doubles\n|player|p1|EmptyVoid84|n|1374\n|player|p2|0-x ft wayne|drayton|1323\n|gen|9\n|tier|[Gen 9 Champions] VGC 2026 Reg M-B\n|rated|\n|rule|Species Clause: Limit one of each Pokémon\n|rule|Item Clause: Limit 1 of each item\n|clearpoke\n|poke|p1|Dragonite, L50, M|\n|poke|p1|Whimsicott, L50, M|\n|poke|p1|Sneasler, L50, M|\n|poke|p1|Kingambit, L50, F|\n|poke|p1|Farigiraf, L50, M|\n|poke|p1|Basculegion, L50, M|\n|poke|p2|Scovillain, L50, M|\n|poke|p2|Basculegion, L50, M|\n|poke|p2|Kingambit, L50, M|\n|poke|p2|Sneasler, L50, F|\n|poke|p2|Lycanroc-Dusk, L50, F|\n|poke|p2|Froslass, L50, F|\n|teampreview|4\nEmptyVoid84 rejected open team sheets.\n|inactive|Battle timer is ON: inactive players will automatically lose when time's up. (requested by 0-x ft wayne)\n|inactive|EmptyVoid84 has 60 seconds left.\n|inactive|EmptyVoid84 has 30 seconds left.\n|\n|t:|1788275231\n|teamsize|p1|4\n|teamsize|p2|4\n|start\n|switch|p1a: Dragonite|Dragonite, L50, M|100/100\n|switch|p1b: Whimsicott|Whimsicott, L50, M|100/100\n|switch|p2a: Scovillain|Scovillain, L50, M|100/100\n|switch|p2b: Sneasler|Sneasler, L50, F|100/100\n|turn|1\n|inactive|0-x ft wayne has 30 seconds left.\n|\n|t:|1788275257\n|detailschange|p1a: Dragonite|Dragonite-Mega, L50, M\n|-mega|p1a: Dragonite|Dragonite|Dragoninite\n|move|p1b: Whimsicott|Protect|p1b: Whimsicott\n|-singleturn|p1b: Whimsicott|Protect\n|move|p2a: Scovillain|Protect|p2a: Scovillain\n|-singleturn|p2a: Scovillain|Protect\n|move|p2b: Sneasler|Dire Claw|p1b: Whimsicott\n|-activate|p1b: Whimsicott|move: Protect\n|move|p1a: Dragonite|Heat Wave|p2a: Scovillain|[spread] p2b\n|-activate|p2a: Scovillain|move: Protect\n|-damage|p2b: Sneasler|63/100\n|\n|-ability|p2a: Scovillain|Moody|boost\n|-boost|p2a: Scovillain|spd|2\n|-unboost|p2a: Scovillain|spa|1\n|upkeep\n|turn|2\n|inactive|EmptyVoid84 has 30 seconds left.\n|inactive|EmptyVoid84 has 20 seconds left.\n|inactive|EmptyVoid84 has 15 seconds left.\n|\n|t:|1788275297\n|detailschange|p2a: Scovillain|Scovillain-Mega, L50, M\n|-mega|p2a: Scovillain|Scovillain|Scovillainite\n|move|p2a: Scovillain|Rage Powder|p2a: Scovillain\n|-singleturn|p2a: Scovillain|move: Rage Powder\n|move|p1b: Whimsicott|Encore|p2a: Scovillain\n|-start|p2a: Scovillain|Encore\n|move|p2b: Sneasler|Dire Claw|p1b: Whimsicott\n|-supereffective|p1b: Whimsicott|2\n|-enditem|p1b: Whimsicott|Focus Sash\n|-damage|p1b: Whimsicott|1/100\n|move|p1a: Dragonite|Heat Wave|p2b: Sneasler|[spread] p2a,p2b\n|-damage|p2a: Scovillain|84/100\n|-damage|p2b: Sneasler|27/100\n|-status|p2b: Sneasler|brn\n|-status|p1a: Dragonite|brn|[from] ability: Spicy Spray|[of] p2a: Scovillain\n|\n|-damage|p2b: Sneasler|21/100 brn|[from] brn\n|-damage|p1a: Dragonite|94/100 brn|[from] brn\n|upkeep\n|turn|3\n|inactive|0-x ft wayne has 30 seconds left.\n|\n|t:|1788275323\n|move|p2a: Scovillain|Rage Powder|p2a: Scovillain\n|-singleturn|p2a: Scovillain|move: Rage Powder\n|move|p1b: Whimsicott|Tailwind|p1b: Whimsicott\n|-sidestart|p1: EmptyVoid84|move: Tailwind\n|move|p1a: Dragonite|Heat Wave|p2a: Scovillain|[spread] p2a\n|-miss|p1a: Dragonite|p2b: Sneasler\n|-damage|p2a: Scovillain|69/100\n|move|p2b: Sneasler|Close Combat|p1a: Dragonite\n|-resisted|p1a: Dragonite|1\n|-damage|p1a: Dragonite|79/100 brn\n|-unboost|p2b: Sneasler|def|1\n|-unboost|p2b: Sneasler|spd|1\n|-enditem|p2b: Sneasler|White Herb\n|-clearnegativeboost|p2b: Sneasler|[silent]\n|\n|-damage|p2b: Sneasler|15/100 brn|[from] brn\n|-damage|p1a: Dragonite|73/100 brn|[from] brn\n|upkeep\n|turn|4\n|\n|t:|1788275348\n|move|p2a: Scovillain|Rage Powder|p2a: Scovillain\n|-singleturn|p2a: Scovillain|move: Rage Powder\n|move|p1b: Whimsicott|Encore|p2b: Sneasler\n|-start|p2b: Sneasler|Encore\n|move|p2b: Sneasler|Close Combat|p1a: Dragonite\n|-resisted|p1a: Dragonite|1\n|-damage|p1a: Dragonite|58/100 brn\n|-unboost|p2b: Sneasler|def|1\n|-unboost|p2b: Sneasler|spd|1\n|move|p1a: Dragonite|Heat Wave|p2a: Scovillain|[spread] p2b\n|-miss|p1a: Dragonite|p2a: Scovillain\n|-crit|p2b: Sneasler\n|-damage|p2b: Sneasler|0 fnt\n|faint|p2b: Sneasler\n|\n|-damage|p1a: Dragonite|52/100 brn|[from] brn\n|upkeep\n|\n|t:|1788275366\n|switch|p2b: Basculegion|Basculegion, L50, M|100/100\n|turn|5\n|\n|t:|1788275384\n|move|p1b: Whimsicott|Protect|p1b: Whimsicott\n|-singleturn|p1b: Whimsicott|Protect\n|move|p1a: Dragonite|Protect|p1a: Dragonite\n|-singleturn|p1a: Dragonite|Protect\n|move|p2a: Scovillain|Rage Powder|p2a: Scovillain\n|-singleturn|p2a: Scovillain|move: Rage Powder\n|move|p2b: Basculegion|Last Respects|p1b: Whimsicott\n|-activate|p1b: Whimsicott|move: Protect\n|\n|-damage|p1a: Dragonite|47/100 brn|[from] brn\n|-end|p2a: Scovillain|Encore\n|upkeep\n|turn|6\n|inactive|EmptyVoid84 has 30 seconds left.\n|inactive|EmptyVoid84 has 20 seconds left.\n|\n|t:|1788275422\n|switch|p1b: Kingambit|Kingambit, L50, F|100/100\n|switch|p1a: Farigiraf|Farigiraf, L50, M|100/100\n|move|p2b: Basculegion|Last Respects|p1a: Farigiraf\n|-immune|p1a: Farigiraf\n|move|p2a: Scovillain|Overheat|p1b: Kingambit\n|-supereffective|p1b: Kingambit|1\n|-damage|p1b: Kingambit|26/100\n|-unboost|p2a: Scovillain|spa|2\n|\n|-sideend|p1: EmptyVoid84|move: Tailwind\n|upkeep\n|turn|7\n|inactive|EmptyVoid84 has 30 seconds left.\n|inactive|EmptyVoid84 has 20 seconds left.\n|inactive|EmptyVoid84 has 15 seconds left.\n|\n|t:|1788275466\n|switch|p2b: Kingambit|Kingambit, L50, M|100/100\n|switch|p1b: Dragonite|Dragonite-Mega, L50, M|47/100 brn\n|move|p2a: Scovillain|Overheat|p1b: Dragonite\n|-resisted|p1b: Dragonite|1\n|-damage|p1b: Dragonite|36/100 brn\n|-unboost|p2a: Scovillain|spa|2\n|move|p1a: Farigiraf|Thunderbolt|p2b: Kingambit\n|-damage|p2b: Kingambit|75/100\n|\n|-damage|p1b: Dragonite|30/100 brn|[from] brn\n|upkeep\n|turn|8\n|inactive|0-x ft wayne has 30 seconds left.\n|\n|t:|1788275496\n|switch|p2a: Basculegion|Basculegion, L50, M|100/100\n|move|p1a: Farigiraf|Helping Hand|p1b: Dragonite\n|-singleturn|p1b: Dragonite|Helping Hand|[of] p1a: Farigiraf\n|move|p2b: Kingambit|Protect|p2b: Kingambit\n|-singleturn|p2b: Kingambit|Protect\n|move|p1b: Dragonite|Heat Wave|p2a: Basculegion|[spread] p2a\n|-activate|p2b: Kingambit|move: Protect\n|-resisted|p2a: Basculegion|1\n|-damage|p2a: Basculegion|78/100\n|\n|-damage|p1b: Dragonite|25/100 brn|[from] brn\n|upkeep\n|turn|9\n|\n|t:|1788275517\n|switch|p2a: Scovillain|Scovillain-Mega, L50, M|69/100\n|move|p1a: Farigiraf|Helping Hand|p1b: Dragonite\n|-singleturn|p1b: Dragonite|Helping Hand|[of] p1a: Farigiraf\n|move|p1b: Dragonite|Thunderbolt|p2a: Scovillain\n|-resisted|p2a: Scovillain|1\n|-crit|p2a: Scovillain\n|-damage|p2a: Scovillain|28/100\n|move|p2b: Kingambit|Kowtow Cleave|p1a: Farigiraf\n|-supereffective|p1a: Farigiraf|1\n|-enditem|p1a: Farigiraf|Colbur Berry|[eat]\n|-enditem|p1a: Farigiraf|Colbur Berry|[weaken]\n|-damage|p1a: Farigiraf|46/100\n|\n|-damage|p1b: Dragonite|19/100 brn|[from] brn\n|upkeep\n|turn|10\n|\n|t:|1788275540\n|move|p1a: Farigiraf|Helping Hand|p1b: Dragonite\n|-singleturn|p1b: Dragonite|Helping Hand|[of] p1a: Farigiraf\n|move|p1b: Dragonite|Heat Wave|p2a: Scovillain|[spread] p2a,p2b\n|-supereffective|p2b: Kingambit|1\n|-damage|p2a: Scovillain|0 fnt\n|-damage|p2b: Kingambit|0 fnt\n|faint|p2a: Scovillain\n|faint|p2b: Kingambit\n|\n|-damage|p1b: Dragonite|13/100 brn|[from] brn\n|upkeep\n|c|☆0-x ft wayne|zzz the crit\n|\n|t:|1788275552\n|switch|p2b: Basculegion|Basculegion, L50, M|78/100\n|turn|11\n|c|☆EmptyVoid84|if\n|c|☆EmptyVoid84|u dont\n|c|☆EmptyVoid84|switch scov u win btw\n|\n|t:|1788275575\n|move|p1a: Farigiraf|Helping Hand|p1b: Dragonite\n|-singleturn|p1b: Dragonite|Helping Hand|[of] p1a: Farigiraf\n|move|p2b: Basculegion|Protect|p2b: Basculegion\n|-singleturn|p2b: Basculegion|Protect\n|move|p1b: Dragonite|Thunderbolt|p2b: Basculegion\n|-activate|p2b: Basculegion|move: Protect\n|\n|-damage|p1b: Dragonite|7/100 brn|[from] brn\n|upkeep\n|turn|12\n|\n|t:|1788275581\n|move|p1a: Farigiraf|Helping Hand|p1b: Dragonite\n|-singleturn|p1b: Dragonite|Helping Hand|[of] p1a: Farigiraf\n|move|p2b: Basculegion|Protect||[still]\n|-fail|p2b: Basculegion\n|move|p1b: Dragonite|Thunderbolt|p2b: Basculegion\n|-supereffective|p2b: Basculegion|1\n|-damage|p2b: Basculegion|0 fnt\n|faint|p2b: Basculegion\n|\n|win|EmptyVoid84\n|raw|EmptyVoid84's rating: 1374 &rarr; <strong>1391</strong><br />(+17 for winning)\n|raw|0-x ft wayne's rating: 1323 &rarr; <strong>1306</strong><br />(-17 for losing)\n","uploadtime":1788275581,"views":"4","formatid":"gen9championsvgc2026regmb","rating":1306,"private":0,"password":null}