{"id":"gen9championsvgc2026regmbbo3-2673497703","format":"[Gen 9 Champions] VGC 2026 Reg M-B (Bo3)","players":["Jorgitomyte331","XiaoBling"],"log":"|j|☆Jorgitomyte331\n|j|☆XiaoBling\n|html|<table width=\"100%\"><tr><td align=\"left\">Jorgitomyte331</td><td align=\"right\">XiaoBling</tr><tr><td align=\"left\"><i class=\"fa fa-circle-o\"></i> <i class=\"fa fa-circle-o\"></i> </td><td align=\"right\"><i class=\"fa fa-circle-o\"></i> <i class=\"fa fa-circle-o\"></i> </tr></table>\n|uhtml|bestof|<h2><strong>Game 1</strong> of <a href=\"/game-bestof3-gen9championsvgc2026regmbbo3-2673497702\">a best-of-3</a></h2>\n|t:|1788204977\n|gametype|doubles\n|player|p1|Jorgitomyte331|silver|1424\n|player|p2|XiaoBling|nanu|1498\n|gen|9\n|tier|[Gen 9 Champions] VGC 2026 Reg M-B (Bo3)\n|rated|\n|rule|Species Clause: Limit one of each Pokémon\n|rule|Item Clause: Limit 1 of each item\n|clearpoke\n|poke|p1|Tsareena, L50, F|\n|poke|p1|Kingambit, L50, F|\n|poke|p1|Sylveon, L50, M|\n|poke|p1|Aerodactyl, L50, F|\n|poke|p1|Raichu, L50, M|\n|poke|p1|Sneasler, L50, F|\n|poke|p2|Froslass, L50, F|\n|poke|p2|Tyranitar, L50, F|\n|poke|p2|Excadrill, L50, M|\n|poke|p2|Sneasler, L50, M|\n|poke|p2|Talonflame, L50, M|\n|poke|p2|Rotom-Wash, L50|\n|teampreview|4\n|showteam|p1|Tsareena||FocusSash|LeafGuard|PowerWhip,LowKick,TripleAxel,Protect|Jolly||F|||50|]Kingambit||LifeOrb|Defiant|KowtowCleave,SuckerPunch,SwordsDance,Protect|Adamant||F|||50|]Sylveon||FairyFeather|Pixilate|HyperVoice,Yawn,HyperBeam,Detect|Modest||M|||50|]Aerodactyl||Aerodactylite|Unnerve|DualWingbeat,RockSlide,Tailwind,Protect|Jolly||F|||50|]Raichu||RaichuniteY|LightningRod|ZapCannon,FocusBlast,FakeOut,Protect|Timid||M|||50|]Sneasler||WhiteHerb|Unburden|FakeOut,CloseCombat,DireClaw,Protect|Jolly||F|||50|\n|showteam|p2|Froslass||Froslassite|CursedBody|Blizzard,ShadowBall,WeatherBall,Protect|Timid||F|||50|]Tyranitar||Tyranitarite|SandStream|RockSlide,KnockOff,LowKick,Protect|Jolly||F|||50|]Excadrill||FocusSash|SandRush|HighHorsepower,Earthquake,IronHead,Protect|Adamant||M|||50|]Sneasler||WhiteHerb|Unburden|FakeOut,DireClaw,CloseCombat,Protect|Adamant||M|||50|]Talonflame||LifeOrb|GaleWings|Tailwind,BraveBird,FlareBlitz,Protect|Jolly||M|||50|]Rotom-Wash||Leftovers|Levitate|VoltSwitch,HydroPump,WillOWisp,Protect|Bold|||||50|\n|inactive|Battle timer is ON: inactive players will automatically lose when time's up. (requested by XiaoBling)\n|inactive|Jorgitomyte331 has 60 seconds left.\n|inactive|XiaoBling has 60 seconds left.\n|\n|t:|1788205032\n|teamsize|p1|4\n|teamsize|p2|4\n|start\n|switch|p1a: Aerodactyl|Aerodactyl, L50, F|100/100\n|switch|p1b: Tsareena|Tsareena, L50, F|100/100\n|switch|p2a: Excadrill|Excadrill, L50, M|100/100\n|switch|p2b: Talonflame|Talonflame, L50, M|100/100\n|-ability|p1a: Aerodactyl|Unnerve\n|turn|1\n|\n|t:|1788205049\n|move|p2b: Talonflame|Tailwind|p2b: Talonflame\n|-sidestart|p2: XiaoBling|move: Tailwind\n|move|p2a: Excadrill|Iron Head|p1a: Aerodactyl\n|-supereffective|p1a: Aerodactyl|1\n|-damage|p1a: Aerodactyl|0 fnt\n|faint|p1a: Aerodactyl\n|move|p1b: Tsareena|Power Whip|p2a: Excadrill\n|-damage|p2a: Excadrill|8/100\n|\n|upkeep\n|\n|t:|1788205055\n|switch|p1a: Kingambit|Kingambit, L50, F|100/100\n|turn|2\n|\n|t:|1788205071\n|move|p1a: Kingambit|Protect|p1a: Kingambit\n|-singleturn|p1a: Kingambit|Protect\n|move|p2b: Talonflame|Flare Blitz|p1b: Tsareena\n|-supereffective|p1b: Tsareena|1\n|-enditem|p1b: Tsareena|Focus Sash\n|-damage|p1b: Tsareena|1/100\n|-damage|p2b: Talonflame|68/100|[from] Recoil\n|-damage|p2b: Talonflame|58/100|[from] item: Life Orb\n|move|p2a: Excadrill|Earthquake|p1a: Kingambit|[spread] p1b\n|-activate|p1a: Kingambit|move: Protect\n|-immune|p2b: Talonflame\n|-resisted|p1b: Tsareena|1\n|-crit|p1b: Tsareena\n|-damage|p1b: Tsareena|0 fnt\n|faint|p1b: Tsareena\n|\n|upkeep\n|\n|t:|1788205082\n|switch|p1b: Raichu|Raichu, L50, M|100/100\n|turn|3\n|\n|t:|1788205094\n|detailschange|p1b: Raichu|Raichu-Mega-Y, L50, M\n|-mega|p1b: Raichu|Raichu|Raichunite Y\n|move|p2b: Talonflame|Protect|p2b: Talonflame\n|-singleturn|p2b: Talonflame|Protect\n|move|p2a: Excadrill|Protect|p2a: Excadrill\n|-singleturn|p2a: Excadrill|Protect\n|move|p1b: Raichu|Fake Out|p2a: Excadrill\n|-activate|p2a: Excadrill|move: Protect\n|move|p1a: Kingambit|Swords Dance|p1a: Kingambit\n|-boost|p1a: Kingambit|atk|2\n|\n|upkeep\n|turn|4\n|\n|t:|1788205105\n|move|p1a: Kingambit|Sucker Punch|p2a: Excadrill\n|-damage|p2a: Excadrill|0 fnt\n|faint|p2a: Excadrill\n|-damage|p1a: Kingambit|90/100|[from] item: Life Orb\n|move|p2b: Talonflame|Flare Blitz|p1b: Raichu\n|-damage|p1b: Raichu|12/100\n|-damage|p2b: Talonflame|27/100|[from] Recoil\n|-damage|p2b: Talonflame|18/100|[from] item: Life Orb\n|move|p1b: Raichu|Zap Cannon|p2b: Talonflame\n|-supereffective|p2b: Talonflame|1\n|-damage|p2b: Talonflame|0 fnt\n|faint|p2b: Talonflame\n|\n|-sideend|p2: XiaoBling|move: Tailwind\n|upkeep\n|\n|t:|1788205108\n|switch|p2b: Sneasler|Sneasler, L50, M|100/100\n|switch|p2a: Tyranitar|Tyranitar, L50, F|100/100\n|-weather|Sandstorm|[from] ability: Sand Stream|[of] p2a: Tyranitar\n|turn|5\n|\n|t:|1788205121\n|detailschange|p2a: Tyranitar|Tyranitar-Mega, L50, F\n|-mega|p2a: Tyranitar|Tyranitar|Tyranitarite\n|move|p1b: Raichu|Protect|p1b: Raichu\n|-singleturn|p1b: Raichu|Protect\n|move|p1a: Kingambit|Protect|p1a: Kingambit\n|-singleturn|p1a: Kingambit|Protect\n|move|p2b: Sneasler|Fake Out|p1b: Raichu\n|-activate|p1b: Raichu|move: Protect\n|move|p2a: Tyranitar|Low Kick|p1a: Kingambit\n|-activate|p1a: Kingambit|move: Protect\n|\n|-weather|Sandstorm|[upkeep]\n|-damage|p1b: Raichu|6/100|[from] Sandstorm\n|-damage|p2b: Sneasler|94/100|[from] Sandstorm\n|upkeep\n|turn|6\n|\n|t:|1788205144\n|move|p2b: Sneasler|Protect|p2b: Sneasler\n|-singleturn|p2b: Sneasler|Protect\n|move|p2a: Tyranitar|Protect|p2a: Tyranitar\n|-singleturn|p2a: Tyranitar|Protect\n|move|p1a: Kingambit|Sucker Punch||[still]\n|-fail|p1a: Kingambit\n|move|p1b: Raichu|Focus Blast|p2a: Tyranitar\n|-activate|p2a: Tyranitar|move: Protect\n|\n|-weather|Sandstorm|[upkeep]\n|-damage|p1b: Raichu|1/100|[from] Sandstorm\n|-damage|p2b: Sneasler|88/100|[from] Sandstorm\n|upkeep\n|turn|7\n|\n|t:|1788205165\n|move|p2a: Tyranitar|Protect||[still]\n|-fail|p2a: Tyranitar\n|move|p1a: Kingambit|Sucker Punch|p2b: Sneasler\n|-resisted|p2b: Sneasler|1\n|-crit|p2b: Sneasler\n|-damage|p2b: Sneasler|0 fnt\n|faint|p2b: Sneasler\n|-damage|p1a: Kingambit|80/100|[from] item: Life Orb\n|move|p1b: Raichu|Focus Blast|p2a: Tyranitar\n|-supereffective|p2a: Tyranitar|2\n|-damage|p2a: Tyranitar|11/100\n|\n|-weather|Sandstorm|[upkeep]\n|-damage|p1b: Raichu|0 fnt|[from] Sandstorm\n|faint|p1b: Raichu\n|upkeep\n|turn|8\n|\n|t:|1788205177\n|move|p2a: Tyranitar|Protect|p2a: Tyranitar\n|-singleturn|p2a: Tyranitar|Protect\n|move|p1a: Kingambit|Sucker Punch||[still]\n|-fail|p1a: Kingambit\n|\n|-weather|Sandstorm|[upkeep]\n|upkeep\n|turn|9\n|\n|t:|1788205180\n|move|p2a: Tyranitar|Protect|p2a: Tyranitar\n|-singleturn|p2a: Tyranitar|Protect\n|move|p1a: Kingambit|Protect||[still]\n|-fail|p1a: Kingambit\n|\n|-weather|none\n|upkeep\n|turn|10\n|\n|t:|1788205187\n|move|p2a: Tyranitar|Protect||[still]\n|-fail|p2a: Tyranitar\n|move|p1a: Kingambit|Sucker Punch||[still]\n|-fail|p1a: Kingambit\n|\n|upkeep\n|turn|11\n|\n|t:|1788205189\n|move|p2a: Tyranitar|Protect|p2a: Tyranitar\n|-singleturn|p2a: Tyranitar|Protect\n|move|p1a: Kingambit|Kowtow Cleave|p2a: Tyranitar\n|-activate|p2a: Tyranitar|move: Protect\n|\n|upkeep\n|turn|12\n|\n|t:|1788205192\n|move|p2a: Tyranitar|Protect||[still]\n|-fail|p2a: Tyranitar\n|move|p1a: Kingambit|Protect||[still]\n|-fail|p1a: Kingambit\n|\n|upkeep\n|turn|13\n|\n|t:|1788205203\n|move|p1a: Kingambit|Sucker Punch|p2a: Tyranitar\n|-resisted|p2a: Tyranitar|1\n|-damage|p2a: Tyranitar|0 fnt\n|faint|p2a: Tyranitar\n|-damage|p1a: Kingambit|71/100|[from] item: Life Orb\n|\n|win|Jorgitomyte331\n||XiaoBling is ready for game 2.\n||Jorgitomyte331 is ready for game 2.\n|uhtml|next|Next: <a href=\"/battle-gen9championsvgc2026regmbbo3-2673499613\"><strong>Game 2 of 3</strong></a>\n|l|☆XiaoBling\n|player|p2|\n","uploadtime":1788205442,"views":"4","formatid":"gen9championsvgc2026regmbbo3","rating":null,"private":0,"password":null}