{"id":"gen9championsvgc2026regmb-2673913099","format":"[Gen 9 Champions] VGC 2026 Reg M-B","players":["funky93","blindfishptsd"],"log":"|j|☆funky93\n|j|☆blindfishptsd\n|html|<table width=\"100%\"><tr><td align=\"left\">funky93</td><td align=\"right\">blindfishptsd</tr><tr><td align=\"left\"><i class=\"fa fa-circle-o\"></i> <i class=\"fa fa-circle-o\"></i> </td><td align=\"right\"><i class=\"fa fa-circle-o\"></i> <i class=\"fa fa-circle-o\"></i> </tr></table>\n|uhtml|bestof|<h2><strong>Game 1</strong> of <a href=\"/game-bestof3-gen9championsvgc2026regmb-2673913098\">a best-of-3</a></h2>\n|t:|1788276383\n|gametype|doubles\n|player|p1|funky93|bruno|\n|player|p2|blindfishptsd|169|\n|gen|9\n|tier|[Gen 9 Champions] VGC 2026 Reg M-B\n|rule|Species Clause: Limit one of each Pokémon\n|rule|Item Clause: Limit 1 of each item\n|raw|<div class=\"infobox\"><details class=\"readmore\" open><summary><strong>1 custom rule:</strong></summary> Best of = 3</details></div>\n|clearpoke\n|poke|p1|Gholdengo, L50|\n|poke|p1|Scovillain, L50, F|\n|poke|p1|Pelipper, L50, F|\n|poke|p1|Mr. Rime, L50, M|\n|poke|p1|Swampert, L50, F|\n|poke|p1|Eelektross, L50, M|\n|poke|p2|Staraptor, L50, F|\n|poke|p2|Metagross, L50|\n|poke|p2|Whimsicott, L50, M|\n|poke|p2|Garchomp, L50, F|\n|poke|p2|Rotom-Heat, L50|\n|poke|p2|Simipour, L50, F|\n|teampreview|4\n|c|☆funky93|gl hf\nfunky93 rejected open team sheets.\n|l|☆blindfishptsd\n|player|p2|\n|j|☆blindfishptsd\n|player|p2|blindfishptsd|169|\n|c|☆blindfishptsd|Glhf\n|\n|t:|1788276446\n|teamsize|p1|4\n|teamsize|p2|4\n|start\n|switch|p1a: Mr. Rime|Mr. Rime, L50, M|100/100\n|switch|p1b: Pelipper|Pelipper, L50, F|100/100\n|switch|p2a: Staraptor|Staraptor, L50, F|100/100\n|switch|p2b: Garchomp|Garchomp, L50, F|100/100\n|-ability|p2a: Staraptor|Intimidate|boost\n|-unboost|p1a: Mr. Rime|atk|1\n|-unboost|p1b: Pelipper|atk|1\n|-weather|RainDance|[from] ability: Drizzle|[of] p1b: Pelipper\n|turn|1\n|\n|t:|1788276473\n|switch|p2b: Simipour|Simipour, L50, F|100/100\n|detailschange|p2a: Staraptor|Staraptor-Mega, L50, F\n|-mega|p2a: Staraptor|Staraptor|Staraptite\n|move|p1a: Mr. Rime|Protect|p1a: Mr. Rime\n|-singleturn|p1a: Mr. Rime|Protect\n|move|p2a: Staraptor|Close Combat|p1a: Mr. Rime\n|-activate|p1a: Mr. Rime|move: Protect\n|move|p1b: Pelipper|Tailwind|p1b: Pelipper\n|-sidestart|p1: funky93|move: Tailwind\n|\n|-weather|RainDance|[upkeep]\n|upkeep\n|turn|2\n|\n|t:|1788276491\n|switch|p1a: Gholdengo|Gholdengo, L50|100/100\n|move|p2a: Staraptor|Protect|p2a: Staraptor\n|-singleturn|p2a: Staraptor|Protect\n|move|p1b: Pelipper|Hurricane|p2a: Staraptor\n|-activate|p2a: Staraptor|move: Protect\n|move|p2b: Simipour|Scald|p1a: Gholdengo\n|-damage|p1a: Gholdengo|52/100\n|-status|p1a: Gholdengo|brn\n|\n|-weather|RainDance|[upkeep]\n|-damage|p1a: Gholdengo|46/100 brn|[from] brn\n|upkeep\n|turn|3\n|\n|t:|1788276516\n|switch|p2a: Garchomp|Garchomp, L50, F|100/100\n|move|p1a: Gholdengo|Make It Rain|p2a: Garchomp|[spread] p2a,p2b\n|-resisted|p2b: Simipour|1\n|-damage|p2a: Garchomp|31/100\n|-damage|p2b: Simipour|55/100\n|-unboost|p1a: Gholdengo|spa|2\n|-damage|p1a: Gholdengo|36/100 brn|[from] item: Life Orb\n|move|p1b: Pelipper|Hurricane|p2a: Garchomp\n|-damage|p2a: Garchomp|0 fnt\n|faint|p2a: Garchomp\n|move|p2b: Simipour|Icy Wind|p1b: Pelipper|[spread] p1a,p1b\n|-resisted|p1a: Gholdengo|1\n|-damage|p1a: Gholdengo|31/100 brn\n|-damage|p1b: Pelipper|84/100\n|-unboost|p1a: Gholdengo|spe|1\n|-unboost|p1b: Pelipper|spe|1\n|\n|-weather|RainDance|[upkeep]\n|-damage|p1a: Gholdengo|25/100 brn|[from] brn\n|upkeep\n|\n|t:|1788276531\n|switch|p2a: Staraptor|Staraptor-Mega, L50, F|100/100\n|turn|4\n|\n|t:|1788276544\n|switch|p1a: Mr. Rime|Mr. Rime, L50, M|100/100\n|move|p2b: Simipour|Scald|p1b: Pelipper\n|-resisted|p1b: Pelipper|1\n|-damage|p1b: Pelipper|54/100\n|move|p2a: Staraptor|Close Combat|p1b: Pelipper\n|-resisted|p1b: Pelipper|1\n|-damage|p1b: Pelipper|27/100\n|-boost|p2a: Staraptor|def|1\n|-boost|p2a: Staraptor|spd|1\n|-enditem|p1b: Pelipper|Sitrus Berry|[eat]\n|-heal|p1b: Pelipper|52/100|[from] item: Sitrus Berry\n|move|p1b: Pelipper|Hurricane|p2b: Simipour\n|-damage|p2b: Simipour|0 fnt\n|faint|p2b: Simipour\n|\n|-weather|RainDance|[upkeep]\n|-sideend|p1: funky93|move: Tailwind\n|upkeep\n|\n|t:|1788276554\n|switch|p2b: Whimsicott|Whimsicott, L50, M|100/100\n|turn|5\n|\n|t:|1788276581\n|switch|p1b: Gholdengo|Gholdengo, L50|25/100 brn\n|move|p2b: Whimsicott|Protect|p2b: Whimsicott\n|-singleturn|p2b: Whimsicott|Protect\n|move|p2a: Staraptor|Close Combat|p1b: Gholdengo\n|-immune|p1b: Gholdengo\n|move|p1a: Mr. Rime|Psychic|p2a: Staraptor\n|-supereffective|p2a: Staraptor|1\n|-damage|p2a: Staraptor|34/100\n|\n|-weather|none\n|-damage|p1b: Gholdengo|19/100 brn|[from] brn\n|upkeep\n|turn|6\n|\n|t:|1788276612\n|move|p2b: Whimsicott|Moonblast|p1b: Gholdengo\n|-resisted|p1b: Gholdengo|1\n|-damage|p1b: Gholdengo|0 fnt\n|faint|p1b: Gholdengo\n|move|p2a: Staraptor|Blaze Kick|p1a: Mr. Rime\n|-supereffective|p1a: Mr. Rime|1\n|-damage|p1a: Mr. Rime|22/100\n|move|p1a: Mr. Rime|Freeze-Dry|p2b: Whimsicott\n|-supereffective|p2b: Whimsicott|1\n|-enditem|p2b: Whimsicott|Focus Sash\n|-damage|p2b: Whimsicott|1/100\n|\n|upkeep\n|\n|t:|1788276626\n|switch|p1b: Swampert|Swampert, L50, F|100/100\n|turn|7\n|\n|t:|1788276676\n|detailschange|p1b: Swampert|Swampert-Mega, L50, F\n|-mega|p1b: Swampert|Swampert|Swampertite\n|move|p2b: Whimsicott|Sunny Day|p2b: Whimsicott\n|-weather|SunnyDay\n|move|p2a: Staraptor|Close Combat|p1b: Swampert\n|-damage|p1b: Swampert|48/100\n|-boost|p2a: Staraptor|def|1\n|-boost|p2a: Staraptor|spd|1\n|move|p1a: Mr. Rime|Freeze-Dry|p2b: Whimsicott\n|-supereffective|p2b: Whimsicott|1\n|-damage|p2b: Whimsicott|0 fnt\n|faint|p2b: Whimsicott\n|move|p1b: Swampert|Wave Crash|p2a: Staraptor\n|-damage|p2a: Staraptor|18/100\n|-damage|p1b: Swampert|43/100|[from] Recoil\n|\n|-weather|SunnyDay|[upkeep]\n|upkeep\n|turn|8\n|\n|t:|1788276692\n|switch|p1a: Pelipper|Pelipper, L50, F|52/100\n|-weather|RainDance|[from] ability: Drizzle|[of] p1a: Pelipper\n|move|p1b: Swampert|Wave Crash|p2a: Staraptor\n|-damage|p2a: Staraptor|0 fnt\n|faint|p2a: Staraptor\n|-damage|p1b: Swampert|36/100|[from] Recoil\n|\n|win|funky93\n||blindfishptsd is ready for game 2.\n||funky93 is ready for game 2.\n|uhtml|next|Next: <a href=\"/battle-gen9championsvgc2026regmb-2673915760\"><strong>Game 2 of 3</strong></a>\n|l|☆funky93\n|player|p1|\n","uploadtime":1788277524,"views":"30","formatid":"gen9championsvgc2026regmb","rating":null,"private":0,"password":null}