{"id":"gen9championsvgc2026regmbbo3-2674035667","format":"[Gen 9 Champions] VGC 2026 Reg M-B (Bo3)","players":["humania1","Aikong"],"log":"|j|☆humania1\n|j|☆Aikong\n|html|<table width=\"100%\"><tr><td align=\"left\">humania1</td><td align=\"right\">Aikong</tr><tr><td align=\"left\"><i class=\"fa fa-circle-o\"></i> <i class=\"fa fa-circle-o\"></i> </td><td align=\"right\"><i class=\"fa fa-circle-o\"></i> <i class=\"fa fa-circle\"></i> </tr></table>\n|uhtml|bestof|<h2><strong>Game 2</strong> of <a href=\"/game-bestof3-gen9championsvgc2026regmbbo3-2674033751\">a best-of-3</a></h2>\n|t:|1788290879\n|gametype|doubles\n|player|p1|humania1|266|1084\n|player|p2|Aikong|266|1134\n|gen|9\n|tier|[Gen 9 Champions] VGC 2026 Reg M-B (Bo3)\n|rated|\n|rule|Species Clause: Limit one of each Pokémon\n|rule|Item Clause: Limit 1 of each item\n|clearpoke\n|poke|p1|Blastoise, L50, M|\n|poke|p1|Delphox, L50, M, shiny|\n|poke|p1|Incineroar, L50, F|\n|poke|p1|Sinistcha, L50|\n|poke|p1|Sneasler, L50, F|\n|poke|p1|Vivillon, L50, F|\n|poke|p2|Umbreon, L50, M, shiny|\n|poke|p2|Feraligatr, L50, F, shiny|\n|poke|p2|Sneasler, L50, M, shiny|\n|poke|p2|Incineroar, L50, M|\n|poke|p2|Metagross, L50, shiny|\n|poke|p2|Sinistcha-Masterpiece, L50|\n|teampreview|4\n|showteam|p1|Blastoise||Blastoisinite|Torrent|Protect,ShellSmash,WaterSpout,DarkPulse|Modest||M|||50|]Delphox||Delphoxite|Blaze|Protect,HeatWave,Psyshock,NastyPlot|Timid||M|||50|]Incineroar||PasshoBerry|Intimidate|FakeOut,PartingShot,FlareBlitz,ThroatChop|Impish||F|||50|]Sinistcha||SitrusBerry|Hospitality|Protect,MatchaGotcha,TrickRoom,RagePowder|Bold|||||50|]Sneasler||FocusSash|PoisonTouch|QuickGuard,FakeOut,CloseCombat,DireClaw|Jolly||F|||50|]Vivillon||ChoiceScarf|CompoundEyes|Hurricane,SleepPowder,RagePowder,Uturn|Timid||F|||50|\n|showteam|p2|Umbreon||Leftovers|InnerFocus|Detect,FoulPlay,Snarl,Yawn|Bold||M|||50|]Feraligatr||Feraligite|SheerForce|DragonDance,Liquidation,Facade,Protect|Adamant||F|||50|]Sneasler||FocusSash|Unburden|FakeOut,Coaching,CloseCombat,DireClaw|Jolly||M|||50|]Incineroar||LifeOrb|Intimidate|FakeOut,FlareBlitz,CloseCombat,DarkestLariat|Adamant||M|||50|]Metagross||Metagrossite|ClearBody|CosmicPower,BodyPress,PsychicFangs,Protect|Impish|||||50|]Sinistcha-Masterpiece||SitrusBerry|Hospitality|MatchaGotcha,TrickRoom,Protect,RagePowder|Bold|||||50|\n|inactive|Battle timer is ON: inactive players will automatically lose when time's up. (requested by humania1)\n|inactive|Aikong has 60 seconds left.\n|\n|t:|1788290915\n|teamsize|p1|4\n|teamsize|p2|4\n|start\n|switch|p1a: Blastoise|Blastoise, L50, M|100/100\n|switch|p1b: Incineroar|Incineroar, L50, F|100/100\n|switch|p2a: Sneasler|Sneasler, L50, M, shiny|100/100\n|switch|p2b: Feraligatr|Feraligatr, L50, F, shiny|100/100\n|-ability|p1b: Incineroar|Intimidate|boost\n|-unboost|p2a: Sneasler|atk|1\n|-unboost|p2b: Feraligatr|atk|1\n|turn|1\n|\n|t:|1788290927\n|detailschange|p2b: Feraligatr|Feraligatr-Mega, L50, F, shiny\n|-mega|p2b: Feraligatr|Feraligatr|Feraligite\n|detailschange|p1a: Blastoise|Blastoise-Mega, L50, M\n|-mega|p1a: Blastoise|Blastoise|Blastoisinite\n|move|p2a: Sneasler|Fake Out|p1a: Blastoise\n|-damage|p1a: Blastoise|90/100\n|move|p1b: Incineroar|Fake Out|p2a: Sneasler\n|-damage|p2a: Sneasler|80/100\n|cant|p1a: Blastoise|flinch\n|move|p2b: Feraligatr|Dragon Dance|p2b: Feraligatr\n|-boost|p2b: Feraligatr|atk|1\n|-boost|p2b: Feraligatr|spe|1\n|\n|upkeep\n|turn|2\n|\n|t:|1788290949\n|move|p2b: Feraligatr|Facade|p1a: Blastoise\n|-damage|p1a: Blastoise|36/100\n|move|p2a: Sneasler|Dire Claw|p1a: Blastoise\n|-damage|p1a: Blastoise|8/100\n|move|p1a: Blastoise|Shell Smash|p1a: Blastoise\n|-unboost|p1a: Blastoise|def|1\n|-unboost|p1a: Blastoise|spd|1\n|-boost|p1a: Blastoise|atk|2\n|-boost|p1a: Blastoise|spa|2\n|-boost|p1a: Blastoise|spe|2\n|move|p1b: Incineroar|Flare Blitz|p2a: Sneasler\n|-damage|p2a: Sneasler|0 fnt\n|faint|p2a: Sneasler\n|-damage|p1b: Incineroar|79/100|[from] Recoil\n|\n|upkeep\n|\n|t:|1788290962\n|switch|p2a: Incineroar|Incineroar, L50, M|100/100\n|-ability|p2a: Incineroar|Intimidate|boost\n|-unboost|p1a: Blastoise|atk|1\n|-unboost|p1b: Incineroar|atk|1\n|turn|3\n|\n|t:|1788290972\n|move|p1a: Blastoise|Protect|p1a: Blastoise\n|-singleturn|p1a: Blastoise|Protect\n|move|p2a: Incineroar|Fake Out|p1a: Blastoise\n|-activate|p1a: Blastoise|move: Protect\n|move|p2b: Feraligatr|Dragon Dance|p2b: Feraligatr\n|-boost|p2b: Feraligatr|atk|1\n|-boost|p2b: Feraligatr|spe|1\n|move|p1b: Incineroar|Throat Chop|p2b: Feraligatr\n|-damage|p2b: Feraligatr|80/100\n|-start|p2b: Feraligatr|Throat Chop|[silent]\n|\n|upkeep\n|turn|4\n|\n|t:|1788290988\n|switch|p1b: Sinistcha|Sinistcha, L50|100/100\n|-heal|p1a: Blastoise|33/100|[from] ability: Hospitality|[of] p1b: Sinistcha\n|move|p1a: Blastoise|Water Spout|p2a: Incineroar|[spread] p2a,p2b\n|-supereffective|p2a: Incineroar|1\n|-resisted|p2b: Feraligatr|2\n|-damage|p2a: Incineroar|24/100\n|-damage|p2b: Feraligatr|69/100\n|move|p2b: Feraligatr|Liquidation|p1a: Blastoise\n|-resisted|p1a: Blastoise|1\n|-damage|p1a: Blastoise|0 fnt\n|faint|p1a: Blastoise\n|move|p2a: Incineroar|Close Combat|p1b: Sinistcha\n|-immune|p1b: Sinistcha\n|\n|-end|p2b: Feraligatr|Throat Chop|[silent]\n|upkeep\n|\n|t:|1788290988\n|switch|p1a: Incineroar|Incineroar, L50, F|79/100\n|-ability|p1a: Incineroar|Intimidate|boost\n|-unboost|p2a: Incineroar|atk|1\n|-unboost|p2b: Feraligatr|atk|1\n|turn|5\n|inactive|Aikong has 30 seconds left.\n|\n|t:|1788291018\n|switch|p2a: Sinistcha|Sinistcha-Masterpiece, L50|100/100\n|-heal|p2b: Feraligatr|94/100|[from] ability: Hospitality|[of] p2a: Sinistcha\n|move|p2b: Feraligatr|Dragon Dance|p2b: Feraligatr\n|-boost|p2b: Feraligatr|atk|1\n|-boost|p2b: Feraligatr|spe|1\n|move|p1a: Incineroar|Flare Blitz|p2a: Sinistcha\n|-supereffective|p2a: Sinistcha|1\n|-damage|p2a: Sinistcha|24/100\n|-enditem|p2a: Sinistcha|Sitrus Berry|[eat]\n|-heal|p2a: Sinistcha|49/100|[from] item: Sitrus Berry\n|-damage|p1a: Incineroar|57/100|[from] Recoil\n|move|p1b: Sinistcha|Trick Room|p1b: Sinistcha\n|-fieldstart|move: Trick Room|[of] p1b: Sinistcha\n|\n|upkeep\n|turn|6\n|inactive|Aikong has 30 seconds left.\n|\n|t:|1788291045\n|move|p1a: Incineroar|Throat Chop|p2a: Sinistcha\n|-supereffective|p2a: Sinistcha|1\n|-damage|p2a: Sinistcha|4/100\n|-start|p2a: Sinistcha|Throat Chop|[silent]\n|move|p2b: Feraligatr|Liquidation|p1a: Incineroar\n|-supereffective|p1a: Incineroar|1\n|-enditem|p1a: Incineroar|Passho Berry|[eat]\n|-enditem|p1a: Incineroar|Passho Berry|[weaken]\n|-damage|p1a: Incineroar|0 fnt\n|faint|p1a: Incineroar\n|move|p1b: Sinistcha|Trick Room|p1b: Sinistcha\n|-fieldend|move: Trick Room\n|move|p2a: Sinistcha|Trick Room|p2a: Sinistcha\n|-fieldstart|move: Trick Room|[of] p2a: Sinistcha\n|\n|upkeep\n|\n|t:|1788291045\n|switch|p1a: Sneasler|Sneasler, L50, F|100/100\n|turn|7\n|\n|t:|1788291061\n|move|p2a: Sinistcha|Protect|p2a: Sinistcha\n|-singleturn|p2a: Sinistcha|Protect\n|move|p2b: Feraligatr|Protect|p2b: Feraligatr\n|-singleturn|p2b: Feraligatr|Protect\n|move|p1b: Sinistcha|Matcha Gotcha|p2a: Sinistcha|[spread] \n|-activate|p2a: Sinistcha|move: Protect\n|-activate|p2b: Feraligatr|move: Protect\n|move|p1a: Sneasler|Dire Claw|p2a: Sinistcha\n|-activate|p2a: Sinistcha|move: Protect\n|\n|-end|p2a: Sinistcha|Throat Chop|[silent]\n|upkeep\n|turn|8\n|\n|t:|1788291078\n|switch|p2a: Incineroar|Incineroar, L50, M|24/100\n|-ability|p2a: Incineroar|Intimidate|boost\n|-unboost|p1a: Sneasler|atk|1\n|-unboost|p1b: Sinistcha|atk|1\n|move|p1b: Sinistcha|Matcha Gotcha|p2a: Incineroar|[spread] p2a,p2b\n|-resisted|p2a: Incineroar|1\n|-damage|p2a: Incineroar|14/100\n|-damage|p2b: Feraligatr|67/100\n|move|p1a: Sneasler|Dire Claw|p2a: Incineroar\n|-damage|p2a: Incineroar|0 fnt\n|faint|p2a: Incineroar\n|move|p2b: Feraligatr|Facade|p1a: Sneasler\n|-enditem|p1a: Sneasler|Focus Sash\n|-damage|p1a: Sneasler|1/100\n|\n|upkeep\n|\n|t:|1788291093\n|switch|p2a: Sinistcha|Sinistcha-Masterpiece, L50|4/100\n|-heal|p2b: Feraligatr|92/100|[from] ability: Hospitality|[of] p2a: Sinistcha\n|turn|9\n|\n|t:|1788291102\n|move|p1b: Sinistcha|Matcha Gotcha|p2b: Feraligatr|[spread] p2a,p2b\n|-resisted|p2a: Sinistcha|1\n|-damage|p2a: Sinistcha|0 fnt\n|-damage|p2b: Feraligatr|65/100\n|faint|p2a: Sinistcha\n|move|p1a: Sneasler|Dire Claw|p2b: Feraligatr\n|-damage|p2b: Feraligatr|40/100\n|move|p2b: Feraligatr|Facade|p1a: Sneasler\n|-damage|p1a: Sneasler|0 fnt\n|faint|p1a: Sneasler\n|\n|upkeep\n|turn|10\n|\n|t:|1788291112\n|move|p2b: Feraligatr|Protect|p2b: Feraligatr\n|-singleturn|p2b: Feraligatr|Protect\n|move|p1b: Sinistcha|Matcha Gotcha|p2b: Feraligatr\n|-activate|p2b: Feraligatr|move: Protect\n|\n|-fieldend|move: Trick Room\n|upkeep\n|turn|11\n|\n|t:|1788291116\n|move|p2b: Feraligatr|Facade|p1b: Sinistcha\n|-damage|p1b: Sinistcha|26/100\n|-enditem|p1b: Sinistcha|Sitrus Berry|[eat]\n|-heal|p1b: Sinistcha|51/100|[from] item: Sitrus Berry\n|move|p1b: Sinistcha|Trick Room|p1b: Sinistcha\n|-fieldstart|move: Trick Room|[of] p1b: Sinistcha\n|\n|upkeep\n|turn|12\n|\n|t:|1788291122\n|move|p1b: Sinistcha|Matcha Gotcha|p2b: Feraligatr|[miss]\n|-miss|p1b: Sinistcha|p2b: Feraligatr\n|move|p2b: Feraligatr|Facade|p1b: Sinistcha\n|-damage|p1b: Sinistcha|0 fnt\n|faint|p1b: Sinistcha\n|\n|win|Aikong\n|raw|humania1's rating: 1084 &rarr; <strong>1065</strong><br />(-19 for losing)\n|raw|Aikong's rating: 1134 &rarr; <strong>1155</strong><br />(+21 for winning)\n","uploadtime":1788291122,"views":"1","formatid":"gen9championsvgc2026regmbbo3","rating":1065,"private":0,"password":null}