{"id":"gen9championsvgc2026regmb-2674711476","format":"[Gen 9 Champions] VGC 2026 Reg M-B","players":["WrstEGirl","kiwuumxd"],"log":"|j|☆WrstEGirl\n|j|☆kiwuumxd\n|t:|1788394302\n|gametype|doubles\n|player|p1|WrstEGirl|dawn|1271\n|player|p2|kiwuumxd|waiter-gen4dp|1210\n|gen|9\n|tier|[Gen 9 Champions] VGC 2026 Reg M-B\n|rated|\n|rule|Species Clause: Limit one of each Pokémon\n|rule|Item Clause: Limit 1 of each item\n|clearpoke\n|poke|p1|Basculegion, L50, M|\n|poke|p1|Meganium, L50, F|\n|poke|p1|Aerodactyl, L50, F|\n|poke|p1|Gholdengo, L50|\n|poke|p1|Tyranitar, L50, M|\n|poke|p1|Gallade, L50, M|\n|poke|p2|Charizard, L50, F|\n|poke|p2|Floette-Eternal, L50, F|\n|poke|p2|Incineroar, L50, M|\n|poke|p2|Garchomp, L50, F|\n|poke|p2|Sinistcha, L50|\n|poke|p2|Gholdengo, L50|\n|teampreview|4\nWrstEGirl rejected open team sheets.\n|inactive|Battle timer is ON: inactive players will automatically lose when time's up. (requested by WrstEGirl)\n|\n|t:|1788394320\n|teamsize|p1|4\n|teamsize|p2|4\n|start\n|switch|p1a: Aerodactyl|Aerodactyl, L50, F|100/100\n|switch|p1b: Basculegion|Basculegion, L50, M|100/100\n|switch|p2a: Reg M-A|Charizard, L50, F|100/100\n|switch|p2b: John|Incineroar, L50, M|100/100\n|-ability|p1a: Aerodactyl|Unnerve\n|-ability|p2b: John|Intimidate|boost\n|-unboost|p1a: Aerodactyl|atk|1\n|-unboost|p1b: Basculegion|atk|1\n|turn|1\n|\n|t:|1788394337\n|detailschange|p2a: Reg M-A|Charizard-Mega-Y, L50, F\n|-mega|p2a: Reg M-A|Charizard|Charizardite Y\n|-weather|SunnyDay|[from] ability: Drought|[of] p2a: Reg M-A\n|move|p2b: John|Fake Out|p1a: Aerodactyl\n|-resisted|p1a: Aerodactyl|1\n|-damage|p1a: Aerodactyl|92/100\n|cant|p1a: Aerodactyl|flinch\n|move|p2a: Reg M-A|Heat Wave|p1b: Basculegion|[spread] p1a,p1b\n|-resisted|p1a: Aerodactyl|1\n|-resisted|p1b: Basculegion|1\n|-damage|p1a: Aerodactyl|44/100\n|-damage|p1b: Basculegion|66/100\n|move|p1b: Basculegion|Flip Turn|p2a: Reg M-A\n|-supereffective|p2a: Reg M-A|1\n|-damage|p2a: Reg M-A|67/100\n|-damage|p1b: Basculegion|56/100|[from] item: Life Orb\n|\n|t:|1788394351\n|switch|p1b: Tyranitar|Tyranitar, L50, M|100/100|[from] Flip Turn\n|-weather|Sandstorm|[from] ability: Sand Stream|[of] p1b: Tyranitar\n|\n|-weather|Sandstorm|[upkeep]\n|-damage|p2a: Reg M-A|61/100|[from] Sandstorm\n|-damage|p2b: John|94/100|[from] Sandstorm\n|upkeep\n|turn|2\n|\n|t:|1788394363\n|switch|p2a: Chai tea|Sinistcha, L50|100/100\n|-heal|p2b: John|100/100|[from] ability: Hospitality|[of] p2a: Chai tea\n|move|p1a: Aerodactyl|Tailwind|p1a: Aerodactyl\n|-sidestart|p1: WrstEGirl|move: Tailwind\n|move|p1b: Tyranitar|Rock Slide|p2a: Chai tea|[spread] p2a,p2b\n|-supereffective|p2b: John|1\n|-damage|p2a: Chai tea|77/100\n|-damage|p2b: John|49/100\n|move|p2b: John|Throat Chop|p1a: Aerodactyl\n|-damage|p1a: Aerodactyl|0 fnt\n|-enditem|p2b: John|Sitrus Berry|[eat]\n|-heal|p2b: John|74/100|[from] item: Sitrus Berry\n|faint|p1a: Aerodactyl\n|\n|-weather|Sandstorm|[upkeep]\n|-damage|p2b: John|68/100|[from] Sandstorm\n|-damage|p2a: Chai tea|71/100|[from] Sandstorm\n|upkeep\n|\n|t:|1788394381\n|switch|p1a: Meganium|Meganium, L50, F|100/100\n|turn|3\n|\n|t:|1788394386\n|detailschange|p1a: Meganium|Meganium-Mega, L50, F\n|-mega|p1a: Meganium|Meganium|Meganiumite\n|move|p1b: Tyranitar|Rock Slide|p2a: Chai tea|[spread] p2a,p2b\n|-supereffective|p2b: John|1\n|-damage|p2a: Chai tea|48/100\n|-damage|p2b: John|17/100\n|move|p1a: Meganium|Dazzling Gleam|p2b: John|[spread] p2a,p2b\n|-damage|p2a: Chai tea|12/100\n|-damage|p2b: John|0 fnt\n|faint|p2b: John\n|cant|p2a: Chai tea|flinch\n|\n|-weather|Sandstorm|[upkeep]\n|-damage|p1a: Meganium|93/100|[from] Sandstorm\n|-damage|p2a: Chai tea|6/100|[from] Sandstorm\n|upkeep\n|\n|t:|1788394399\n|switch|p2b: Reg M-A|Charizard-Mega-Y, L50, F|61/100\n|-weather|SunnyDay|[from] ability: Drought|[of] p2b: Reg M-A\n|turn|4\n|\n|t:|1788394409\n|switch|p2a: Garchonkus|Garchomp, L50, F|100/100\n|move|p1a: Meganium|Protect|p1a: Meganium\n|-singleturn|p1a: Meganium|Protect\n|move|p1b: Tyranitar|Rock Slide|p2b: Reg M-A|[spread] p2b\n|-miss|p1b: Tyranitar|p2a: Garchonkus\n|-supereffective|p2b: Reg M-A|2\n|-damage|p2b: Reg M-A|0 fnt\n|faint|p2b: Reg M-A\n|\n|-weather|SunnyDay|[upkeep]\n|upkeep\n|\n|t:|1788394419\n|switch|p2b: Chai tea|Sinistcha, L50|6/100\n|turn|5\n|\n|t:|1788394426\n|move|p1b: Tyranitar|Rock Slide|p2a: Garchonkus|[spread] p2a,p2b\n|-resisted|p2a: Garchonkus|1\n|-damage|p2a: Garchonkus|85/100\n|-damage|p2b: Chai tea|0 fnt\n|faint|p2b: Chai tea\n|move|p2a: Garchonkus|Rock Slide|p1a: Meganium|[spread] p1a\n|-miss|p2a: Garchonkus|p1b: Tyranitar\n|-damage|p1a: Meganium|74/100\n|cant|p1a: Meganium|flinch\n|\n|-weather|SunnyDay|[upkeep]\n|-sideend|p1: WrstEGirl|move: Tailwind\n|upkeep\n|turn|6\n|inactive|kiwuumxd has 30 seconds left.\n|inactive|kiwuumxd has 20 seconds left.\n|inactive|kiwuumxd has 15 seconds left.\n|inactive|kiwuumxd has 10 seconds left.\n|inactive|kiwuumxd has 5 seconds left.\n|\n|t:|1788394481\n|switch|p1b: Basculegion|Basculegion, L50, M|56/100\n|move|p2a: Garchonkus|Rock Slide|p1a: Meganium|[spread] p1a,p1b\n|-damage|p1a: Meganium|55/100\n|-damage|p1b: Basculegion|28/100\n|move|p1a: Meganium|Dazzling Gleam|p2a: Garchonkus\n|-supereffective|p2a: Garchonkus|1\n|-damage|p2a: Garchonkus|0 fnt\n|faint|p2a: Garchonkus\n|\n|win|WrstEGirl\n|raw|WrstEGirl's rating: 1271 &rarr; <strong>1292</strong><br />(+21 for winning)\n|raw|kiwuumxd's rating: 1210 &rarr; <strong>1189</strong><br />(-21 for losing)\n|l|☆kiwuumxd\n|player|p2|\n","uploadtime":1788394495,"views":"19","formatid":"gen9championsvgc2026regmb","rating":1189,"private":0,"password":null}