{"id":"gen9championsvgc2026regmbbo3-2673891751","format":"[Gen 9 Champions] VGC 2026 Reg M-B (Bo3)","players":["redjaguar","marix_ou"],"log":"|j|☆redjaguar\n|j|☆marix_ou\n|html|<table width=\"100%\"><tr><td align=\"left\">redjaguar</td><td align=\"right\">marix_ou</tr><tr><td align=\"left\"><i class=\"fa fa-circle-o\"></i> <i class=\"fa fa-circle-o\"></i> </td><td align=\"right\"><i class=\"fa fa-circle-o\"></i> <i class=\"fa fa-circle\"></i> </tr></table>\n|uhtml|bestof|<h2><strong>Game 2</strong> of <a href=\"/game-bestof3-gen9championsvgc2026regmbbo3-2673888884\">a best-of-3</a></h2>\n|t:|1788273771\n|gametype|doubles\n|player|p1|redjaguar|gambler|1167\n|player|p2|marix_ou|wattson|1246\n|gen|9\n|tier|[Gen 9 Champions] VGC 2026 Reg M-B (Bo3)\n|rated|\n|rule|Species Clause: Limit one of each Pokémon\n|rule|Item Clause: Limit 1 of each item\n|clearpoke\n|poke|p1|Farigiraf, L50, M|\n|poke|p1|Aerodactyl, L50, M|\n|poke|p1|Gardevoir, L50, M|\n|poke|p1|Basculegion, L50, M|\n|poke|p1|Infernape, L50, M|\n|poke|p1|Garchomp, L50, F|\n|poke|p2|Swampert, L50, F|\n|poke|p2|Ninetales-Alola, L50, F|\n|poke|p2|Incineroar, L50, F|\n|poke|p2|Dragonite, L50, F|\n|poke|p2|Sneasler, L50, M|\n|poke|p2|Gengar, L50, M|\n|teampreview|4\n|showteam|p1|Farigiraf||SitrusBerry|ArmorTail|Psychic,TrickRoom,Protect,HelpingHand|Bold||M|||50|]Aerodactyl||FocusSash|Unnerve|Tailwind,RockSlide,WideGuard,Protect|Jolly||M|||50|]Gardevoir||Gardevoirite|Telepathy|HyperVoice,Psychic,CalmMind,Protect|Timid||M|||50|]Basculegion||MysticWater|Adaptability|AquaJet,LastRespects,WaveCrash,Protect|Adamant||M|||50|]Infernape||WhiteHerb|IronFist|CloseCombat,FirePunch,FakeOut,StoneEdge|Jolly||M|||50|]Garchomp||LifeOrb|RoughSkin|Earthquake,RockSlide,DragonClaw,Protect|Jolly||F|||50|\n|showteam|p2|Swampert||Leftovers|Torrent|HighHorsepower,FlipTurn,Yawn,Protect|Brave||F|||50|]Ninetales-Alola||ChoiceScarf|SnowWarning|Blizzard,FreezeDry,IcyWind,Encore|Timid||F|||50|]Incineroar||SitrusBerry|Intimidate|FlareBlitz,DarkestLariat,FakeOut,PartingShot|Impish||F|||50|]Dragonite||LifeOrb|InnerFocus|DragonClaw,ExtremeSpeed,Protect,Superpower|Adamant||F|||50|]Sneasler||FocusSash|Unburden|CloseCombat,DireClaw,RockSlide,Protect|Adamant||M|||50|]Gengar||Gengarite|CursedBody|SludgeBomb,ShadowBall,Substitute,Protect|Modest||M|||50|\n|\n|t:|1788273800\n|teamsize|p1|4\n|teamsize|p2|4\n|start\n|switch|p1a: Aerodactyl|Aerodactyl, L50, M|100/100\n|switch|p1b: Garchomp|Garchomp, L50, F|100/100\n|switch|p2a: Incineroar|Incineroar, L50, F|100/100\n|switch|p2b: Sneasler|Sneasler, L50, M|100/100\n|-ability|p1a: Aerodactyl|Unnerve\n|-ability|p2a: Incineroar|Intimidate|boost\n|-unboost|p1a: Aerodactyl|atk|1\n|-unboost|p1b: Garchomp|atk|1\n|turn|1\n|\n|t:|1788273845\n|move|p2a: Incineroar|Fake Out|p1b: Garchomp\n|-damage|p1b: Garchomp|90/100\n|-damage|p2a: Incineroar|87/100|[from] ability: Rough Skin|[of] p1b: Garchomp\n|move|p1a: Aerodactyl|Rock Slide|p2b: Sneasler|[spread] p2a,p2b\n|-supereffective|p2a: Incineroar|1\n|-resisted|p2b: Sneasler|1\n|-damage|p2a: Incineroar|62/100\n|-damage|p2b: Sneasler|86/100\n|cant|p2b: Sneasler|flinch\n|cant|p1b: Garchomp|flinch\n|\n|upkeep\n|turn|2\n|\n|t:|1788273865\n|move|p2b: Sneasler|Protect|p2b: Sneasler\n|-singleturn|p2b: Sneasler|Protect\n|move|p1a: Aerodactyl|Tailwind|p1a: Aerodactyl\n|-sidestart|p1: redjaguar|move: Tailwind\n|move|p1b: Garchomp|Earthquake|p2a: Incineroar|[spread] p2a\n|-activate|p2b: Sneasler|move: Protect\n|-immune|p1a: Aerodactyl\n|-supereffective|p2a: Incineroar|1\n|-damage|p2a: Incineroar|12/100\n|-damage|p1b: Garchomp|80/100|[from] item: Life Orb\n|move|p2a: Incineroar|Parting Shot|p1b: Garchomp\n|-unboost|p1b: Garchomp|atk|1\n|-unboost|p1b: Garchomp|spa|1\n|\n|t:|1788273876\n|switch|p2a: Ninetales|Ninetales-Alola, L50, F|100/100|[from] Parting Shot\n|-weather|Snowscape|[from] ability: Snow Warning|[of] p2a: Ninetales\n|\n|-weather|Snowscape|[upkeep]\n|upkeep\n|turn|3\n|\n|t:|1788273909\n|switch|p1b: Basculegion|Basculegion, L50, M|100/100\n|switch|p2b: Incineroar|Incineroar, L50, F|12/100\n|-ability|p2b: Incineroar|Intimidate|boost\n|-unboost|p1a: Aerodactyl|atk|1\n|-unboost|p1b: Basculegion|atk|1\n|move|p1a: Aerodactyl|Rock Slide|p2b: Incineroar|[spread] p2a,p2b\n|-supereffective|p2a: Ninetales|1\n|-supereffective|p2b: Incineroar|1\n|-damage|p2a: Ninetales|75/100\n|-damage|p2b: Incineroar|0 fnt\n|faint|p2b: Incineroar\n|move|p2a: Ninetales|Freeze-Dry|p1b: Basculegion\n|-supereffective|p1b: Basculegion|1\n|-damage|p1b: Basculegion|54/100\n|\n|-weather|Snowscape|[upkeep]\n|upkeep\n|\n|t:|1788273928\n|switch|p2b: Sneasler|Sneasler, L50, M|86/100\n|turn|4\n|\n|t:|1788273954\n|switch|p2a: Swampert|Swampert, L50, F|100/100\n|move|p1a: Aerodactyl|Protect|p1a: Aerodactyl\n|-singleturn|p1a: Aerodactyl|Protect\n|move|p1b: Basculegion|Wave Crash|p2b: Sneasler\n|-damage|p2b: Sneasler|0 fnt\n|faint|p2b: Sneasler\n|-damage|p1b: Basculegion|34/100|[from] Recoil\n|\n|-weather|Snowscape|[upkeep]\n|upkeep\n|\n|t:|1788273963\n|switch|p2b: Ninetales|Ninetales-Alola, L50, F|75/100\n|turn|5\n|\n|t:|1788273989\n|move|p1a: Aerodactyl|Wide Guard|p1a: Aerodactyl\n|-singleturn|p1a: Aerodactyl|Wide Guard\n|move|p2b: Ninetales|Freeze-Dry|p1b: Basculegion\n|-supereffective|p1b: Basculegion|1\n|-damage|p1b: Basculegion|0 fnt\n|faint|p1b: Basculegion\n|move|p2a: Swampert|Yawn|p1a: Aerodactyl\n|-start|p1a: Aerodactyl|move: Yawn|[of] p2a: Swampert\n|\n|-weather|Snowscape|[upkeep]\n|-sideend|p1: redjaguar|move: Tailwind\n|upkeep\n|\n|t:|1788274001\n|switch|p1b: Infernape|Infernape, L50, M|100/100\n|turn|6\n|\n|t:|1788274022\n|move|p2b: Ninetales|Freeze-Dry|p1a: Aerodactyl\n|-supereffective|p1a: Aerodactyl|1\n|-damage|p1a: Aerodactyl|33/100\n|move|p1a: Aerodactyl|Tailwind|p1a: Aerodactyl\n|-sidestart|p1: redjaguar|move: Tailwind\n|move|p1b: Infernape|Fire Punch|p2b: Ninetales\n|-supereffective|p2b: Ninetales|1\n|-damage|p2b: Ninetales|4/100\n|move|p2a: Swampert|Yawn|p1b: Infernape\n|-start|p1b: Infernape|move: Yawn|[of] p2a: Swampert\n|\n|-weather|none\n|-end|p1a: Aerodactyl|move: Yawn|[silent]\n|-status|p1a: Aerodactyl|slp\n|upkeep\n|turn|7\n|\n|t:|1788274045\n|cant|p1a: Aerodactyl|slp\n|move|p1b: Infernape|Fire Punch|p2b: Ninetales\n|-supereffective|p2b: Ninetales|1\n|-damage|p2b: Ninetales|0 fnt\n|faint|p2b: Ninetales\n|move|p2a: Swampert|High Horsepower|p1b: Infernape\n|-supereffective|p1b: Infernape|1\n|-damage|p1b: Infernape|0 fnt\n|faint|p1b: Infernape\n|\n|upkeep\n|\n|t:|1788274055\n|switch|p1b: Garchomp|Garchomp, L50, F|80/100\n|turn|8\n|\n|t:|1788274071\n|-curestatus|p1a: Aerodactyl|slp|[msg]\n|move|p1a: Aerodactyl|Rock Slide|p2a: Swampert\n|-resisted|p2a: Swampert|1\n|-damage|p2a: Swampert|93/100\n|move|p1b: Garchomp|Earthquake|p2a: Swampert|[spread] p2a\n|-immune|p1a: Aerodactyl\n|-damage|p2a: Swampert|47/100\n|-damage|p1b: Garchomp|70/100|[from] item: Life Orb\n|move|p2a: Swampert|Yawn|p1b: Garchomp\n|-start|p1b: Garchomp|move: Yawn|[of] p2a: Swampert\n|\n|-heal|p2a: Swampert|53/100|[from] item: Leftovers\n|upkeep\n|turn|9\n|\n|t:|1788274098\n|move|p2a: Swampert|Protect|p2a: Swampert\n|-singleturn|p2a: Swampert|Protect\n|move|p1a: Aerodactyl|Rock Slide|p2a: Swampert\n|-activate|p2a: Swampert|move: Protect\n|move|p1b: Garchomp|Earthquake|p2a: Swampert|[spread] \n|-activate|p2a: Swampert|move: Protect\n|-immune|p1a: Aerodactyl\n|\n|-heal|p2a: Swampert|59/100|[from] item: Leftovers\n|-end|p1b: Garchomp|move: Yawn|[silent]\n|-status|p1b: Garchomp|slp\n|-sideend|p1: redjaguar|move: Tailwind\n|upkeep\n|turn|10\n|\n|t:|1788274116\n|move|p1a: Aerodactyl|Protect|p1a: Aerodactyl\n|-singleturn|p1a: Aerodactyl|Protect\n|cant|p1b: Garchomp|slp\n|move|p2a: Swampert|High Horsepower|p1b: Garchomp\n|-damage|p1b: Garchomp|28/100 slp\n|-damage|p2a: Swampert|47/100|[from] ability: Rough Skin|[of] p1b: Garchomp\n|\n|-heal|p2a: Swampert|53/100|[from] item: Leftovers\n|upkeep\n|turn|11\n|\n|t:|1788274138\n|move|p1a: Aerodactyl|Rock Slide|p2a: Swampert\n|-resisted|p2a: Swampert|1\n|-damage|p2a: Swampert|45/100\n|cant|p1b: Garchomp|slp\n|move|p2a: Swampert|High Horsepower|p1b: Garchomp\n|-damage|p1b: Garchomp|0 fnt\n|-damage|p2a: Swampert|33/100|[from] ability: Rough Skin|[of] p1b: Garchomp\n|faint|p1b: Garchomp\n|\n|-heal|p2a: Swampert|39/100|[from] item: Leftovers\n|upkeep\n|turn|12\n|\n|t:|1788274153\n|move|p1a: Aerodactyl|Rock Slide|p2a: Swampert\n|-resisted|p2a: Swampert|1\n|-damage|p2a: Swampert|32/100\n|move|p2a: Swampert|Flip Turn|p1a: Aerodactyl\n|-supereffective|p1a: Aerodactyl|1\n|-damage|p1a: Aerodactyl|0 fnt\n|faint|p1a: Aerodactyl\n|\n|win|marix_ou\n|raw|redjaguar's rating: 1167 &rarr; <strong>1148</strong><br />(-19 for losing)\n|raw|marix_ou's rating: 1246 &rarr; <strong>1265</strong><br />(+19 for winning)\n|l|☆marix_ou\n|player|p2|\n","uploadtime":1788274185,"views":"0","formatid":"gen9championsvgc2026regmbbo3","rating":1148,"private":0,"password":null}