{"id":"gen9championsvgc2026regmbbo3-2674843358","format":"[Gen 9 Champions] VGC 2026 Reg M-B (Bo3)","players":["humania1","pandywulu"],"log":"|j|☆humania1\n|j|☆pandywulu\n|html|<table width=\"100%\"><tr><td align=\"left\">humania1</td><td align=\"right\">pandywulu</tr><tr><td align=\"left\"><i class=\"fa fa-circle-o\"></i> <i class=\"fa fa-circle-o\"></i> </td><td align=\"right\"><i class=\"fa fa-circle-o\"></i> <i class=\"fa fa-circle\"></i> </tr></table>\n|uhtml|bestof|<h2><strong>Game 2</strong> of <a href=\"/game-bestof3-gen9championsvgc2026regmbbo3-2674842369\">a best-of-3</a></h2>\n|t:|1788419254\n|gametype|doubles\n|player|p1|humania1|265|1000\n|player|p2|pandywulu|266|1174\n|gen|9\n|tier|[Gen 9 Champions] VGC 2026 Reg M-B (Bo3)\n|rated|\n|rule|Species Clause: Limit one of each Pokémon\n|rule|Item Clause: Limit 1 of each item\n|clearpoke\n|poke|p1|Charizard, L50, M|\n|poke|p1|Whimsicott, L50, F|\n|poke|p1|Basculegion, L50, M|\n|poke|p1|Farigiraf, L50, M|\n|poke|p1|Kangaskhan, L50, F|\n|poke|p1|Sneasler, L50, F|\n|poke|p2|Dragonite, L50, M|\n|poke|p2|Sneasler, L50, M|\n|poke|p2|Primarina, L50, M|\n|poke|p2|Pelipper, L50, M|\n|poke|p2|Rhyperior, L50, F|\n|poke|p2|Garchomp, L50, F|\n|teampreview|4\n|showteam|p1|Charizard||CharizarditeY|SolarPower|WeatherBall,HeatWave,SolarBeam,Protect|Timid||M|||50|]Whimsicott||FocusSash|Prankster|Moonblast,Tailwind,SunnyDay,Encore|Timid||F|||50|]Basculegion||ChoiceScarf|Adaptability|WaveCrash,AquaJet,LastRespects,FlipTurn|Adamant||M|||50|]Farigiraf||SitrusBerry|ArmorTail|Psychic,HyperVoice,HelpingHand,TrickRoom|Modest||M|||50|]Kangaskhan||Kangaskhanite|Scrappy|FakeOut,DoubleEdge,DrainPunch,SuckerPunch|Adamant||F|||50|]Sneasler||WhiteHerb|Unburden|FakeOut,CloseCombat,DireClaw,RockTomb|Adamant||F|||50|\n|showteam|p2|Dragonite||Dragoninite|Multiscale|Hurricane,DragonPulse,Protect,ExtremeSpeed|Timid||M|||50|]Sneasler||FocusSash|Unburden|Feint,CloseCombat,DireClaw,FakeOut|Jolly||M|||50|]Primarina||Leftovers|LiquidVoice|EnergyBall,HyperVoice,DazzlingGleam,Protect|Timid||M|||50|]Pelipper||ExpertBelt|Drizzle|Hurricane,WeatherBall,Protect,Tailwind|Timid||M|||50|]Rhyperior||LifeOrb|LightningRod|DrillRun,RockSlide,IcePunch,Protect|Brave||F|||50|]Garchomp||ChoiceScarf|RoughSkin|DragonClaw,RockSlide,StompingTantrum,PoisonJab|Adamant||F|||50|\n|inactive|Battle timer is ON: inactive players will automatically lose when time's up. (requested by humania1)\n|inactive|pandywulu has 60 seconds left.\n|\n|t:|1788419304\n|teamsize|p1|4\n|teamsize|p2|4\n|start\n|switch|p1a: Basculegion|Basculegion, L50, M|100/100\n|switch|p1b: Farigiraf|Farigiraf, L50, M|100/100\n|switch|p2a: Sneasler|Sneasler, L50, M|100/100\n|switch|p2b: Primarina|Primarina, L50, M|100/100\n|turn|1\n|inactive|pandywulu has 30 seconds left.\n|\n|t:|1788419338\n|move|p1a: Basculegion|Wave Crash|p2a: Sneasler\n|-enditem|p2a: Sneasler|Focus Sash\n|-damage|p2a: Sneasler|1/100\n|-damage|p1a: Basculegion|73/100|[from] Recoil\n|move|p2a: Sneasler|Close Combat|p1b: Farigiraf\n|-damage|p1b: Farigiraf|35/100\n|-unboost|p2a: Sneasler|def|1\n|-unboost|p2a: Sneasler|spd|1\n|-enditem|p1b: Farigiraf|Sitrus Berry|[eat]\n|-heal|p1b: Farigiraf|60/100|[from] item: Sitrus Berry\n|move|p2b: Primarina|Hyper Voice|p1b: Farigiraf|[spread] p1a,p1b\n|-resisted|p1a: Basculegion|1\n|-damage|p1a: Basculegion|55/100\n|-damage|p1b: Farigiraf|29/100\n|move|p1b: Farigiraf|Psychic|p2a: Sneasler\n|-supereffective|p2a: Sneasler|2\n|-damage|p2a: Sneasler|0 fnt\n|faint|p2a: Sneasler\n|\n|upkeep\n|inactive|pandywulu has 30 seconds left.\n|\n|t:|1788419372\n|switch|p2a: Dragonite|Dragonite, L50, M|100/100\n|turn|2\n|\n|t:|1788419385\n|switch|p1a: Kangaskhan|Kangaskhan, L50, F|100/100\n|switch|p1b: Sneasler|Sneasler, L50, F|100/100\n|detailschange|p2a: Dragonite|Dragonite-Mega, L50, M\n|-mega|p2a: Dragonite|Dragonite|Dragoninite\n|move|p2a: Dragonite|Dragon Pulse|p1a: Kangaskhan\n|-damage|p1a: Kangaskhan|45/100\n|move|p2b: Primarina|Hyper Voice|p1b: Sneasler|[spread] p1a,p1b\n|-damage|p1a: Kangaskhan|3/100\n|-damage|p1b: Sneasler|52/100\n|\n|upkeep\n|turn|3\n|\n|t:|1788419400\n|detailschange|p1a: Kangaskhan|Kangaskhan-Mega, L50, F\n|-mega|p1a: Kangaskhan|Kangaskhan|Kangaskhanite\n|move|p2a: Dragonite|Protect|p2a: Dragonite\n|-singleturn|p2a: Dragonite|Protect\n|move|p2b: Primarina|Protect|p2b: Primarina\n|-singleturn|p2b: Primarina|Protect\n|move|p1a: Kangaskhan|Fake Out|p2b: Primarina\n|-activate|p2b: Primarina|move: Protect\n|move|p1b: Sneasler|Dire Claw|p2b: Primarina\n|-activate|p2b: Primarina|move: Protect\n|\n|upkeep\n|turn|4\n|\n|t:|1788419413\n|switch|p1a: Basculegion|Basculegion, L50, M|55/100\n|switch|p2b: Garchomp|Garchomp, L50, F|100/100\n|move|p2a: Dragonite|Extreme Speed|p1a: Basculegion\n|-immune|p1a: Basculegion\n|move|p1b: Sneasler|Dire Claw|p2b: Garchomp\n|-resisted|p2b: Garchomp|1\n|-damage|p2b: Garchomp|77/100\n|-damage|p1b: Sneasler|40/100|[from] ability: Rough Skin|[of] p2b: Garchomp\n|\n|upkeep\n|turn|5\n|inactive|pandywulu has 30 seconds left.\n|inactive|pandywulu has 20 seconds left.\n|\n|t:|1788419453\n|move|p1a: Basculegion|Aqua Jet|p2b: Garchomp\n|-damage|p2b: Garchomp|48/100\n|-damage|p1a: Basculegion|43/100|[from] ability: Rough Skin|[of] p2b: Garchomp\n|move|p2b: Garchomp|Rock Slide|p1a: Basculegion|[spread] p1a,p1b\n|-resisted|p1b: Sneasler|1\n|-damage|p1a: Basculegion|16/100\n|-damage|p1b: Sneasler|21/100\n|cant|p1b: Sneasler|flinch\n|move|p2a: Dragonite|Dragon Pulse|p1a: Basculegion\n|-damage|p1a: Basculegion|0 fnt\n|faint|p1a: Basculegion\n|\n|upkeep\n|\n|t:|1788419453\n|switch|p1a: Kangaskhan|Kangaskhan-Mega, L50, F|3/100\n|turn|6\n|inactive|pandywulu has 30 seconds left.\n|\n|t:|1788419483\n|move|p2b: Garchomp|Rock Slide|p1a: Kangaskhan|[spread] p1a,p1b\n|-resisted|p1b: Sneasler|1\n|-damage|p1a: Kangaskhan|0 fnt\n|-damage|p1b: Sneasler|4/100\n|faint|p1a: Kangaskhan\n|cant|p1b: Sneasler|flinch\n|move|p2a: Dragonite|Dragon Pulse|p1b: Sneasler\n|-damage|p1b: Sneasler|0 fnt\n|faint|p1b: Sneasler\n|\n|upkeep\n|\n|t:|1788419483\n|switch|p1a: Farigiraf|Farigiraf, L50, M|29/100\n|turn|7\n|\n|t:|1788419497\n|move|p2b: Garchomp|Rock Slide|p1a: Farigiraf\n|-damage|p1a: Farigiraf|1/100\n|move|p2a: Dragonite|Dragon Pulse|p1a: Farigiraf\n|-damage|p1a: Farigiraf|0 fnt\n|faint|p1a: Farigiraf\n|\n|win|pandywulu\n|raw|humania1's rating: 1000 &rarr; <strong>1000</strong><br />(+0 for losing)\n|raw|pandywulu's rating: 1174 &rarr; <strong>1187</strong><br />(+13 for winning)\n","uploadtime":1788419498,"views":"1","formatid":"gen9championsvgc2026regmbbo3","rating":1000,"private":0,"password":null}