{"id":"gen9championsvgc2026regmb-2674004849","format":"[Gen 9 Champions] VGC 2026 Reg M-B","players":["Traeger","Yoghurt25"],"log":"|j|☆Traeger\n|j|☆Yoghurt25\n|t:|1788287213\n|gametype|doubles\n|player|p1|Traeger|266|1380\n|player|p2|Yoghurt25|2|1328\n|gen|9\n|tier|[Gen 9 Champions] VGC 2026 Reg M-B\n|rated|\n|rule|Species Clause: Limit one of each Pokémon\n|rule|Item Clause: Limit 1 of each item\n|clearpoke\n|poke|p1|Dragonite, L50, F|\n|poke|p1|Sneasler, L50, M|\n|poke|p1|Kingambit, L50, F|\n|poke|p1|Basculegion, L50, M|\n|poke|p1|Whimsicott, L50, M|\n|poke|p1|Floette-Eternal, L50, F|\n|poke|p2|Sinistcha, L50|\n|poke|p2|Incineroar, L50, F|\n|poke|p2|Blaziken, L50, M|\n|poke|p2|Ninetales-Alola, L50, M|\n|poke|p2|Mawile, L50, F|\n|poke|p2|Basculegion, L50, M|\n|teampreview|4\nYoghurt25 has agreed to open team sheets.\n|\n|t:|1788287245\n|teamsize|p1|4\n|teamsize|p2|4\n|start\n|switch|p1a: Kingambit|Kingambit, L50, F|100/100\n|switch|p1b: Sneasler|Sneasler, L50, M|100/100\n|switch|p2a: Sinistcha|Sinistcha, L50|100/100\n|switch|p2b: Blaziken|Blaziken, L50, M|100/100\n|turn|1\n|\n|t:|1788287266\n|detailschange|p2b: Blaziken|Blaziken-Mega, L50, M\n|-mega|p2b: Blaziken|Blaziken|Blazikenite\n|move|p2b: Blaziken|Detect|p2b: Blaziken\n|-singleturn|p2b: Blaziken|Protect\n|move|p2a: Sinistcha|Protect|p2a: Sinistcha\n|-singleturn|p2a: Sinistcha|Protect\n|move|p1b: Sneasler|Fake Out|p2b: Blaziken\n|-activate|p2b: Blaziken|move: Protect\n|move|p1a: Kingambit|Kowtow Cleave|p2a: Sinistcha\n|-activate|p2a: Sinistcha|move: Protect\n|\n|-ability|p2b: Blaziken|Speed Boost|boost\n|-boost|p2b: Blaziken|spe|1\n|upkeep\n|turn|2\n|\n|t:|1788287298\n|move|p2b: Blaziken|Close Combat|p1a: Kingambit\n|-supereffective|p1a: Kingambit|2\n|-enditem|p1a: Kingambit|Chople Berry|[eat]\n|-enditem|p1a: Kingambit|Chople Berry|[weaken]\n|-damage|p1a: Kingambit|0 fnt\n|-unboost|p2b: Blaziken|def|1\n|-unboost|p2b: Blaziken|spd|1\n|faint|p1a: Kingambit\n|move|p1b: Sneasler|Dire Claw|p2b: Blaziken\n|-damage|p2b: Blaziken|19/100\n|move|p2a: Sinistcha|Matcha Gotcha|p1b: Sneasler|[miss]\n|-miss|p2a: Sinistcha|p1b: Sneasler\n|\n|-ability|p2b: Blaziken|Speed Boost|boost\n|-boost|p2b: Blaziken|spe|1\n|upkeep\n|\n|t:|1788287313\n|switch|p1a: Basculegion|Basculegion, L50, M|100/100\n|turn|3\n|\n|t:|1788287320\n|move|p2b: Blaziken|Detect|p2b: Blaziken\n|-singleturn|p2b: Blaziken|Protect\n|move|p1a: Basculegion|Aqua Jet|p2b: Blaziken\n|-activate|p2b: Blaziken|move: Protect\n|move|p1b: Sneasler|Dire Claw|p2a: Sinistcha\n|-damage|p2a: Sinistcha|62/100\n|move|p2a: Sinistcha|Matcha Gotcha|p1b: Sneasler|[spread] p1a,p1b\n|-supereffective|p1a: Basculegion|1\n|-resisted|p1b: Sneasler|1\n|-damage|p1a: Basculegion|41/100\n|-heal|p2a: Sinistcha|94/100|[from] drain|[of] p1a: Basculegion\n|-damage|p1b: Sneasler|85/100\n|-heal|p2a: Sinistcha|100/100|[from] drain|[of] p1b: Sneasler\n|\n|-ability|p2b: Blaziken|Speed Boost|boost\n|-boost|p2b: Blaziken|spe|1\n|upkeep\n|turn|4\n|\n|t:|1788287341\n|move|p2b: Blaziken|Detect||[still]\n|-fail|p2b: Blaziken\n|move|p1b: Sneasler|Close Combat|p2b: Blaziken\n|-damage|p2b: Blaziken|0 fnt\n|-unboost|p1b: Sneasler|def|1\n|-unboost|p1b: Sneasler|spd|1\n|faint|p2b: Blaziken\n|-enditem|p1b: Sneasler|White Herb\n|-clearnegativeboost|p1b: Sneasler|[silent]\n|move|p1a: Basculegion|Last Respects|p2a: Sinistcha\n|-supereffective|p2a: Sinistcha|1\n|-enditem|p2a: Sinistcha|Kasib Berry|[eat]\n|-enditem|p2a: Sinistcha|Kasib Berry|[weaken]\n|-damage|p2a: Sinistcha|28/100\n|-damage|p1a: Basculegion|31/100|[from] item: Life Orb\n|move|p2a: Sinistcha|Matcha Gotcha|p1b: Sneasler|[spread] p1a,p1b\n|-supereffective|p1a: Basculegion|1\n|-resisted|p1b: Sneasler|1\n|-damage|p1a: Basculegion|0 fnt\n|-heal|p2a: Sinistcha|46/100|[from] drain|[of] p1a: Basculegion\n|-damage|p1b: Sneasler|70/100\n|-heal|p2a: Sinistcha|53/100|[from] drain|[of] p1b: Sneasler\n|-status|p1b: Sneasler|brn\n|faint|p1a: Basculegion\n|\n|-damage|p1b: Sneasler|64/100 brn|[from] brn\n|upkeep\n|\n|t:|1788287370\n|switch|p2b: Basculegion|Basculegion, L50, M|100/100\n|switch|p1a: Dragonite|Dragonite, L50, F|100/100\n|turn|5\n|\n|t:|1788287388\n|detailschange|p1a: Dragonite|Dragonite-Mega, L50, F\n|-mega|p1a: Dragonite|Dragonite|Dragoninite\n|move|p2a: Sinistcha|Rage Powder|p2a: Sinistcha\n|-singleturn|p2a: Sinistcha|move: Rage Powder\n|move|p2b: Basculegion|Aqua Jet|p1b: Sneasler\n|-damage|p1b: Sneasler|11/100 brn\n|-damage|p2b: Basculegion|90/100|[from] item: Life Orb\n|move|p1b: Sneasler|Dire Claw|p2a: Sinistcha\n|-damage|p2a: Sinistcha|35/100\n|move|p1a: Dragonite|Thunderbolt|p2a: Sinistcha\n|-resisted|p2a: Sinistcha|1\n|-damage|p2a: Sinistcha|19/100\n|-status|p2a: Sinistcha|par\n|\n|-damage|p1b: Sneasler|5/100 brn|[from] brn\n|upkeep\n|turn|6\n|\n|t:|1788287405\n|move|p2a: Sinistcha|Rage Powder|p2a: Sinistcha\n|-singleturn|p2a: Sinistcha|move: Rage Powder\n|move|p2b: Basculegion|Aqua Jet|p1a: Dragonite\n|-resisted|p1a: Dragonite|1\n|-damage|p1a: Dragonite|91/100\n|-damage|p2b: Basculegion|80/100|[from] item: Life Orb\n|move|p1b: Sneasler|Dire Claw|p2a: Sinistcha\n|-damage|p2a: Sinistcha|2/100 par\n|move|p1a: Dragonite|Thunderbolt|p2a: Sinistcha\n|-resisted|p2a: Sinistcha|1\n|-damage|p2a: Sinistcha|0 fnt\n|faint|p2a: Sinistcha\n|\n|-damage|p1b: Sneasler|0 fnt|[from] brn\n|faint|p1b: Sneasler\n|upkeep\n|\n|t:|1788287419\n|switch|p2a: Ninetales|Ninetales-Alola, L50, M|100/100\n|-weather|Snowscape|[from] ability: Snow Warning|[of] p2a: Ninetales\n|turn|7\n|\n|t:|1788287429\n|move|p2a: Ninetales|Blizzard|p1a: Dragonite\n|-supereffective|p1a: Dragonite|2\n|-damage|p1a: Dragonite|0 fnt\n|faint|p1a: Dragonite\n|\n|win|Yoghurt25\n|raw|Traeger's rating: 1380 &rarr; <strong>1357</strong><br />(-23 for losing)\n|raw|Yoghurt25's rating: 1328 &rarr; <strong>1351</strong><br />(+23 for winning)\n|l|☆Traeger\n|player|p1|\n","uploadtime":1788287435,"views":"0","formatid":"gen9championsvgc2026regmb","rating":1351,"private":0,"password":null}