{"id":"gen9championsvgc2026regmb-2674020907","format":"[Gen 9 Champions] VGC 2026 Reg M-B","players":["iliasdelm","blueprint-test"],"log":"|j|☆iliasdelm\n|j|☆blueprint-test\n|t:|1788289116\n|gametype|doubles\n|player|p1|iliasdelm|gambler|1314\n|player|p2|blueprint-test|janitor|1364\n|gen|9\n|tier|[Gen 9 Champions] VGC 2026 Reg M-B\n|rated|\n|rule|Species Clause: Limit one of each Pokémon\n|rule|Item Clause: Limit 1 of each item\n|clearpoke\n|poke|p1|Dragonite, L50, F|\n|poke|p1|Archaludon, L50, M|\n|poke|p1|Pelipper, L50, M|\n|poke|p1|Swampert, L50, F|\n|poke|p1|Sinistcha-Masterpiece, L50|\n|poke|p1|Kingambit, L50, M|\n|poke|p2|Staraptor, L50, M|\n|poke|p2|Sinistcha-Masterpiece, L50|\n|poke|p2|Scovillain, L50, M|\n|poke|p2|Politoed, L50, F|\n|poke|p2|Raichu, L50, F|\n|poke|p2|Metagross, L50|\n|teampreview|4\n|inactive|Battle timer is ON: inactive players will automatically lose when time's up. (requested by blueprint-test)\n|\n|t:|1788289140\n|teamsize|p1|4\n|teamsize|p2|4\n|start\n|switch|p1a: Pelipper|Pelipper, L50, M|100/100\n|switch|p1b: Swampert|Swampert, L50, F|100/100\n|switch|p2a: Staraptor|Staraptor, L50, M|100/100\n|switch|p2b: Splashy|Sinistcha-Masterpiece, L50|100/100\n|-ability|p2a: Staraptor|Intimidate|boost\n|-unboost|p1a: Pelipper|atk|1\n|-unboost|p1b: Swampert|atk|1\n|-weather|RainDance|[from] ability: Drizzle|[of] p1a: Pelipper\n|turn|1\n|\n|t:|1788289159\n|switch|p1b: Archaludon|Archaludon, L50, M|100/100\n|move|p2b: Splashy|Protect|p2b: Splashy\n|-singleturn|p2b: Splashy|Protect\n|move|p2a: Staraptor|Brave Bird|p1a: Pelipper\n|-damage|p1a: Pelipper|29/100\n|-damage|p2a: Staraptor|82/100|[from] Recoil\n|move|p1a: Pelipper|Tailwind|p1a: Pelipper\n|-sidestart|p1: iliasdelm|move: Tailwind\n|\n|-weather|RainDance|[upkeep]\n|upkeep\n|turn|2\n|\n|t:|1788289176\n|switch|p2b: Zappy|Raichu, L50, F|100/100\n|detailschange|p2a: Staraptor|Staraptor-Mega, L50, M\n|-mega|p2a: Staraptor|Staraptor|Staraptite\n|move|p1a: Pelipper|Hurricane|p2b: Zappy\n|-resisted|p2b: Zappy|1\n|-damage|p2b: Zappy|69/100\n|-start|p2b: Zappy|confusion\n|move|p1b: Archaludon|Electro Shot||[still]\n|-activate|p2b: Zappy|ability: Lightning Rod\n|-prepare|p1b: Archaludon|Electro Shot\n|-boost|p1b: Archaludon|spa|1\n|-anim|p1b: Archaludon|Electro Shot|p2b: Zappy\n|-ability|p2b: Zappy|Lightning Rod|boost\n|-boost|p2b: Zappy|spa|1\n|move|p2a: Staraptor|Close Combat|p1b: Archaludon\n|-supereffective|p1b: Archaludon|1\n|-damage|p1b: Archaludon|8/100\n|-boost|p2a: Staraptor|def|1\n|-boost|p2a: Staraptor|spd|1\n|-ability|p1b: Archaludon|Stamina|boost\n|-boost|p1b: Archaludon|def|1\n|-enditem|p1b: Archaludon|Sitrus Berry|[eat]\n|-heal|p1b: Archaludon|32/100|[from] item: Sitrus Berry\n|\n|-weather|RainDance|[upkeep]\n|upkeep\n|turn|3\n|inactive|blueprint-test has 30 seconds left.\n|\n|t:|1788289203\n|switch|p1a: Swampert|Swampert, L50, F|100/100\n|move|p1b: Archaludon|Protect|p1b: Archaludon\n|-singleturn|p1b: Archaludon|Protect\n|-activate|p2b: Zappy|confusion\n|move|p2b: Zappy|Fake Out|p1a: Swampert\n|-damage|p1a: Swampert|91/100\n|move|p2a: Staraptor|Brave Bird|p1a: Swampert\n|-damage|p1a: Swampert|23/100\n|-damage|p2a: Staraptor|60/100|[from] Recoil\n|\n|-weather|RainDance|[upkeep]\n|upkeep\n|turn|4\n|\n|t:|1788289222\n|detailschange|p1a: Swampert|Swampert-Mega, L50, F\n|-mega|p1a: Swampert|Swampert|Swampertite\n|-activate|p2b: Zappy|confusion\n|move|p2b: Zappy|Protect|p2b: Zappy\n|-singleturn|p2b: Zappy|Protect\n|move|p1a: Swampert|Ice Punch|p2a: Staraptor\n|-supereffective|p2a: Staraptor|1\n|-damage|p2a: Staraptor|17/100\n|move|p1b: Archaludon|Dragon Pulse|p2b: Zappy\n|-activate|p2b: Zappy|move: Protect\n|move|p2a: Staraptor|Close Combat|p1b: Archaludon\n|-supereffective|p1b: Archaludon|1\n|-damage|p1b: Archaludon|0 fnt\n|-boost|p2a: Staraptor|def|1\n|-boost|p2a: Staraptor|spd|1\n|faint|p1b: Archaludon\n|\n|-weather|RainDance|[upkeep]\n|-sideend|p1: iliasdelm|move: Tailwind\n|upkeep\n|\n|t:|1788289234\n|switch|p1b: Kingambit|Kingambit, L50, M|100/100\n|turn|5\n|\n|t:|1788289255\n|switch|p2b: Splashy|Sinistcha-Masterpiece, L50|100/100\n|-heal|p2a: Staraptor|41/100|[from] ability: Hospitality|[of] p2b: Splashy\n|move|p2a: Staraptor|Protect|p2a: Staraptor\n|-singleturn|p2a: Staraptor|Protect\n|move|p1b: Kingambit|Sucker Punch||[still]\n|-fail|p1b: Kingambit\n|move|p1a: Swampert|Ice Punch|p2a: Staraptor\n|-activate|p2a: Staraptor|move: Protect\n|\n|-weather|none\n|upkeep\n|turn|6\n|\n|t:|1788289271\n|switch|p2b: Zappy|Raichu, L50, F|69/100\n|switch|p1b: Pelipper|Pelipper, L50, M|29/100\n|-weather|RainDance|[from] ability: Drizzle|[of] p1b: Pelipper\n|move|p1a: Swampert|Wave Crash|p2a: Staraptor\n|-damage|p2a: Staraptor|0 fnt\n|faint|p2a: Staraptor\n|-damage|p1a: Swampert|9/100|[from] Recoil\n|\n|-weather|RainDance|[upkeep]\n|upkeep\n|\n|t:|1788289283\n|switch|p2a: Splashy|Sinistcha-Masterpiece, L50|100/100\n|-heal|p2b: Zappy|93/100|[from] ability: Hospitality|[of] p2a: Splashy\n|turn|7\n|\n|t:|1788289292\n|move|p1a: Swampert|Protect|p1a: Swampert\n|-singleturn|p1a: Swampert|Protect\n|move|p2a: Splashy|Protect|p2a: Splashy\n|-singleturn|p2a: Splashy|Protect\n|move|p2b: Zappy|Fake Out|p1a: Swampert\n|-activate|p1a: Swampert|move: Protect\n|move|p1b: Pelipper|Hurricane|p2a: Splashy\n|-activate|p2a: Splashy|move: Protect\n|\n|-weather|RainDance|[upkeep]\n|upkeep\n|turn|8\n|\n|t:|1788289304\n|move|p1a: Swampert|Earthquake|p2b: Zappy|[spread] p2a,p2b\n|-immune|p1b: Pelipper\n|-resisted|p2a: Splashy|1\n|-supereffective|p2b: Zappy|1\n|-damage|p2a: Splashy|76/100\n|-damage|p2b: Zappy|0 fnt\n|faint|p2b: Zappy\n|move|p1b: Pelipper|Hurricane|p2a: Splashy\n|-supereffective|p2a: Splashy|1\n|-damage|p2a: Splashy|0 fnt\n|faint|p2a: Splashy\n|\n|-weather|RainDance|[upkeep]\n|upkeep\n|\n|t:|1788289312\n|switch|p2b: Rage and Burn|Scovillain, L50, M|100/100\n|turn|9\n|\n|t:|1788289317\n|move|p2b: Rage and Burn|Protect|p2b: Rage and Burn\n|-singleturn|p2b: Rage and Burn|Protect\n|move|p1a: Swampert|Earthquake|p2b: Rage and Burn|[spread] \n|-activate|p2b: Rage and Burn|move: Protect\n|-immune|p1b: Pelipper\n|move|p1b: Pelipper|Hurricane|p2b: Rage and Burn\n|-activate|p2b: Rage and Burn|move: Protect\n|\n|-weather|RainDance|[upkeep]\n|-ability|p2b: Rage and Burn|Moody|boost\n|-boost|p2b: Rage and Burn|spd|2\n|-unboost|p2b: Rage and Burn|spa|1\n|upkeep\n|turn|10\n|\n|t:|1788289333\n|switch|p1b: Kingambit|Kingambit, L50, M|100/100\n|move|p1a: Swampert|Protect|p1a: Swampert\n|-singleturn|p1a: Swampert|Protect\n|move|p2b: Rage and Burn|Giga Drain|p1b: Kingambit\n|-resisted|p1b: Kingambit|1\n|-damage|p1b: Kingambit|88/100\n|\n|-weather|none\n|-ability|p2b: Rage and Burn|Moody|boost\n|-boost|p2b: Rage and Burn|spd|2\n|-unboost|p2b: Rage and Burn|spa|1\n|upkeep\n|turn|11\n|\n|t:|1788289345\n|switch|p1a: Pelipper|Pelipper, L50, M|29/100\n|-weather|RainDance|[from] ability: Drizzle|[of] p1a: Pelipper\n|move|p2b: Rage and Burn|Giga Drain|p1a: Pelipper\n|-damage|p1a: Pelipper|1/100\n|move|p1b: Kingambit|Kowtow Cleave|p2b: Rage and Burn\n|-damage|p2b: Rage and Burn|35/100\n|-enditem|p2b: Rage and Burn|Sitrus Berry|[eat]\n|-heal|p2b: Rage and Burn|60/100|[from] item: Sitrus Berry\n|\n|-weather|RainDance|[upkeep]\n|-ability|p2b: Rage and Burn|Moody|boost\n|-boost|p2b: Rage and Burn|spe|2\n|-unboost|p2b: Rage and Burn|spa|1\n|upkeep\n|turn|12\n|\n|t:|1788289365\n|move|p2b: Rage and Burn|Leech Seed|p1b: Kingambit\n|-start|p1b: Kingambit|move: Leech Seed\n|move|p1a: Pelipper|Hurricane|p2b: Rage and Burn\n|-supereffective|p2b: Rage and Burn|1\n|-damage|p2b: Rage and Burn|15/100\n|move|p1b: Kingambit|Kowtow Cleave|p2b: Rage and Burn\n|-damage|p2b: Rage and Burn|0 fnt\n|faint|p2b: Rage and Burn\n|\n|win|iliasdelm\n|raw|iliasdelm's rating: 1314 &rarr; <strong>1337</strong><br />(+23 for winning)\n|raw|blueprint-test's rating: 1364 &rarr; <strong>1341</strong><br />(-23 for losing)\n","uploadtime":1788289366,"views":"0","formatid":"gen9championsvgc2026regmb","rating":1337,"private":0,"password":null}