{"id":"gen9championsvgc2026regmb-2673928445","format":"[Gen 9 Champions] VGC 2026 Reg M-B","players":["Nayumi_VT","garvit300600"],"log":"|j|☆Nayumi_VT\n|j|☆garvit300600\n|t:|1788278224\n|gametype|doubles\n|player|p1|Nayumi_VT|dahlia|1150\n|player|p2|garvit300600|guitarist|1067\n|gen|9\n|tier|[Gen 9 Champions] VGC 2026 Reg M-B\n|rated|\n|rule|Species Clause: Limit one of each Pokémon\n|rule|Item Clause: Limit 1 of each item\n|clearpoke\n|poke|p1|Overqwil, L50, M, shiny|\n|poke|p1|Sneasler, L50, M, shiny|\n|poke|p1|Meowstic, L50, M, shiny|\n|poke|p1|Klefki, L50, F, shiny|\n|poke|p1|Sableye, L50, F, shiny|\n|poke|p1|Delphox, L50, F, shiny|\n|poke|p2|Grimmsnarl, L50, M|\n|poke|p2|Slowbro, L50, M|\n|poke|p2|Farigiraf, L50, M|\n|poke|p2|Kangaskhan, L50, F|\n|poke|p2|Staraptor, L50, F|\n|poke|p2|Incineroar, L50, M|\n|teampreview|4\n|\n|t:|1788278248\n|teamsize|p1|4\n|teamsize|p2|4\n|start\n|switch|p1a: Meowstic|Meowstic, L50, M, shiny|100/100\n|switch|p1b: Fisteur Fou|Overqwil, L50, M, shiny|100/100\n|switch|p2a: Grimmsnarl|Grimmsnarl, L50, M|100/100\n|switch|p2b: Farigiraf|Farigiraf, L50, M|100/100\n|-ability|p1b: Fisteur Fou|Intimidate|boost\n|-unboost|p2a: Grimmsnarl|atk|1\n|-unboost|p2b: Farigiraf|atk|1\n|turn|1\n|\n|t:|1788278280\n|move|p1a: Meowstic|Skill Swap|p1b: Fisteur Fou\n|-activate|p1a: Meowstic|Skill Swap|||[of] p1b: Fisteur Fou\n|-hint|Skill Swap does not announce the abilities of the Pokémon when used between allies.\n|-ability|p1a: Meowstic|Intimidate|boost\n|-unboost|p2a: Grimmsnarl|atk|1\n|-unboost|p2b: Farigiraf|atk|1\n|move|p1b: Fisteur Fou|Minimize|p1b: Fisteur Fou\n|-boost|p1b: Fisteur Fou|evasion|2\n|move|p2a: Grimmsnarl|Light Screen|p2a: Grimmsnarl\n|-sidestart|p2: garvit300600|move: Light Screen\n|move|p2b: Farigiraf|Trick Room|p2b: Farigiraf\n|-fieldstart|move: Trick Room|[of] p2b: Farigiraf\n|\n|upkeep\n|turn|2\n|\n|t:|1788278328\n|switch|p2b: Slowbro|Slowbro, L50, M|100/100\n|move|p1b: Fisteur Fou|Minimize|p1b: Fisteur Fou\n|-boost|p1b: Fisteur Fou|evasion|2\n|move|p2a: Grimmsnarl|Spirit Break|p1b: Fisteur Fou\n|-damage|p1b: Fisteur Fou|84/100\n|-unboost|p1b: Fisteur Fou|spa|1\n|move|p1a: Meowstic|Yawn|p2b: Slowbro\n|-start|p2b: Slowbro|move: Yawn|[of] p1a: Meowstic\n|\n|-heal|p1b: Fisteur Fou|90/100|[from] item: Leftovers\n|upkeep\n|turn|3\n|\n|t:|1788278352\n|detailschange|p2b: Slowbro|Slowbro-Mega, L50, M\n|-mega|p2b: Slowbro|Slowbro|Slowbronite\n|move|p1b: Fisteur Fou|Minimize|p1b: Fisteur Fou\n|-boost|p1b: Fisteur Fou|evasion|2\n|move|p2b: Slowbro|Iron Defense|p2b: Slowbro\n|-boost|p2b: Slowbro|def|2\n|move|p2a: Grimmsnarl|Spirit Break|p1b: Fisteur Fou|[miss]\n|-miss|p2a: Grimmsnarl|p1b: Fisteur Fou\n|move|p1a: Meowstic|Yawn|p2a: Grimmsnarl\n|-start|p2a: Grimmsnarl|move: Yawn|[of] p1a: Meowstic\n|\n|-heal|p1b: Fisteur Fou|96/100|[from] item: Leftovers\n|-end|p2b: Slowbro|move: Yawn|[silent]\n|-status|p2b: Slowbro|slp\n|upkeep\n|turn|4\n|\n|t:|1788278385\n|switch|p2a: Incineroar|Incineroar, L50, M|100/100\n|-ability|p2a: Incineroar|Intimidate|boost\n|-unboost|p1a: Meowstic|atk|1\n|-unboost|p1b: Fisteur Fou|atk|1\n|move|p1b: Fisteur Fou|Stockpile|p1b: Fisteur Fou\n|-start|p1b: Fisteur Fou|stockpile1\n|-boost|p1b: Fisteur Fou|def|1\n|-boost|p1b: Fisteur Fou|spd|1\n|cant|p2b: Slowbro|slp\n|move|p1a: Meowstic|Skill Swap|p1b: Fisteur Fou\n|-activate|p1a: Meowstic|Skill Swap|||[of] p1b: Fisteur Fou\n|-hint|Skill Swap does not announce the abilities of the Pokémon when used between allies.\n|-ability|p1b: Fisteur Fou|Intimidate|boost\n|-unboost|p2a: Incineroar|atk|1\n|-unboost|p2b: Slowbro|atk|1\n|-enditem|p2a: Incineroar|White Herb\n|-clearnegativeboost|p2a: Incineroar|[silent]\n|\n|-heal|p1b: Fisteur Fou|100/100|[from] item: Leftovers\n|upkeep\n|turn|5\n|\n|t:|1788278414\n|move|p2a: Incineroar|Fake Out|p1b: Fisteur Fou|[miss]\n|-miss|p2a: Incineroar|p1b: Fisteur Fou\n|move|p1a: Meowstic|Skill Swap|p1b: Fisteur Fou\n|-activate|p1a: Meowstic|Skill Swap|||[of] p1b: Fisteur Fou\n|-hint|Skill Swap does not announce the abilities of the Pokémon when used between allies.\n|-ability|p1a: Meowstic|Intimidate|boost\n|-unboost|p2a: Incineroar|atk|1\n|-unboost|p2b: Slowbro|atk|1\n|move|p1b: Fisteur Fou|Stockpile|p1b: Fisteur Fou\n|-start|p1b: Fisteur Fou|stockpile2\n|-boost|p1b: Fisteur Fou|def|1\n|-boost|p1b: Fisteur Fou|spd|1\n|cant|p2b: Slowbro|slp\n|\n|-fieldend|move: Trick Room\n|upkeep\n|turn|6\n|\n|t:|1788278444\n|move|p1b: Fisteur Fou|Barb Barrage|p2b: Slowbro\n|-damage|p2b: Slowbro|95/100 slp\n|move|p1a: Meowstic|Yawn|p2a: Incineroar\n|-start|p2a: Incineroar|move: Yawn|[of] p1a: Meowstic\n|move|p2a: Incineroar|Flare Blitz|p1b: Fisteur Fou|[miss]\n|-miss|p2a: Incineroar|p1b: Fisteur Fou\n|-curestatus|p2b: Slowbro|slp|[msg]\n|move|p2b: Slowbro|Iron Defense|p2b: Slowbro\n|-boost|p2b: Slowbro|def|2\n|\n|upkeep\n|turn|7\n|\n|t:|1788278466\n|move|p1b: Fisteur Fou|Barb Barrage|p2b: Slowbro\n|-damage|p2b: Slowbro|92/100\n|-status|p2b: Slowbro|psn\n|move|p1a: Meowstic|Skill Swap|p1b: Fisteur Fou\n|-activate|p1a: Meowstic|Skill Swap|||[of] p1b: Fisteur Fou\n|-hint|Skill Swap does not announce the abilities of the Pokémon when used between allies.\n|-ability|p1b: Fisteur Fou|Intimidate|boost\n|-unboost|p2a: Incineroar|atk|1\n|-unboost|p2b: Slowbro|atk|1\n|move|p2a: Incineroar|Flare Blitz|p1b: Fisteur Fou|[miss]\n|-miss|p2a: Incineroar|p1b: Fisteur Fou\n|move|p2b: Slowbro|Iron Defense|p2b: Slowbro\n|-boost|p2b: Slowbro|def|2\n|\n|-damage|p2b: Slowbro|80/100 psn|[from] psn\n|-end|p2a: Incineroar|move: Yawn|[silent]\n|-status|p2a: Incineroar|slp\n|upkeep\n|turn|8\n|\n|t:|1788278500\n|move|p1a: Meowstic|Skill Swap|p1b: Fisteur Fou\n|-activate|p1a: Meowstic|Skill Swap|||[of] p1b: Fisteur Fou\n|-hint|Skill Swap does not announce the abilities of the Pokémon when used between allies.\n|-ability|p1a: Meowstic|Intimidate|boost\n|-unboost|p2a: Incineroar|atk|1\n|-unboost|p2b: Slowbro|atk|1\n|move|p1b: Fisteur Fou|Stockpile|p1b: Fisteur Fou\n|-start|p1b: Fisteur Fou|stockpile3\n|-boost|p1b: Fisteur Fou|def|1\n|-boost|p1b: Fisteur Fou|spd|1\n|cant|p2a: Incineroar|slp\n|move|p2b: Slowbro|Slack Off|p2b: Slowbro\n|-heal|p2b: Slowbro|100/100 psn\n|\n|-damage|p2b: Slowbro|87/100 psn|[from] psn\n|-sideend|p2: garvit300600|move: Light Screen\n|upkeep\n|turn|9\n|\n|t:|1788278533\n|switch|p2a: Farigiraf|Farigiraf, L50, M|100/100\n|move|p1b: Fisteur Fou|Barb Barrage|p2a: Farigiraf\n|-damage|p2a: Farigiraf|85/100\n|move|p1a: Meowstic|Skill Swap|p1b: Fisteur Fou\n|-activate|p1a: Meowstic|Skill Swap|||[of] p1b: Fisteur Fou\n|-hint|Skill Swap does not announce the abilities of the Pokémon when used between allies.\n|-ability|p1b: Fisteur Fou|Intimidate|boost\n|-unboost|p2a: Farigiraf|atk|1\n|-unboost|p2b: Slowbro|atk|1\n|move|p2b: Slowbro|Body Press|p1b: Fisteur Fou\n|-damage|p1b: Fisteur Fou|47/100\n|\n|-heal|p1b: Fisteur Fou|53/100|[from] item: Leftovers\n|-damage|p2b: Slowbro|75/100 psn|[from] psn\n|upkeep\n|turn|10\n|c|☆garvit300600|y r u doin this plz forgive me\n|\n|t:|1788278565\n|move|p1a: Meowstic|Yawn||[still]\n|cant|p2a: Farigiraf|ability: Armor Tail|Yawn|[of] p1a: Meowstic\n|move|p1b: Fisteur Fou|Barb Barrage|p2a: Farigiraf\n|-damage|p2a: Farigiraf|70/100\n|move|p2b: Slowbro|Body Press|p1b: Fisteur Fou|[miss]\n|-miss|p2b: Slowbro|p1b: Fisteur Fou\n|move|p2a: Farigiraf|Trick Room|p2a: Farigiraf\n|-fieldstart|move: Trick Room|[of] p2a: Farigiraf\n|\n|-heal|p1b: Fisteur Fou|59/100|[from] item: Leftovers\n|-damage|p2b: Slowbro|62/100 psn|[from] psn\n|upkeep\n|turn|11\n|\n|t:|1788278594\n|switch|p2a: Incineroar|Incineroar, L50, M|100/100 slp\n|-ability|p2a: Incineroar|Intimidate|boost\n|-unboost|p1a: Meowstic|atk|1\n|-unboost|p1b: Fisteur Fou|atk|1\n|move|p1a: Meowstic|Skill Swap|p1b: Fisteur Fou\n|-activate|p1a: Meowstic|Skill Swap|||[of] p1b: Fisteur Fou\n|-hint|Skill Swap does not announce the abilities of the Pokémon when used between allies.\n|-ability|p1a: Meowstic|Intimidate|boost\n|-unboost|p2a: Incineroar|atk|1\n|-unboost|p2b: Slowbro|atk|1\n|move|p2b: Slowbro|Body Press|p1b: Fisteur Fou|[miss]\n|-miss|p2b: Slowbro|p1b: Fisteur Fou\n|move|p1b: Fisteur Fou|Barb Barrage|p2a: Incineroar\n|-damage|p2a: Incineroar|89/100 slp\n|\n|-heal|p1b: Fisteur Fou|66/100|[from] item: Leftovers\n|-damage|p2b: Slowbro|50/100g psn|[from] psn\n|upkeep\n|turn|12\n|\n|t:|1788278622\n|cant|p2a: Incineroar|slp\n|move|p2b: Slowbro|Body Press|p1b: Fisteur Fou|[miss]\n|-miss|p2b: Slowbro|p1b: Fisteur Fou\n|move|p1a: Meowstic|Skill Swap|p1b: Fisteur Fou\n|-activate|p1a: Meowstic|Skill Swap|||[of] p1b: Fisteur Fou\n|-hint|Skill Swap does not announce the abilities of the Pokémon when used between allies.\n|-ability|p1b: Fisteur Fou|Intimidate|boost\n|-unboost|p2a: Incineroar|atk|1\n|-unboost|p2b: Slowbro|atk|0\n|move|p1b: Fisteur Fou|Barb Barrage|p2a: Incineroar\n|-damage|p2a: Incineroar|77/100 slp\n|\n|-heal|p1b: Fisteur Fou|72/100|[from] item: Leftovers\n|-damage|p2b: Slowbro|38/100 psn|[from] psn\n|upkeep\n|turn|13\n|\n|t:|1788278653\n|move|p1a: Meowstic|Skill Swap|p1b: Fisteur Fou\n|-activate|p1a: Meowstic|Skill Swap|||[of] p1b: Fisteur Fou\n|-hint|Skill Swap does not announce the abilities of the Pokémon when used between allies.\n|-ability|p1a: Meowstic|Intimidate|boost\n|-unboost|p2a: Incineroar|atk|1\n|-unboost|p2b: Slowbro|atk|0\n|move|p2b: Slowbro|Body Press|p1a: Meowstic\n|-resisted|p1a: Meowstic|1\n|-damage|p1a: Meowstic|41/100\n|-curestatus|p2a: Incineroar|slp|[msg]\n|move|p2a: Incineroar|Flare Blitz|p1a: Meowstic\n|-damage|p1a: Meowstic|13/100\n|-damage|p2a: Incineroar|70/100|[from] Recoil\n|move|p1b: Fisteur Fou|Barb Barrage|p2b: Slowbro\n|-damage|p2b: Slowbro|34/100 psn\n|\n|-heal|p1b: Fisteur Fou|78/100|[from] item: Leftovers\n|-damage|p2b: Slowbro|22/100 psn|[from] psn\n|upkeep\n|turn|14\n|\n|t:|1788278707\n|switch|p2a: Farigiraf|Farigiraf, L50, M|70/100\n|move|p2b: Slowbro|Slack Off|p2b: Slowbro\n|-heal|p2b: Slowbro|72/100 psn\n|move|p1a: Meowstic|Skill Swap|p1b: Fisteur Fou\n|-activate|p1a: Meowstic|Skill Swap|||[of] p1b: Fisteur Fou\n|-hint|Skill Swap does not announce the abilities of the Pokémon when used between allies.\n|-ability|p1b: Fisteur Fou|Intimidate|boost\n|-unboost|p2a: Farigiraf|atk|1\n|-unboost|p2b: Slowbro|atk|0\n|move|p1b: Fisteur Fou|Barb Barrage|p2b: Slowbro\n|-damage|p2b: Slowbro|68/100 psn\n|\n|-heal|p1b: Fisteur Fou|84/100|[from] item: Leftovers\n|-damage|p2b: Slowbro|56/100 psn|[from] psn\n|-fieldend|move: Trick Room\n|upkeep\n|turn|15\n|\n|t:|1788278749\n|move|p1a: Meowstic|Skill Swap||[still]\n|cant|p2a: Farigiraf|ability: Armor Tail|Skill Swap|[of] p1a: Meowstic\n|move|p1b: Fisteur Fou|Barb Barrage|p2a: Farigiraf\n|-damage|p2a: Farigiraf|61/100\n|-status|p2a: Farigiraf|psn\n|move|p2a: Farigiraf|Twin Beam|p1a: Meowstic\n|-resisted|p1a: Meowstic|1\n|-damage|p1a: Meowstic|5/100\n|-resisted|p1a: Meowstic|1\n|-damage|p1a: Meowstic|0 fnt\n|faint|p1a: Meowstic\n|-hitcount|p1: Meowstic|2\n|move|p2b: Slowbro|Slack Off|p2b: Slowbro\n|-heal|p2b: Slowbro|100/100 psn\n|\n|-heal|p1b: Fisteur Fou|90/100|[from] item: Leftovers\n|-damage|p2a: Farigiraf|49/100 psn|[from] psn\n|-damage|p2b: Slowbro|87/100 psn|[from] psn\n|upkeep\n|-enditem|p2a: Farigiraf|Sitrus Berry|[eat]\n|-heal|p2a: Farigiraf|74/100 psn|[from] item: Sitrus Berry\n|\n|t:|1788278788\n|switch|p1a: Klefki|Klefki, L50, F, shiny|100/100\n|turn|16\n|\n|t:|1788278817\n|move|p1a: Klefki|Psych Up|p1b: Fisteur Fou\n|-copyboost|p1a: Klefki|p1b: Fisteur Fou|[from] move: Psych Up\n|move|p1b: Fisteur Fou|Barb Barrage|p2a: Farigiraf\n|-damage|p2a: Farigiraf|55/100 psn\n|move|p2b: Slowbro|Body Press|p1a: Klefki|[miss]\n|-miss|p2b: Slowbro|p1a: Klefki\n|move|p2a: Farigiraf|Trick Room|p2a: Farigiraf\n|-fieldstart|move: Trick Room|[of] p2a: Farigiraf\n|\n|-heal|p1b: Fisteur Fou|97/100|[from] item: Leftovers\n|-damage|p2b: Slowbro|75/100 psn|[from] psn\n|-damage|p2a: Farigiraf|43/100 psn|[from] psn\n|upkeep\n|turn|17\n|c|☆garvit300600|what the f are you ?\n|\n|t:|1788278880\n|switch|p2a: Grimmsnarl|Grimmsnarl, L50, M|100/100\n|move|p1a: Klefki|Substitute|p1a: Klefki\n|-start|p1a: Klefki|Substitute\n|-damage|p1a: Klefki|75/100\n|move|p2b: Slowbro|Body Press|p1a: Klefki\n|-end|p1a: Klefki|Substitute\n|move|p1b: Fisteur Fou|Barb Barrage|p2a: Grimmsnarl\n|-supereffective|p2a: Grimmsnarl|1\n|-damage|p2a: Grimmsnarl|78/100\n|\n|-heal|p1b: Fisteur Fou|100/100|[from] item: Leftovers\n|-damage|p2b: Slowbro|62/100 psn|[from] psn\n|upkeep\n|turn|18\n|\n|t:|1788278919\n|move|p1a: Klefki|Calm Mind|p1a: Klefki\n|-boost|p1a: Klefki|spa|1\n|-boost|p1a: Klefki|spd|1\n|move|p2b: Slowbro|Slack Off|p2b: Slowbro\n|-heal|p2b: Slowbro|100/100 psn\n|move|p2a: Grimmsnarl|Spirit Break|p1b: Fisteur Fou|[miss]\n|-miss|p2a: Grimmsnarl|p1b: Fisteur Fou\n|move|p1b: Fisteur Fou|Barb Barrage|p2a: Grimmsnarl\n|-supereffective|p2a: Grimmsnarl|1\n|-damage|p2a: Grimmsnarl|56/100\n|-status|p2a: Grimmsnarl|psn\n|\n|-damage|p2b: Slowbro|87/100 psn|[from] psn\n|-damage|p2a: Grimmsnarl|44/100 psn|[from] psn\n|upkeep\n|turn|19\n|\n|t:|1788278962\n|move|p1a: Klefki|Calm Mind|p1a: Klefki\n|-boost|p1a: Klefki|spa|1\n|-boost|p1a: Klefki|spd|1\n|move|p2b: Slowbro|Body Press|p1a: Klefki|[miss]\n|-miss|p2b: Slowbro|p1a: Klefki\n|move|p2a: Grimmsnarl|Spirit Break|p1a: Klefki|[miss]\n|-miss|p2a: Grimmsnarl|p1a: Klefki\n|move|p1b: Fisteur Fou|Stockpile||[still]\n|-fail|p1b: Fisteur Fou\n|\n|-damage|p2b: Slowbro|75/100 psn|[from] psn\n|-damage|p2a: Grimmsnarl|31/100 psn|[from] psn\n|upkeep\n|turn|20\n|\n|t:|1788278995\n|move|p1a: Klefki|Calm Mind|p1a: Klefki\n|-boost|p1a: Klefki|spa|1\n|-boost|p1a: Klefki|spd|1\n|move|p2b: Slowbro|Body Press|p1a: Klefki|[miss]\n|-miss|p2b: Slowbro|p1a: Klefki\n|move|p2a: Grimmsnarl|Spirit Break|p1a: Klefki\n|-resisted|p1a: Klefki|1\n|-damage|p1a: Klefki|67/100\n|-unboost|p1a: Klefki|spa|1\n|move|p1b: Fisteur Fou|Minimize|p1b: Fisteur Fou\n|-boost|p1b: Fisteur Fou|evasion|0\n|\n|-damage|p2b: Slowbro|62/100 psn|[from] psn\n|-damage|p2a: Grimmsnarl|19/100 psn|[from] psn\n|-fieldend|move: Trick Room\n|upkeep\n|turn|21\n|\n|t:|1788279019\n|move|p1a: Klefki|Calm Mind|p1a: Klefki\n|-boost|p1a: Klefki|spa|1\n|-boost|p1a: Klefki|spd|0\n|move|p1b: Fisteur Fou|Stockpile||[still]\n|-fail|p1b: Fisteur Fou\n|move|p2a: Grimmsnarl|Spirit Break|p1a: Klefki|[miss]\n|-miss|p2a: Grimmsnarl|p1a: Klefki\n|move|p2b: Slowbro|Slack Off|p2b: Slowbro\n|-heal|p2b: Slowbro|100/100 psn\n|\n|-damage|p2a: Grimmsnarl|6/100 psn|[from] psn\n|-damage|p2b: Slowbro|87/100 psn|[from] psn\n|upkeep\n|turn|22\n|c|☆garvit300600|am i going to be featured in a video ?\n|\n|t:|1788279055\n|move|p1a: Klefki|Calm Mind|p1a: Klefki\n|-boost|p1a: Klefki|spa|1\n|-boost|p1a: Klefki|spd|0\n|move|p1b: Fisteur Fou|Minimize|p1b: Fisteur Fou\n|-boost|p1b: Fisteur Fou|evasion|0\n|move|p2a: Grimmsnarl|Spirit Break|p1b: Fisteur Fou|[miss]\n|-miss|p2a: Grimmsnarl|p1b: Fisteur Fou\n|move|p2b: Slowbro|Body Press|p1b: Fisteur Fou|[miss]\n|-miss|p2b: Slowbro|p1b: Fisteur Fou\n|\n|-damage|p2a: Grimmsnarl|0 fnt|[from] psn\n|faint|p2a: Grimmsnarl\n|-damage|p2b: Slowbro|75/100 psn|[from] psn\n|upkeep\n|\n|t:|1788279075\n|switch|p2a: Farigiraf|Farigiraf, L50, M|43/100 psn\n|turn|23\n|\n|t:|1788279105\n|move|p1b: Fisteur Fou|Minimize|p1b: Fisteur Fou\n|-boost|p1b: Fisteur Fou|evasion|0\n|move|p1a: Klefki|Draining Kiss|p2b: Slowbro\n|-damage|p2b: Slowbro|39/100 psn\n|-heal|p1a: Klefki|100/100|[from] drain|[of] p2b: Slowbro\n|move|p2b: Slowbro|Amnesia|p2b: Slowbro\n|-boost|p2b: Slowbro|spd|2\n|move|p2a: Farigiraf|Trick Room|p2a: Farigiraf\n|-fieldstart|move: Trick Room|[of] p2a: Farigiraf\n|\n|-damage|p2b: Slowbro|27/100 psn|[from] psn\n|-damage|p2a: Farigiraf|30/100 psn|[from] psn\n|upkeep\n|turn|24\n|n|☆Nayumi_VT|nayumivt\n|c|☆Nayumi_VT|lol maybe\n|\n|t:|1788279184\n|move|p1a: Klefki|Calm Mind|p1a: Klefki\n|-boost|p1a: Klefki|spa|1\n|-boost|p1a: Klefki|spd|0\n|move|p2b: Slowbro|Slack Off|p2b: Slowbro\n|-heal|p2b: Slowbro|77/100 psn\n|move|p2a: Farigiraf|Twin Beam|p1a: Klefki\n|-resisted|p1a: Klefki|1\n|-damage|p1a: Klefki|97/100\n|-resisted|p1a: Klefki|1\n|-damage|p1a: Klefki|95/100\n|-hitcount|p1a: Klefki|2\n|move|p1b: Fisteur Fou|Minimize|p1b: Fisteur Fou\n|-boost|p1b: Fisteur Fou|evasion|0\n|\n|-damage|p2b: Slowbro|64/100 psn|[from] psn\n|-damage|p2a: Farigiraf|18/100 psn|[from] psn\n|upkeep\n|turn|25\n|c|☆garvit300600|everyone should witness this tourturous and lonnggg match\n|\n|t:|1788279239\n|move|p2b: Slowbro|Amnesia|p2b: Slowbro\n|-boost|p2b: Slowbro|spd|2\n|move|p2a: Farigiraf|Twin Beam|p1a: Klefki\n|-resisted|p1a: Klefki|1\n|-damage|p1a: Klefki|92/100\n|-resisted|p1a: Klefki|1\n|-damage|p1a: Klefki|90/100\n|-hitcount|p1a: Klefki|2\n|move|p1a: Klefki|Draining Kiss|p2b: Slowbro\n|-damage|p2b: Slowbro|49/100 psn\n|-heal|p1a: Klefki|100/100|[from] drain|[of] p2b: Slowbro\n|move|p1b: Fisteur Fou|Minimize|p1b: Fisteur Fou\n|-boost|p1b: Fisteur Fou|evasion|0\n|\n|-damage|p2b: Slowbro|37/100 psn|[from] psn\n|-damage|p2a: Farigiraf|6/100 psn|[from] psn\n|upkeep\n|turn|26\n|c|☆Nayumi_VT|lol\n|c|☆Nayumi_VT|probably one of the most toxic teams I've ever created\n|\n|t:|1788279307\n|switch|p2a: Incineroar|Incineroar, L50, M|70/100\n|-ability|p2a: Incineroar|Intimidate|boost\n|-unboost|p1a: Klefki|atk|1\n|-unboost|p1b: Fisteur Fou|atk|1\n|move|p1a: Klefki|Calm Mind|p1a: Klefki\n|-boost|p1a: Klefki|spa|1\n|-boost|p1a: Klefki|spd|0\n|move|p2b: Slowbro|Slack Off|p2b: Slowbro\n|-heal|p2b: Slowbro|87/100 psn\n|move|p1b: Fisteur Fou|Minimize|p1b: Fisteur Fou\n|-boost|p1b: Fisteur Fou|evasion|0\n|\n|-damage|p2b: Slowbro|74/100 psn|[from] psn\n|upkeep\n|turn|27\n|\n|t:|1788279345\n|move|p2a: Incineroar|Fake Out|p1a: Klefki\n|-resisted|p1a: Klefki|1\n|-damage|p1a: Klefki|96/100\n|move|p2b: Slowbro|Slack Off|p2b: Slowbro\n|-heal|p2b: Slowbro|100/100 psn\n|cant|p1a: Klefki|flinch\n|move|p1b: Fisteur Fou|Stockpile||[still]\n|-fail|p1b: Fisteur Fou\n|\n|-damage|p2b: Slowbro|87/100 psn|[from] psn\n|-fieldend|move: Trick Room\n|upkeep\n|turn|28\n|c|☆Nayumi_VT|even for me it's torture, helplol\n|c|☆garvit300600|its been a century\n|\n|t:|1788279398\n|move|p1b: Fisteur Fou|Minimize|p1b: Fisteur Fou\n|-boost|p1b: Fisteur Fou|evasion|0\n|move|p1a: Klefki|Draining Kiss|p2b: Slowbro\n|-damage|p2b: Slowbro|69/100 psn\n|-heal|p1a: Klefki|100/100|[from] drain|[of] p2b: Slowbro\n|move|p2a: Incineroar|Flare Blitz|p1a: Klefki\n|-supereffective|p1a: Klefki|1\n|-damage|p1a: Klefki|41/100\n|-enditem|p1a: Klefki|Sitrus Berry|[eat]\n|-heal|p1a: Klefki|66/100|[from] item: Sitrus Berry\n|-damage|p2a: Incineroar|54/100|[from] Recoil\n|move|p2b: Slowbro|Body Press|p1a: Klefki\n|-damage|p1a: Klefki|12/100\n|\n|-damage|p2b: Slowbro|57/100 psn|[from] psn\n|upkeep\n|turn|29\n|c|☆garvit300600|omg !!\n|c|☆garvit300600|double hit\n|\n|t:|1788279435\n|move|p1b: Fisteur Fou|Minimize|p1b: Fisteur Fou\n|-boost|p1b: Fisteur Fou|evasion|0\n|move|p1a: Klefki|Draining Kiss|p2b: Slowbro\n|-damage|p2b: Slowbro|40/100 psn\n|-heal|p1a: Klefki|28/100|[from] drain|[of] p2b: Slowbro\n|move|p2a: Incineroar|Flare Blitz|p1a: Klefki|[miss]\n|-miss|p2a: Incineroar|p1a: Klefki\n|move|p2b: Slowbro|Amnesia|p2b: Slowbro\n|-boost|p2b: Slowbro|spd|2\n|\n|-damage|p2b: Slowbro|28/100 psn|[from] psn\n|upkeep\n|turn|30\n|c|☆Nayumi_VT|the miracle lol\n|c|☆garvit300600|still it was useless\n|\n|t:|1788279468\n|move|p1b: Fisteur Fou|Stockpile||[still]\n|-fail|p1b: Fisteur Fou\n|move|p1a: Klefki|Draining Kiss|p2b: Slowbro\n|-damage|p2b: Slowbro|14/100 psn\n|-heal|p1a: Klefki|41/100|[from] drain|[of] p2b: Slowbro\n|move|p2a: Incineroar|Flare Blitz|p1a: Klefki|[miss]\n|-miss|p2a: Incineroar|p1a: Klefki\n|move|p2b: Slowbro|Body Press|p1b: Fisteur Fou|[miss]\n|-miss|p2b: Slowbro|p1b: Fisteur Fou\n|\n|-damage|p2b: Slowbro|1/100 psn|[from] psn\n|upkeep\n|turn|31\n|\n|t:|1788279491\n|move|p1b: Fisteur Fou|Minimize|p1b: Fisteur Fou\n|-boost|p1b: Fisteur Fou|evasion|0\n|move|p1a: Klefki|Draining Kiss|p2b: Slowbro\n|-damage|p2b: Slowbro|0 fnt\n|-heal|p1a: Klefki|43/100|[from] drain|[of] p2b: Slowbro\n|faint|p2b: Slowbro\n|move|p2a: Incineroar|Flare Blitz|p1a: Klefki|[miss]\n|-miss|p2a: Incineroar|p1a: Klefki\n|\n|upkeep\n|\n|t:|1788279500\n|switch|p2b: Farigiraf|Farigiraf, L50, M|6/100 psn\n|turn|32\n|c|☆Nayumi_VT|bye slowbro you were a brave warrior\n|\n|t:|1788279522\n|move|p1b: Fisteur Fou|Stockpile||[still]\n|-fail|p1b: Fisteur Fou\n|move|p1a: Klefki|Draining Kiss|p2b: Farigiraf\n|-damage|p2b: Farigiraf|0 fnt\n|-heal|p1a: Klefki|50/100y|[from] drain|[of] p2b: Farigiraf\n|faint|p2b: Farigiraf\n|move|p2a: Incineroar|Flare Blitz|p1a: Klefki|[miss]\n|-miss|p2a: Incineroar|p1a: Klefki\n|\n|upkeep\n|turn|33\n|c|☆Nayumi_VT|IT'S FINALLY OVER\n|c|☆garvit300600|i just want 1 KO, maybe ?\n|\n|t:|1788279562\n|move|p1b: Fisteur Fou|Stockpile||[still]\n|-fail|p1b: Fisteur Fou\n|move|p1a: Klefki|Draining Kiss|p2a: Incineroar\n|-damage|p2a: Incineroar|0 fnt\n|-heal|p1a: Klefki|100/100|[from] drain|[of] p2a: Incineroar\n|faint|p2a: Incineroar\n|\n|win|Nayumi_VT\n|raw|Nayumi_VT's rating: 1150 &rarr; <strong>1169</strong><br />(+19 for winning)\n|raw|garvit300600's rating: 1067 &rarr; <strong>1052</strong><br />(-15 for losing)\n|c|☆Nayumi_VT|gg bro\n|c|☆garvit300600|ggwp\n|c|☆Nayumi_VT|sorry\n|c|☆garvit300600|its too toxic\n|c|☆Nayumi_VT|I know TvT\n|c|☆garvit300600|are you a creator ?\n|c|☆Nayumi_VT|Good luck for what's next and sorry again lol\n","uploadtime":1788279651,"views":"8","formatid":"gen9championsvgc2026regmb","rating":1052,"private":0,"password":null}