{"id":"gen9championsvgc2026regmb-2674398850","format":"[Gen 9 Champions] VGC 2026 Reg M-B","players":["alex(bluesid)","rushinhoward"],"log":"|j|☆alex(bluesid)\n|j|☆rushinhoward\n|t:|1788354845\n|gametype|doubles\n|player|p1|alex(bluesid)|hilbert-wonderlauncher|1498\n|player|p2|rushinhoward|1|1505\n|gen|9\n|tier|[Gen 9 Champions] VGC 2026 Reg M-B\n|rated|\n|rule|Species Clause: Limit one of each Pokémon\n|rule|Item Clause: Limit 1 of each item\n|clearpoke\n|poke|p1|Meganium, L50, M|\n|poke|p1|Talonflame, L50, F|\n|poke|p1|Tyranitar, L50, F|\n|poke|p1|Farigiraf, L50, M|\n|poke|p1|Kingambit, L50, F|\n|poke|p1|Garchomp, L50, M|\n|poke|p2|Raichu, L50, F|\n|poke|p2|Sylveon, L50, M|\n|poke|p2|Arcanine-Hisui, L50, F|\n|poke|p2|Kingambit, L50, F|\n|poke|p2|Farigiraf, L50, M|\n|poke|p2|Staraptor, L50, F|\n|teampreview|4\n|inactive|Battle timer is ON: inactive players will automatically lose when time's up. (requested by rushinhoward)\n|inactive|rushinhoward has 60 seconds left.\n|\n|t:|1788354897\n|teamsize|p1|4\n|teamsize|p2|4\n|start\n|switch|p1a: Meganium|Meganium, L50, M|100/100\n|switch|p1b: Talonflame|Talonflame, L50, F|100/100\n|switch|p2a: Raichu|Raichu, L50, F|100/100\n|switch|p2b: Staraptor|Staraptor, L50, F|100/100\n|-ability|p2b: Staraptor|Intimidate|boost\n|-unboost|p1a: Meganium|atk|1\n|-unboost|p1b: Talonflame|atk|1\n|turn|1\n|\n|t:|1788354914\n|detailschange|p2a: Raichu|Raichu-Mega-Y, L50, F\n|-mega|p2a: Raichu|Raichu|Raichunite Y\n|detailschange|p1a: Meganium|Meganium-Mega, L50, M\n|-mega|p1a: Meganium|Meganium|Meganiumite\n|move|p2a: Raichu|Fake Out|p1b: Talonflame\n|-damage|p1b: Talonflame|87/100\n|cant|p1b: Talonflame|flinch\n|move|p2b: Staraptor|Tailwind|p2b: Staraptor\n|-sidestart|p2: rushinhoward|move: Tailwind\n|move|p1a: Meganium|Dazzling Gleam|p2a: Raichu|[spread] p2a,p2b\n|-damage|p2a: Raichu|54/100\n|-damage|p2b: Staraptor|42/100\n|\n|upkeep\n|turn|2\n|\n|t:|1788354932\n|move|p1b: Talonflame|Protect|p1b: Talonflame\n|-singleturn|p1b: Talonflame|Protect\n|move|p2a: Raichu|Zap Cannon|p1b: Talonflame\n|-activate|p1b: Talonflame|move: Protect\n|move|p2b: Staraptor|Dual Wingbeat|p1a: Meganium|[miss]\n|-miss|p2b: Staraptor|p1a: Meganium\n|move|p1a: Meganium|Solar Beam||[still]\n|-prepare|p1a: Meganium|Solar Beam\n|-activate|p1a: Meganium|ability: Mega Sol\n|-anim|p1a: Meganium|Solar Beam|p2a: Raichu\n|-damage|p2a: Raichu|0 fnt\n|faint|p2a: Raichu\n|\n|upkeep\n|\n|t:|1788354947\n|switch|p2a: Sylveon|Sylveon, L50, M|100/100\n|turn|3\n|\n|t:|1788354956\n|move|p1a: Meganium|Protect|p1a: Meganium\n|-singleturn|p1a: Meganium|Protect\n|move|p2b: Staraptor|Dual Wingbeat|p1b: Talonflame\n|-damage|p1b: Talonflame|60/100\n|-damage|p1b: Talonflame|29/100\n|-hitcount|p1b: Talonflame|2\n|move|p2a: Sylveon|Hyper Voice|p1a: Meganium|[spread] p1b\n|-activate|p1a: Meganium|move: Protect\n|-resisted|p1b: Talonflame|1\n|-crit|p1b: Talonflame\n|-damage|p1b: Talonflame|0 fnt\n|faint|p1b: Talonflame\n|\n|upkeep\n|\n|t:|1788354969\n|switch|p1b: Farigiraf|Farigiraf, L50, M|100/100\n|turn|4\n|inactive|alex(bluesid) has 30 seconds left.\n|\n|t:|1788354998\n|move|p2b: Staraptor|Dual Wingbeat|p1a: Meganium\n|-supereffective|p1a: Meganium|1\n|-damage|p1a: Meganium|68/100\n|-supereffective|p1a: Meganium|1\n|-damage|p1a: Meganium|38/100\n|-hitcount|p1a: Meganium|2\n|move|p2a: Sylveon|Hyper Beam|p1a: Meganium\n|-damage|p1a: Meganium|0 fnt\n|-mustrecharge|p2a: Sylveon\n|faint|p1a: Meganium\n|move|p1b: Farigiraf|Twin Beam|p2b: Staraptor\n|-crit|p2b: Staraptor\n|-damage|p2b: Staraptor|0 fnt\n|faint|p2b: Staraptor\n|-hitcount|p2: Staraptor|1\n|\n|-sideend|p2: rushinhoward|move: Tailwind\n|upkeep\n|\n|t:|1788355013\n|switch|p2b: Kingambit|Kingambit, L50, F|100/100\n|switch|p1a: Garchomp|Garchomp, L50, M|100/100\n|turn|5\n|inactive|alex(bluesid) has 30 seconds left.\n|inactive|alex(bluesid) has 20 seconds left.\n|\n|t:|1788355051\n|move|p1a: Garchomp|Stomping Tantrum|p2b: Kingambit\n|-supereffective|p2b: Kingambit|1\n|-damage|p2b: Kingambit|30/100\n|-damage|p1a: Garchomp|90/100|[from] item: Life Orb\n|move|p1b: Farigiraf|Thunderbolt|p2a: Sylveon\n|-damage|p2a: Sylveon|77/100\n|cant|p2a: Sylveon|recharge\n|move|p2b: Kingambit|Kowtow Cleave|p1b: Farigiraf\n|-supereffective|p1b: Farigiraf|1\n|-enditem|p1b: Farigiraf|Colbur Berry|[eat]\n|-enditem|p1b: Farigiraf|Colbur Berry|[weaken]\n|-damage|p1b: Farigiraf|30/100\n|-damage|p2b: Kingambit|21/100|[from] item: Life Orb\n|\n|upkeep\n|turn|6\n|inactive|alex(bluesid) has 30 seconds left.\n|inactive|rushinhoward has 30 seconds left.\n|\n|t:|1788355080\n|move|p2b: Kingambit|Protect|p2b: Kingambit\n|-singleturn|p2b: Kingambit|Protect\n|move|p1a: Garchomp|Stomping Tantrum|p2a: Sylveon\n|-damage|p2a: Sylveon|15/100\n|-damage|p1a: Garchomp|80/100|[from] item: Life Orb\n|move|p1b: Farigiraf|Thunderbolt|p2b: Kingambit\n|-activate|p2b: Kingambit|move: Protect\n|move|p2a: Sylveon|Hyper Beam|p1a: Garchomp\n|-supereffective|p1a: Garchomp|1\n|-damage|p1a: Garchomp|0 fnt\n|-mustrecharge|p2a: Sylveon\n|faint|p1a: Garchomp\n|\n|upkeep\n|turn|7\n|\n|t:|1788355097\n|move|p1b: Farigiraf|Thunderbolt|p2b: Kingambit\n|-damage|p2b: Kingambit|0 fnt\n|faint|p2b: Kingambit\n|cant|p2a: Sylveon|recharge\n|\n|upkeep\n|turn|8\n|\n|t:|1788355114\n|move|p1b: Farigiraf|Twin Beam|p2a: Sylveon\n|-damage|p2a: Sylveon|0 fnt\n|faint|p2a: Sylveon\n|-hitcount|p2: Sylveon|1\n|\n|win|alex(bluesid)\n|raw|alex(bluesid)'s rating: 1498 &rarr; <strong>1518</strong><br />(+20 for winning)\n|raw|rushinhoward's rating: 1505 &rarr; <strong>1485</strong><br />(-20 for losing)\n","uploadtime":1788355127,"views":"0","formatid":"gen9championsvgc2026regmb","rating":1485,"private":0,"password":null}