{"id":"gen9championsvgc2026regmb-2674067269","format":"[Gen 9 Champions] VGC 2026 Reg M-B","players":["mysticpt","conngfan"],"log":"|j|☆mysticpt\n|j|☆conngfan\n|t:|1788294718\n|gametype|doubles\n|player|p1|mysticpt|1|1428\n|player|p2|conngfan|arven-s|1526\n|gen|9\n|tier|[Gen 9 Champions] VGC 2026 Reg M-B\n|rated|\n|rule|Species Clause: Limit one of each Pokémon\n|rule|Item Clause: Limit 1 of each item\n|clearpoke\n|poke|p1|Mawile, L50, M, shiny|\n|poke|p1|Farigiraf, L50, M, shiny|\n|poke|p1|Torkoal, L50, M, shiny|\n|poke|p1|Vivillon-Monsoon, L50, M, shiny|\n|poke|p1|Incineroar, L50, M, shiny|\n|poke|p1|Gallade, L50, M, shiny|\n|poke|p2|Aerodactyl, L50, M|\n|poke|p2|Raichu, L50, F|\n|poke|p2|Sneasler, L50, M|\n|poke|p2|Sylveon, L50, M|\n|poke|p2|Kingambit, L50, M|\n|poke|p2|Tsareena, L50, F|\n|teampreview|4\n|inactive|Battle timer is ON: inactive players will automatically lose when time's up. (requested by conngfan)\n|inactive|mysticpt has 60 seconds left.\n|inactive|conngfan has 60 seconds left.\n|\n|t:|1788294764\n|teamsize|p1|4\n|teamsize|p2|4\n|start\n|switch|p1a: Farigiraf|Farigiraf, L50, M, shiny|100/100\n|switch|p1b: Gallade|Gallade, L50, M, shiny|100/100\n|switch|p2a: Kingambit|Kingambit, L50, M|100/100\n|switch|p2b: Aerodactyl|Aerodactyl, L50, M|100/100\n|-ability|p2b: Aerodactyl|Unnerve\n|turn|1\n|inactive|mysticpt has 30 seconds left.\n|inactive|mysticpt has 20 seconds left.\n|inactive|mysticpt has 15 seconds left.\n|inactive|mysticpt has 10 seconds left.\n|\n|t:|1788294809\n|detailschange|p2b: Aerodactyl|Aerodactyl-Mega, L50, M\n|-mega|p2b: Aerodactyl|Aerodactyl|Aerodactylite\n|move|p2b: Aerodactyl|Dual Wingbeat|p1b: Gallade\n|-supereffective|p1b: Gallade|1\n|-damage|p1b: Gallade|26/100\n|-supereffective|p1b: Gallade|1\n|-damage|p1b: Gallade|0 fnt\n|faint|p1b: Gallade\n|-hitcount|p1: Gallade|2\n|move|p2a: Kingambit|Swords Dance|p2a: Kingambit\n|-boost|p2a: Kingambit|atk|2\n|move|p1a: Farigiraf|Trick Room|p1a: Farigiraf\n|-fieldstart|move: Trick Room|[of] p1a: Farigiraf\n|\n|upkeep\n|\n|t:|1788294820\n|switch|p1b: Incineroar|Incineroar, L50, M, shiny|100/100\n|-ability|p1b: Incineroar|Intimidate|boost\n|-unboost|p2a: Kingambit|atk|1\n|-ability|p2a: Kingambit|Defiant|boost\n|-boost|p2a: Kingambit|atk|2\n|-unboost|p2b: Aerodactyl|atk|1\n|turn|2\n|\n|t:|1788294836\n|move|p2a: Kingambit|Protect|p2a: Kingambit\n|-singleturn|p2a: Kingambit|Protect\n|move|p1a: Farigiraf|Thunderbolt|p2b: Aerodactyl\n|-supereffective|p2b: Aerodactyl|1\n|-damage|p2b: Aerodactyl|42/100\n|move|p1b: Incineroar|Close Combat|p2a: Kingambit\n|-activate|p2a: Kingambit|move: Protect\n|move|p2b: Aerodactyl|Rock Slide|p1a: Farigiraf|[spread] p1a,p1b\n|-supereffective|p1b: Incineroar|1\n|-damage|p1a: Farigiraf|84/100\n|-damage|p1b: Incineroar|61/100\n|\n|upkeep\n|turn|3\n|\n|t:|1788294852\n|switch|p1a: Mawile|Mawile, L50, M, shiny|100/100\n|switch|p2b: Sylveon|Sylveon, L50, M|100/100\n|move|p2a: Kingambit|Kowtow Cleave|p1b: Incineroar\n|-resisted|p1b: Incineroar|1\n|-damage|p1b: Incineroar|0 fnt\n|faint|p1b: Incineroar\n|-damage|p2a: Kingambit|90/100|[from] item: Life Orb\n|\n|upkeep\n|\n|t:|1788294867\n|switch|p1b: Farigiraf|Farigiraf, L50, M, shiny|84/100\n|turn|4\n|\n|t:|1788294874\n|detailschange|p1a: Mawile|Mawile-Mega, L50, M, shiny\n|-mega|p1a: Mawile|Mawile|Mawilite\n|move|p1a: Mawile|Play Rough|p2a: Kingambit\n|-damage|p2a: Kingambit|25/100\n|move|p2a: Kingambit|Kowtow Cleave|p1a: Mawile\n|-resisted|p1a: Mawile|1\n|-damage|p1a: Mawile|27/100\n|-damage|p2a: Kingambit|15/100|[from] item: Life Orb\n|move|p1b: Farigiraf|Thunderbolt|p2a: Kingambit\n|-damage|p2a: Kingambit|0 fnt\n|faint|p2a: Kingambit\n|move|p2b: Sylveon|Yawn|p1a: Mawile\n|-start|p1a: Mawile|move: Yawn|[of] p2b: Sylveon\n|\n|upkeep\n|\n|t:|1788294883\n|switch|p2a: Aerodactyl|Aerodactyl-Mega, L50, M|42/100\n|turn|5\n|\n|t:|1788294894\n|move|p2b: Sylveon|Protect|p2b: Sylveon\n|-singleturn|p2b: Sylveon|Protect\n|move|p2a: Aerodactyl|Protect|p2a: Aerodactyl\n|-singleturn|p2a: Aerodactyl|Protect\n|move|p1a: Mawile|Play Rough|p2b: Sylveon\n|-activate|p2b: Sylveon|move: Protect\n|move|p1b: Farigiraf|Thunderbolt|p2a: Aerodactyl\n|-activate|p2a: Aerodactyl|move: Protect\n|\n|-end|p1a: Mawile|move: Yawn|[silent]\n|-status|p1a: Mawile|slp\n|-fieldend|move: Trick Room\n|upkeep\n|turn|6\n|\n|t:|1788294897\n|cant|p1a: Mawile|slp\n|move|p2a: Aerodactyl|Rock Slide|p1b: Farigiraf|[spread] p1a,p1b\n|-resisted|p1a: Mawile|1\n|-damage|p1a: Mawile|14/100 slp\n|-damage|p1b: Farigiraf|58/100\n|move|p2b: Sylveon|Hyper Voice|p1a: Mawile|[spread] p1a,p1b\n|-resisted|p1a: Mawile|1\n|-damage|p1a: Mawile|0 fnt\n|-damage|p1b: Farigiraf|17/100\n|-enditem|p1b: Farigiraf|Sitrus Berry|[eat]\n|-heal|p1b: Farigiraf|42/100|[from] item: Sitrus Berry\n|faint|p1a: Mawile\n|move|p1b: Farigiraf|Trick Room|p1b: Farigiraf\n|-fieldstart|move: Trick Room|[of] p1b: Farigiraf\n|\n|upkeep\n|turn|7\n|-message|mysticpt forfeited.\n|\n|win|conngfan\n|raw|mysticpt's rating: 1428 &rarr; <strong>1413</strong><br />(-15 for losing)\n|raw|conngfan's rating: 1526 &rarr; <strong>1541</strong><br />(+15 for winning)\n","uploadtime":1788294900,"views":"3","formatid":"gen9championsvgc2026regmb","rating":1413,"private":0,"password":null}