{"id":"gen9championsvgc2026regmbbo3-2674275007","format":"[Gen 9 Champions] VGC 2026 Reg M-B (Bo3)","players":["toxiccroc12","mdrtcliff"],"log":"|j|☆toxiccroc12\n|j|☆mdrtcliff\n|html|<table width=\"100%\"><tr><td align=\"left\">toxiccroc12</td><td align=\"right\">mdrtcliff</tr><tr><td align=\"left\"><i class=\"fa fa-circle-o\"></i> <i class=\"fa fa-circle-o\"></i> </td><td align=\"right\"><i class=\"fa fa-circle-o\"></i> <i class=\"fa fa-circle-o\"></i> </tr></table>\n|uhtml|bestof|<h2><strong>Game 1</strong> of <a href=\"/game-bestof3-gen9championsvgc2026regmbbo3-2674275006\">a best-of-3</a></h2>\n|t:|1788329129\n|gametype|doubles\n|player|p1|toxiccroc12|169|1180\n|player|p2|mdrtcliff|266|1274\n|gen|9\n|tier|[Gen 9 Champions] VGC 2026 Reg M-B (Bo3)\n|rated|\n|rule|Species Clause: Limit one of each Pokémon\n|rule|Item Clause: Limit 1 of each item\n|clearpoke\n|poke|p1|Froslass, L50, F|\n|poke|p1|Sneasler, L50, F|\n|poke|p1|Lycanroc-Dusk, L50, M|\n|poke|p1|Scovillain, L50, F|\n|poke|p1|Kingambit, L50, F|\n|poke|p1|Basculegion, L50, M|\n|poke|p2|Blastoise, L50, F|\n|poke|p2|Sableye, L50, F|\n|poke|p2|Sneasler, L50, F|\n|poke|p2|Garchomp, L50, F|\n|poke|p2|Froslass, L50, F|\n|poke|p2|Arcanine-Hisui, L50, M|\n|teampreview|4\n|showteam|p1|Froslass||Froslassite|CursedBody|Blizzard,ShadowBall,AuroraVeil,Protect|Modest||F|||50|]Sneasler||WhiteHerb|Unburden|DireClaw,CloseCombat,FakeOut,Protect|Jolly||F|||50|]Lycanroc-Dusk||FocusSash|ToughClaws|RockSlide,Accelerock,CloseCombat,Protect|Adamant||M|||50|]Scovillain||Scovillainite|Moody|Overheat,GigaDrain,RagePowder,Protect|Bold||F|||50|]Kingambit||BlackGlasses|Defiant|KowtowCleave,SuckerPunch,SwordsDance,Protect|Adamant||F|||50|]Basculegion||SitrusBerry|Adaptability|LastRespects,WaveCrash,AquaJet,Protect|Adamant||M|||50|\n|showteam|p2|Blastoise||Blastoisinite|RainDish|AuraSphere,ShellSmash,Protect,WaterSpout|Modest||F|||50|]Sableye||FocusSash|Prankster|RainDance,FoulPlay,FakeOut,Encore|Impish||F|||50|]Sneasler||WhiteHerb|PoisonTouch|FakeOut,CloseCombat,GunkShot,Protect|Jolly||F|||50|]Garchomp||RoseliBerry|RoughSkin|DragonClaw,Earthquake,Protect,PoisonJab|Jolly||F|||50|]Froslass||Froslassite|SnowCloak|Protect,NastyPlot,Blizzard,ShadowBall|Timid||F|||50|]Arcanine-Hisui||LifeOrb|RockHead|CloseCombat,FlareBlitz,HeadSmash,Protect|Jolly||M|||50|\n|inactive|Battle timer is ON: inactive players will automatically lose when time's up. (requested by mdrtcliff)\n|\n|t:|1788329195\n|teamsize|p1|4\n|teamsize|p2|4\n|start\n|switch|p1a: Froslass|Froslass, L50, F|100/100\n|switch|p1b: Basculegion|Basculegion, L50, M|100/100\n|switch|p2a: Blastoise|Blastoise, L50, F|100/100\n|switch|p2b: Sableye|Sableye, L50, F|100/100\n|turn|1\n|inactive|toxiccroc12 has 30 seconds left.\n|inactive|toxiccroc12 has 20 seconds left.\n|inactive|toxiccroc12 has 15 seconds left.\n|\n|t:|1788329240\n|switch|p1b: Sneasler|Sneasler, L50, F|100/100\n|detailschange|p1a: Froslass|Froslass-Mega, L50, F\n|-mega|p1a: Froslass|Froslass|Froslassite\n|-weather|Snowscape|[from] ability: Snow Warning|[of] p1a: Froslass\n|move|p2a: Blastoise|Protect|p2a: Blastoise\n|-singleturn|p2a: Blastoise|Protect\n|move|p1a: Froslass|Shadow Ball|p2a: Blastoise\n|-activate|p2a: Blastoise|move: Protect\n|move|p2b: Sableye|Foul Play|p1b: Sneasler\n|-resisted|p1b: Sneasler|1\n|-damage|p1b: Sneasler|64/100\n|\n|-weather|Snowscape|[upkeep]\n|upkeep\n|turn|2\n|inactive|toxiccroc12 has 30 seconds left.\n|inactive|mdrtcliff has 30 seconds left.\n|inactive|toxiccroc12 has 20 seconds left.\n|inactive|mdrtcliff has 20 seconds left.\n|inactive|toxiccroc12 has 15 seconds left.\n|inactive|mdrtcliff has 15 seconds left.\n|\n|t:|1788329282\n|switch|p2a: Sneasler|Sneasler, L50, F|100/100\n|move|p1b: Sneasler|Close Combat|p2a: Sneasler\n|-resisted|p2a: Sneasler|1\n|-damage|p2a: Sneasler|52/100\n|-unboost|p1b: Sneasler|def|1\n|-unboost|p1b: Sneasler|spd|1\n|-enditem|p1b: Sneasler|White Herb\n|-clearnegativeboost|p1b: Sneasler|[silent]\n|move|p1a: Froslass|Shadow Ball|p2b: Sableye\n|-damage|p2b: Sableye|27/100\n|-unboost|p2b: Sableye|spd|1\n|move|p2b: Sableye|Foul Play|p1a: Froslass\n|-supereffective|p1a: Froslass|1\n|-damage|p1a: Froslass|54/100\n|\n|-weather|Snowscape|[upkeep]\n|upkeep\n|turn|3\n|inactive|toxiccroc12 has 30 seconds left.\n|inactive|mdrtcliff has 30 seconds left.\n|inactive|toxiccroc12 has 20 seconds left.\n|inactive|mdrtcliff has 20 seconds left.\n|inactive|toxiccroc12 has 15 seconds left.\n|inactive|toxiccroc12 has 10 seconds left.\n|\n|t:|1788329328\n|switch|p1b: Basculegion|Basculegion, L50, M|100/100\n|move|p2a: Sneasler|Fake Out|p1b: Basculegion\n|-immune|p1b: Basculegion\n|move|p2b: Sableye|Rain Dance|p2b: Sableye\n|-weather|RainDance\n|move|p1a: Froslass|Aurora Veil||[still]\n|-fail|p1a: Froslass\n|\n|-weather|RainDance|[upkeep]\n|upkeep\n|turn|4\n|inactive|toxiccroc12 has 30 seconds left.\n|inactive|mdrtcliff has 30 seconds left.\n|inactive|mdrtcliff has 20 seconds left.\n|\n|t:|1788329363\n|switch|p2a: Blastoise|Blastoise, L50, F|100/100\n|switch|p1a: Sneasler|Sneasler, L50, F|64/100\n|move|p1b: Basculegion|Aqua Jet|p2a: Blastoise\n|-resisted|p2a: Blastoise|1\n|-damage|p2a: Blastoise|78/100\n|move|p2b: Sableye|Foul Play|p1b: Basculegion\n|-supereffective|p1b: Basculegion|1\n|-damage|p1b: Basculegion|23/100\n|-enditem|p1b: Basculegion|Sitrus Berry|[eat]\n|-heal|p1b: Basculegion|48/100|[from] item: Sitrus Berry\n|\n|-weather|RainDance|[upkeep]\n|-heal|p2a: Blastoise|83/100|[from] ability: Rain Dish\n|upkeep\n|turn|5\n|inactive|toxiccroc12 has 30 seconds left.\n|inactive|mdrtcliff has 30 seconds left.\n|\n|t:|1788329397\n|switch|p2b: Sneasler|Sneasler, L50, F|52/100\n|move|p2a: Blastoise|Protect|p2a: Blastoise\n|-singleturn|p2a: Blastoise|Protect\n|move|p1b: Basculegion|Protect|p1b: Basculegion\n|-singleturn|p1b: Basculegion|Protect\n|move|p1a: Sneasler|Dire Claw|p2b: Sneasler\n|-resisted|p2b: Sneasler|1\n|-damage|p2b: Sneasler|18/100\n|\n|-weather|RainDance|[upkeep]\n|-heal|p2a: Blastoise|89/100|[from] ability: Rain Dish\n|upkeep\n|turn|6\n|inactive|toxiccroc12 has 30 seconds left.\n|inactive|toxiccroc12 has 20 seconds left.\n|inactive|mdrtcliff has 30 seconds left.\n|inactive|toxiccroc12 has 15 seconds left.\n|inactive|toxiccroc12 has 10 seconds left.\n|inactive|mdrtcliff has 20 seconds left.\n|\n|t:|1788329444\n|switch|p1a: Froslass|Froslass-Mega, L50, F|54/100\n|-weather|Snowscape|[from] ability: Snow Warning|[of] p1a: Froslass\n|detailschange|p2a: Blastoise|Blastoise-Mega, L50, F\n|-mega|p2a: Blastoise|Blastoise|Blastoisinite\n|move|p2b: Sneasler|Fake Out|p1a: Froslass\n|-immune|p1a: Froslass\n|move|p1b: Basculegion|Aqua Jet|p2a: Blastoise\n|-resisted|p2a: Blastoise|1\n|-damage|p2a: Blastoise|76/100\n|move|p2a: Blastoise|Shell Smash|p2a: Blastoise\n|-unboost|p2a: Blastoise|def|1\n|-unboost|p2a: Blastoise|spd|1\n|-boost|p2a: Blastoise|atk|2\n|-boost|p2a: Blastoise|spa|2\n|-boost|p2a: Blastoise|spe|2\n|\n|-weather|Snowscape|[upkeep]\n|upkeep\n|turn|7\n|inactive|toxiccroc12 has 30 seconds left.\n|inactive|mdrtcliff has 30 seconds left.\n|inactive|toxiccroc12 has 20 seconds left.\n|inactive|mdrtcliff has 20 seconds left.\n|inactive|toxiccroc12 has 15 seconds left.\n|\n|t:|1788329486\n|move|p1b: Basculegion|Protect|p1b: Basculegion\n|-singleturn|p1b: Basculegion|Protect\n|move|p2a: Blastoise|Water Spout|p1a: Froslass|[spread] p1a\n|-activate|p1b: Basculegion|move: Protect\n|-damage|p1a: Froslass|0 fnt\n|faint|p1a: Froslass\n|move|p2b: Sneasler|Gunk Shot|p1b: Basculegion\n|-activate|p1b: Basculegion|move: Protect\n|\n|-weather|Snowscape|[upkeep]\n|upkeep\n|\n|t:|1788329494\n|switch|p1a: Sneasler|Sneasler, L50, F|64/100\n|turn|8\n|\n|t:|1788329510\n|move|p2a: Blastoise|Protect|p2a: Blastoise\n|-singleturn|p2a: Blastoise|Protect\n|move|p1a: Sneasler|Fake Out|p2a: Blastoise\n|-activate|p2a: Blastoise|move: Protect\n|move|p2b: Sneasler|Close Combat|p1a: Sneasler\n|-resisted|p1a: Sneasler|1\n|-damage|p1a: Sneasler|20/100y\n|-unboost|p2b: Sneasler|def|1\n|-unboost|p2b: Sneasler|spd|1\n|-enditem|p2b: Sneasler|White Herb\n|-clearnegativeboost|p2b: Sneasler|[silent]\n|move|p1b: Basculegion|Last Respects|p2b: Sneasler\n|-damage|p2b: Sneasler|0 fnt\n|faint|p2b: Sneasler\n|\n|-weather|Snowscape|[upkeep]\n|upkeep\n|\n|t:|1788329526\n|switch|p2b: Sableye|Sableye, L50, F|27/100\n|turn|9\n|inactive|toxiccroc12 has 30 seconds left.\n|inactive|toxiccroc12 has 20 seconds left.\n|inactive|toxiccroc12 has 15 seconds left.\n|inactive|toxiccroc12 has 10 seconds left.\n|\n|t:|1788329574\n|switch|p1a: Kingambit|Kingambit, L50, F|100/100\n|move|p1b: Basculegion|Aqua Jet|p2a: Blastoise\n|-resisted|p2a: Blastoise|1\n|-damage|p2a: Blastoise|58/100\n|move|p2b: Sableye|Rain Dance|p2b: Sableye\n|-weather|RainDance\n|move|p2a: Blastoise|Water Spout|p1a: Kingambit|[spread] p1a,p1b\n|-resisted|p1b: Basculegion|1\n|-damage|p1a: Kingambit|0 fnt\n|-damage|p1b: Basculegion|0 fnt\n|faint|p1a: Kingambit\n|faint|p1b: Basculegion\n|\n|-weather|RainDance|[upkeep]\n|upkeep\n|\n|t:|1788329582\n|switch|p1b: Sneasler|Sneasler, L50, F|20/100y\n|turn|10\n|\n|t:|1788329590\n|move|p2a: Blastoise|Protect|p2a: Blastoise\n|-singleturn|p2a: Blastoise|Protect\n|move|p1b: Sneasler|Dire Claw|p2a: Blastoise\n|-activate|p2a: Blastoise|move: Protect\n|move|p2b: Sableye|Foul Play|p1b: Sneasler\n|-resisted|p1b: Sneasler|1\n|-damage|p1b: Sneasler|0 fnt\n|faint|p1b: Sneasler\n|\n|win|mdrtcliff\n|c|☆toxiccroc12|wp\n","uploadtime":1788329595,"views":"1","formatid":"gen9championsvgc2026regmbbo3","rating":null,"private":0,"password":null}