{"id":"gen9championsvgc2026regmbbo3-2673367997","format":"[Gen 9 Champions] VGC 2026 Reg M-B (Bo3)","players":["humania1","Joker crist"],"log":"|j|☆humania1\n|j|☆Joker crist\n|html|<table width=\"100%\"><tr><td align=\"left\">humania1</td><td align=\"right\">Joker crist</tr><tr><td align=\"left\"><i class=\"fa fa-circle-o\"></i> <i class=\"fa fa-circle-o\"></i> </td><td align=\"right\"><i class=\"fa fa-circle-o\"></i> <i class=\"fa fa-circle-o\"></i> </tr></table>\n|uhtml|bestof|<h2><strong>Game 1</strong> of <a href=\"/game-bestof3-gen9championsvgc2026regmbbo3-2673367996\">a best-of-3</a></h2>\n|t:|1788189179\n|gametype|doubles\n|player|p1|humania1|170|1013\n|player|p2|Joker crist|265|1000\n|gen|9\n|tier|[Gen 9 Champions] VGC 2026 Reg M-B (Bo3)\n|rated|\n|rule|Species Clause: Limit one of each Pokémon\n|rule|Item Clause: Limit 1 of each item\n|clearpoke\n|poke|p1|Blastoise, L50, M|\n|poke|p1|Delphox, L50, F, shiny|\n|poke|p1|Incineroar, L50, M|\n|poke|p1|Sinistcha, L50|\n|poke|p1|Sneasler, L50, M|\n|poke|p1|Vivillon, L50, F|\n|poke|p2|Lucario, L50, M|\n|poke|p2|Politoed, L50, F|\n|poke|p2|Dragonite, L50, F|\n|poke|p2|Scovillain, L50, M|\n|poke|p2|Whimsicott, L50, F|\n|poke|p2|Kangaskhan, L50, F|\n|teampreview|4\n|showteam|p1|Blastoise||Blastoisinite|Torrent|Protect,ShellSmash,WaterSpout,DarkPulse|Modest||M|||50|]Delphox||Delphoxite|Blaze|Protect,HeatWave,Psyshock,NastyPlot|Timid||F|||50|]Incineroar||PasshoBerry|Intimidate|FakeOut,PartingShot,FlareBlitz,ThroatChop|Impish||M|||50|]Sinistcha||SitrusBerry|Hospitality|Protect,MatchaGotcha,TrickRoom,RagePowder|Bold|||||50|]Sneasler||FocusSash|PoisonTouch|QuickGuard,FakeOut,CloseCombat,DireClaw|Jolly||M|||50|]Vivillon||ChoiceScarf|CompoundEyes|Hurricane,SleepPowder,RagePowder,Uturn|Timid||F|||50|\n|showteam|p2|Lucario||Lucarionite|InnerFocus|Protect,AuraSphere,FlashCannon,NastyPlot|Modest||M|||50|]Politoed||WacanBerry|Drizzle|WeatherBall,Protect,IcyWind,EarthPower|Modest||F|||50|]Dragonite||YacheBerry|Multiscale|Protect,ExtremeSpeed,DragonClaw,LowKick|Adamant||F|||50|]Scovillain||FocusSash|Insomnia|RagePowder,Protect,LeechSeed,GigaDrain|Calm||M|||50|]Whimsicott||MentalHerb|Prankster|Tailwind,Taunt,Encore,Moonblast|Bold||F|||50|]Kangaskhan||SilkScarf|Scrappy|FakeOut,LastResort|Jolly||F|||50|\n|inactive|Battle timer is ON: inactive players will automatically lose when time's up. (requested by humania1)\n|inactive|Joker crist has 60 seconds left.\n|\n|t:|1788189209\n|teamsize|p1|4\n|teamsize|p2|4\n|start\n|switch|p1a: Incineroar|Incineroar, L50, M|100/100\n|switch|p1b: Sinistcha|Sinistcha, L50|100/100\n|switch|p2a: Kangaskhan|Kangaskhan, L50, F|100/100\n|switch|p2b: Lucario|Lucario, L50, M|100/100\n|-ability|p1a: Incineroar|Intimidate|boost\n|-fail|p2a: Kangaskhan|unboost|Attack|[from] ability: Scrappy|[of] p2a: Kangaskhan\n|-fail|p2b: Lucario|unboost|Attack|[from] ability: Inner Focus|[of] p2b: Lucario\n|turn|1\n|\n|t:|1788189223\n|move|p2a: Kangaskhan|Fake Out|p1a: Incineroar\n|-damage|p1a: Incineroar|82/100\n|move|p1b: Sinistcha|Rage Powder|p1b: Sinistcha\n|-singleturn|p1b: Sinistcha|move: Rage Powder\n|move|p2b: Lucario|Nasty Plot|p2b: Lucario\n|-boost|p2b: Lucario|spa|2\n|cant|p1a: Incineroar|flinch\n|\n|upkeep\n|turn|2\n|\n|t:|1788189236\n|move|p2b: Lucario|Protect|p2b: Lucario\n|-singleturn|p2b: Lucario|Protect\n|move|p2a: Kangaskhan|Last Resort|p1a: Incineroar\n|-damage|p1a: Incineroar|28/100\n|move|p1a: Incineroar|Flare Blitz|p2b: Lucario\n|-activate|p2b: Lucario|move: Protect\n|move|p1b: Sinistcha|Trick Room|p1b: Sinistcha\n|-fieldstart|move: Trick Room|[of] p1b: Sinistcha\n|\n|upkeep\n|turn|3\n|inactive|Joker crist has 30 seconds left.\n|\n|t:|1788189268\n|switch|p2a: Politoed|Politoed, L50, F|100/100\n|-weather|RainDance|[from] ability: Drizzle|[of] p2a: Politoed\n|detailschange|p2b: Lucario|Lucario-Mega, L50, M\n|-mega|p2b: Lucario|Lucario|Lucarionite\n|move|p1b: Sinistcha|Protect|p1b: Sinistcha\n|-singleturn|p1b: Sinistcha|Protect\n|move|p1a: Incineroar|Flare Blitz|p2b: Lucario\n|-supereffective|p2b: Lucario|1\n|-damage|p2b: Lucario|49/100\n|-damage|p1a: Incineroar|13/100|[from] Recoil\n|move|p2b: Lucario|Flash Cannon|p1b: Sinistcha\n|-activate|p1b: Sinistcha|move: Protect\n|\n|-weather|RainDance|[upkeep]\n|upkeep\n|turn|4\n|inactive|Joker crist has 30 seconds left.\n|inactive|Joker crist has 20 seconds left.\n|inactive|Joker crist has 15 seconds left.\n|inactive|Joker crist has 10 seconds left.\n|inactive|Joker crist has 5 seconds left.\n|\n|t:|1788189320\n|switch|p2a: Whimsicott|Whimsicott, L50, F|100/100\n|move|p2b: Lucario|Protect|p2b: Lucario\n|-singleturn|p2b: Lucario|Protect\n|move|p1b: Sinistcha|Matcha Gotcha|p2a: Whimsicott|[spread] p2a\n|-activate|p2b: Lucario|move: Protect\n|-resisted|p2a: Whimsicott|1\n|-damage|p2a: Whimsicott|83/100\n|move|p1a: Incineroar|Flare Blitz|p2b: Lucario\n|-activate|p2b: Lucario|move: Protect\n|\n|-weather|RainDance|[upkeep]\n|upkeep\n|turn|5\n|\n|t:|1788189337\n|switch|p2b: Politoed|Politoed, L50, F|100/100\n|move|p1b: Sinistcha|Matcha Gotcha|p2a: Whimsicott|[spread] p2a,p2b\n|-resisted|p2a: Whimsicott|1\n|-supereffective|p2b: Politoed|1\n|-damage|p2a: Whimsicott|67/100\n|-damage|p2b: Politoed|57/100\n|-status|p2b: Politoed|brn\n|move|p1a: Incineroar|Flare Blitz|p2b: Politoed\n|-resisted|p2b: Politoed|1\n|-damage|p2b: Politoed|45/100 brn\n|-damage|p1a: Incineroar|9/100|[from] Recoil\n|move|p2a: Whimsicott|Moonblast|p1a: Incineroar\n|-damage|p1a: Incineroar|0 fnt\n|faint|p1a: Incineroar\n|\n|-weather|RainDance|[upkeep]\n|-damage|p2b: Politoed|39/100 brn|[from] brn\n|upkeep\n|\n|t:|1788189337\n|switch|p1a: Vivillon|Vivillon, L50, F|100/100\n|turn|6\n|\n|t:|1788189345\n|switch|p2b: Lucario|Lucario-Mega, L50, M|49/100\n|move|p2a: Whimsicott|Taunt|p1a: Vivillon\n|-start|p1a: Vivillon|move: Taunt\n|move|p1b: Sinistcha|Matcha Gotcha|p2a: Whimsicott|[spread] p2a,p2b\n|-resisted|p2a: Whimsicott|1\n|-resisted|p2b: Lucario|1\n|-crit|p2b: Lucario\n|-damage|p2a: Whimsicott|50/100g\n|-damage|p2b: Lucario|26/100\n|move|p1a: Vivillon|Hurricane|p2a: Whimsicott\n|-supereffective|p2a: Whimsicott|1\n|-damage|p2a: Whimsicott|0 fnt\n|faint|p2a: Whimsicott\n|\n|-weather|RainDance|[upkeep]\n|-fieldend|move: Trick Room\n|upkeep\n|\n|t:|1788189352\n|switch|p2a: Kangaskhan|Kangaskhan, L50, F|100/100\n|turn|7\n|\n|t:|1788189361\n|move|p2a: Kangaskhan|Fake Out|p1a: Vivillon\n|-damage|p1a: Vivillon|61/100\n|move|p1b: Sinistcha|Rage Powder|p1b: Sinistcha\n|-singleturn|p1b: Sinistcha|move: Rage Powder\n|cant|p1a: Vivillon|flinch\n|move|p2b: Lucario|Flash Cannon|p1b: Sinistcha\n|-damage|p1b: Sinistcha|42/100\n|-enditem|p1b: Sinistcha|Sitrus Berry|[eat]\n|-heal|p1b: Sinistcha|67/100|[from] item: Sitrus Berry\n|\n|-weather|none\n|upkeep\n|turn|8\n|\n|t:|1788189382\n|switch|p1b: Sneasler|Sneasler, L50, M|100/100\n|move|p2b: Lucario|Protect|p2b: Lucario\n|-singleturn|p2b: Lucario|Protect\n|move|p1a: Vivillon|Hurricane|p2b: Lucario\n|-activate|p2b: Lucario|move: Protect\n|move|p2a: Kangaskhan|Last Resort|p1b: Sneasler\n|-enditem|p1b: Sneasler|Focus Sash\n|-damage|p1b: Sneasler|1/100\n|\n|-end|p1a: Vivillon|move: Taunt\n|upkeep\n|turn|9\n|\n|t:|1788189391\n|switch|p2b: Politoed|Politoed, L50, F|39/100 brn\n|-weather|RainDance|[from] ability: Drizzle|[of] p2b: Politoed\n|move|p1b: Sneasler|Fake Out|p2b: Politoed\n|-damage|p2b: Politoed|21/100 brn\n|move|p1a: Vivillon|Hurricane|p2b: Politoed\n|-damage|p2b: Politoed|0 fnt\n|faint|p2b: Politoed\n|move|p2a: Kangaskhan|Last Resort|p1a: Vivillon\n|-damage|p1a: Vivillon|0 fnt\n|faint|p1a: Vivillon\n|\n|-weather|RainDance|[upkeep]\n|upkeep\n|\n|t:|1788189395\n|switch|p1a: Sinistcha|Sinistcha, L50|67/100\n|switch|p2b: Lucario|Lucario-Mega, L50, M|26/100\n|-heal|p1b: Sneasler|25/100|[from] ability: Hospitality|[of] p1a: Sinistcha\n|turn|10\n|\n|t:|1788189405\n|move|p2b: Lucario|Protect|p2b: Lucario\n|-singleturn|p2b: Lucario|Protect\n|move|p1b: Sneasler|Close Combat|p2b: Lucario\n|-activate|p2b: Lucario|move: Protect\n|move|p2a: Kangaskhan|Last Resort|p1a: Sinistcha\n|-damage|p1a: Sinistcha|1/100\n|move|p1a: Sinistcha|Trick Room|p1a: Sinistcha\n|-fieldstart|move: Trick Room|[of] p1a: Sinistcha\n|\n|-weather|RainDance|[upkeep]\n|upkeep\n|turn|11\n|\n|t:|1788189417\n|move|p1a: Sinistcha|Protect|p1a: Sinistcha\n|-singleturn|p1a: Sinistcha|Protect\n|move|p2b: Lucario|Flash Cannon|p1a: Sinistcha\n|-activate|p1a: Sinistcha|move: Protect\n|move|p2a: Kangaskhan|Last Resort|p1b: Sneasler\n|-damage|p1b: Sneasler|0 fnt\n|faint|p1b: Sneasler\n|\n|-weather|RainDance|[upkeep]\n|upkeep\n|turn|12\n|\n|t:|1788189421\n|move|p1a: Sinistcha|Matcha Gotcha|p2a: Kangaskhan|[spread] p2a,p2b\n|-resisted|p2b: Lucario|1\n|-damage|p2a: Kangaskhan|71/100\n|-heal|p1a: Sinistcha|16/100|[from] drain|[of] p2a: Kangaskhan\n|-damage|p2b: Lucario|11/100\n|-heal|p1a: Sinistcha|24/100|[from] drain|[of] p2b: Lucario\n|-status|p2b: Lucario|brn\n|move|p2b: Lucario|Flash Cannon|p1a: Sinistcha\n|-damage|p1a: Sinistcha|0 fnt\n|faint|p1a: Sinistcha\n|\n|win|Joker crist\n","uploadtime":1788189421,"views":"0","formatid":"gen9championsvgc2026regmbbo3","rating":null,"private":0,"password":null}