{"id":"gen9championsvgc2026regmb-2674699113","format":"[Gen 9 Champions] VGC 2026 Reg M-B","players":["mythicalfire21","liquidslink"],"log":"|j|☆mythicalfire21\n|j|☆liquidslink\n|t:|1788392403\n|gametype|doubles\n|player|p1|mythicalfire21|lucas|1358\n|player|p2|liquidslink|170|1351\n|gen|9\n|tier|[Gen 9 Champions] VGC 2026 Reg M-B\n|rated|\n|rule|Species Clause: Limit one of each Pokémon\n|rule|Item Clause: Limit 1 of each item\n|clearpoke\n|poke|p1|Staraptor, L50, F|\n|poke|p1|Raichu, L50, F|\n|poke|p1|Whimsicott, L50, F|\n|poke|p1|Arcanine-Hisui, L50, M|\n|poke|p1|Sylveon, L50, F|\n|poke|p1|Kingambit, L50, F|\n|poke|p2|Pelipper, L50, M|\n|poke|p2|Archaludon, L50, F|\n|poke|p2|Sableye, L50, F|\n|poke|p2|Swampert, L50, M|\n|poke|p2|Dragonite, L50, M|\n|poke|p2|Blaziken, L50, F|\n|teampreview|4\n|inactive|Battle timer is ON: inactive players will automatically lose when time's up. (requested by liquidslink)\n|inactive|mythicalfire21 has 60 seconds left.\n|\n|t:|1788392448\n|teamsize|p1|4\n|teamsize|p2|4\n|start\n|switch|p1a: Whimsicott|Whimsicott, L50, F|100/100\n|switch|p1b: Staraptor|Staraptor, L50, F|100/100\n|switch|p2a: Ho-Lee-Fook|Pelipper, L50, M|100/100\n|switch|p2b: Dragonite|Dragonite, L50, M|100/100\n|-ability|p1b: Staraptor|Intimidate|boost\n|-unboost|p2a: Ho-Lee-Fook|atk|1\n|-fail|p2b: Dragonite|unboost|atk|[from] ability: Inner Focus|[of] p2b: Dragonite\n|-weather|RainDance|[from] ability: Drizzle|[of] p2a: Ho-Lee-Fook\n|turn|1\n|\n|t:|1788392470\n|detailschange|p1b: Staraptor|Staraptor-Mega, L50, F\n|-mega|p1b: Staraptor|Staraptor|Staraptite\n|detailschange|p2b: Dragonite|Dragonite-Mega, L50, M\n|-mega|p2b: Dragonite|Dragonite|Dragoninite\n|move|p1a: Whimsicott|Moonblast|p1b: Staraptor\n|-supereffective|p1b: Staraptor|1\n|-damage|p1b: Staraptor|44/100\n|move|p1b: Staraptor|Close Combat|p2a: Ho-Lee-Fook\n|-resisted|p2a: Ho-Lee-Fook|1\n|-damage|p2a: Ho-Lee-Fook|64/100\n|-boost|p1b: Staraptor|def|1\n|-boost|p1b: Staraptor|spd|1\n|move|p2b: Dragonite|Hurricane|p1b: Staraptor\n|-supereffective|p1b: Staraptor|1\n|-damage|p1b: Staraptor|0 fnt\n|faint|p1b: Staraptor\n|move|p2a: Ho-Lee-Fook|Tailwind|p2a: Ho-Lee-Fook\n|-sidestart|p2: liquidslink|move: Tailwind\n|\n|-weather|RainDance|[upkeep]\n|upkeep\n|c|☆mythicalfire21|OMFG\n|c|☆liquidslink|Did you mean to do that 😂\n|inactive|mythicalfire21 has 30 seconds left.\n|inactiveoff|Battle timer is now OFF.\n|c|☆mythicalfire21|NO\n|c|☆mythicalfire21|i meant to charm LMAO\n|\n|t:|1788392526\n|switch|p1b: Sylveon|Sylveon, L50, F|100/100\n|turn|2\n|\n|t:|1788392559\n|move|p1a: Whimsicott|Encore|p2a: Ho-Lee-Fook\n|-start|p2a: Ho-Lee-Fook|Encore\n|move|p2b: Dragonite|Hurricane|p1b: Sylveon\n|-damage|p1b: Sylveon|43/100\n|-start|p1b: Sylveon|confusion\n|move|p2a: Ho-Lee-Fook|Tailwind||[still]\n|-fail|p2a: Ho-Lee-Fook\n|-activate|p1b: Sylveon|confusion\n|move|p1b: Sylveon|Hyper Voice|p2a: Ho-Lee-Fook|[spread] p2a,p2b\n|-supereffective|p2b: Dragonite|1\n|-damage|p2a: Ho-Lee-Fook|0 fnt\n|-damage|p2b: Dragonite|60/100\n|faint|p2a: Ho-Lee-Fook\n|\n|-weather|RainDance|[upkeep]\n|upkeep\n|\n|t:|1788392574\n|switch|p2a: Archaludon|Archaludon, L50, F|100/100\n|turn|3\n|\n|t:|1788392585\n|switch|p1b: Raichu|Raichu, L50, F|100/100\n|move|p1a: Whimsicott|Tailwind|p1a: Whimsicott\n|-sidestart|p1: mythicalfire21|move: Tailwind\n|move|p2b: Dragonite|Hurricane|p1a: Whimsicott\n|-supereffective|p1a: Whimsicott|1\n|-damage|p1a: Whimsicott|0 fnt\n|faint|p1a: Whimsicott\n|move|p2a: Archaludon|Electro Shot||[still]\n|-prepare|p2a: Archaludon|Electro Shot\n|-boost|p2a: Archaludon|spa|1\n|-anim|p2a: Archaludon|Electro Shot|p1b: Raichu\n|-ability|p1b: Raichu|Lightning Rod|boost\n|-boost|p1b: Raichu|spa|1\n|\n|-weather|RainDance|[upkeep]\n|upkeep\n|\n|t:|1788392592\n|switch|p1a: Sylveon|Sylveon, L50, F|43/100\n|turn|4\n|\n|t:|1788392607\n|move|p1b: Raichu|Protect|p1b: Raichu\n|-singleturn|p1b: Raichu|Protect\n|move|p1a: Sylveon|Protect|p1a: Sylveon\n|-singleturn|p1a: Sylveon|Protect\n|move|p2b: Dragonite|Hurricane|p1a: Sylveon\n|-activate|p1a: Sylveon|move: Protect\n|move|p2a: Archaludon|Flash Cannon|p1a: Sylveon\n|-activate|p1a: Sylveon|move: Protect\n|\n|-weather|RainDance|[upkeep]\n|-sideend|p2: liquidslink|move: Tailwind\n|upkeep\n|turn|5\n|inactive|Battle timer is ON: inactive players will automatically lose when time's up. (requested by liquidslink)\n|\n|t:|1788392622\n|move|p2b: Dragonite|Protect|p2b: Dragonite\n|-singleturn|p2b: Dragonite|Protect\n|move|p2a: Archaludon|Protect|p2a: Archaludon\n|-singleturn|p2a: Archaludon|Protect\n|move|p1b: Raichu|Focus Blast|p2a: Archaludon\n|-activate|p2a: Archaludon|move: Protect\n|move|p1a: Sylveon|Hyper Voice|p2a: Archaludon|[spread] \n|-activate|p2a: Archaludon|move: Protect\n|-activate|p2b: Dragonite|move: Protect\n|\n|-weather|none\n|upkeep\n|turn|6\n|\n|t:|1788392644\n|move|p2b: Dragonite|Protect|p2b: Dragonite\n|-singleturn|p2b: Dragonite|Protect\n|move|p2a: Archaludon|Protect||[still]\n|-fail|p2a: Archaludon\n|move|p1b: Raichu|Focus Blast|p2a: Archaludon\n|-supereffective|p2a: Archaludon|1\n|-enditem|p2a: Archaludon|Chople Berry|[eat]\n|-enditem|p2a: Archaludon|Chople Berry|[weaken]\n|-damage|p2a: Archaludon|59/100\n|-ability|p2a: Archaludon|Stamina|boost\n|-boost|p2a: Archaludon|def|1\n|move|p1a: Sylveon|Hyper Voice|p2a: Archaludon|[spread] p2a\n|-activate|p2b: Dragonite|move: Protect\n|-damage|p2a: Archaludon|7/100\n|-ability|p2a: Archaludon|Stamina|boost\n|-boost|p2a: Archaludon|def|1\n|\n|-sideend|p1: mythicalfire21|move: Tailwind\n|upkeep\n|turn|7\n|\n|t:|1788392662\n|move|p1a: Sylveon|Protect|p1a: Sylveon\n|-singleturn|p1a: Sylveon|Protect\n|move|p1b: Raichu|Zap Cannon|p2b: Dragonite|[miss]\n|-miss|p1b: Raichu|p2b: Dragonite\n|move|p2b: Dragonite|Draco Meteor|p1b: Raichu\n|-damage|p1b: Raichu|0 fnt\n|-unboost|p2b: Dragonite|spa|2\n|faint|p1b: Raichu\n|move|p2a: Archaludon|Flash Cannon|p1a: Sylveon\n|-activate|p1a: Sylveon|move: Protect\n|\n|upkeep\n|turn|8\n|-message|mythicalfire21 forfeited.\n|\n|win|liquidslink\n|raw|mythicalfire21's rating: 1358 &rarr; <strong>1338</strong><br />(-20 for losing)\n|raw|liquidslink's rating: 1351 &rarr; <strong>1371</strong><br />(+20 for winning)\n|l|☆liquidslink\n|player|p2|\n","uploadtime":1788393242,"views":"35","formatid":"gen9championsvgc2026regmb","rating":1338,"private":0,"password":null}