{"id":"gen9championsvgc2026regmb-2674657551","format":"[Gen 9 Champions] VGC 2026 Reg M-B","players":["BtC37","rinkoy378"],"log":"|j|☆BtC37\n|j|☆rinkoy378\n|t:|1788386150\n|gametype|doubles\n|player|p1|BtC37|ghetsis|1267\n|player|p2|rinkoy378|1|1375\n|gen|9\n|tier|[Gen 9 Champions] VGC 2026 Reg M-B\n|rated|\n|rule|Species Clause: Limit one of each Pokémon\n|rule|Item Clause: Limit 1 of each item\n|clearpoke\n|poke|p1|Ninetales-Alola, L50, M|\n|poke|p1|Incineroar, L50, F|\n|poke|p1|Dragonite, L50, F|\n|poke|p1|Sneasler, L50, M|\n|poke|p1|Gengar, L50, F|\n|poke|p1|Swampert, L50, M|\n|poke|p2|Dragonite, L50, M, shiny|\n|poke|p2|Sinistcha, L50|\n|poke|p2|Incineroar, L50, M, shiny|\n|poke|p2|Kingambit, L50, F, shiny|\n|poke|p2|Toxapex, L50, F|\n|poke|p2|Dragapult, L50, M, shiny|\n|teampreview|4\n|inactive|Battle timer is ON: inactive players will automatically lose when time's up. (requested by BtC37)\n|inactive|BtC37 has 60 seconds left.\n|inactive|rinkoy378 has 60 seconds left.\n|\n|t:|1788386195\n|teamsize|p1|4\n|teamsize|p2|4\n|start\n|switch|p1a: Swampert|Swampert, L50, M|100/100\n|switch|p1b: Ninetales|Ninetales-Alola, L50, M|100/100\n|switch|p2a: Toxapex|Toxapex, L50, F|100/100\n|switch|p2b: Dragapult|Dragapult, L50, M, shiny|100/100\n|-weather|Snowscape|[from] ability: Snow Warning|[of] p1b: Ninetales\n|turn|1\n|\n|t:|1788386220\n|move|p2a: Toxapex|Baneful Bunker|p2a: Toxapex\n|-singleturn|p2a: Toxapex|move: Protect\n|move|p1b: Ninetales|Blizzard|p2a: Toxapex|[spread] p2b\n|-activate|p2a: Toxapex|move: Protect\n|-supereffective|p2b: Dragapult|1\n|-damage|p2b: Dragapult|19/100\n|move|p2b: Dragapult|Light Screen|p2b: Dragapult\n|-sidestart|p2: rinkoy378|move: Light Screen\n|move|p1a: Swampert|Yawn|p2a: Toxapex\n|-activate|p2a: Toxapex|move: Protect\n|\n|-weather|Snowscape|[upkeep]\n|upkeep\n|turn|2\n|\n|t:|1788386241\n|move|p2a: Toxapex|Wide Guard|p2a: Toxapex\n|-singleturn|p2a: Toxapex|Wide Guard\n|move|p1b: Ninetales|Blizzard|p2b: Dragapult|[spread] \n|-activate|p2a: Toxapex|move: Wide Guard\n|-activate|p2b: Dragapult|move: Wide Guard\n|move|p2b: Dragapult|Will-O-Wisp|p1a: Swampert\n|-status|p1a: Swampert|brn\n|move|p1a: Swampert|High Horsepower|p2a: Toxapex\n|-supereffective|p2a: Toxapex|1\n|-damage|p2a: Toxapex|78/100\n|\n|-weather|Snowscape|[upkeep]\n|-heal|p2a: Toxapex|84/100|[from] item: Leftovers\n|-damage|p1a: Swampert|94/100 brn|[from] brn\n|upkeep\n|turn|3\n|inactive|BtC37 has 30 seconds left.\n|inactive|rinkoy378 has 30 seconds left.\n|inactive|BtC37 has 20 seconds left.\n|inactive|rinkoy378 has 20 seconds left.\n|inactive|rinkoy378 has 15 seconds left.\n|\n|t:|1788386282\n|switch|p1b: Gengar|Gengar, L50, F|100/100\n|-heal|p2a: Toxapex|100/100|[from] ability: Regenerator|[silent]\n|switch|p2a: Dragonite|Dragonite, L50, M, shiny|100/100\n|move|p2b: Dragapult|Dragon Cheer|p2a: Dragonite\n|-start|p2a: Dragonite|move: Dragon Cheer\n|move|p1a: Swampert|Flip Turn|p2b: Dragapult\n|-resisted|p2b: Dragapult|1\n|-damage|p2b: Dragapult|11/100\n|\n|t:|1788386294\n|switch|p1a: Ninetales|Ninetales-Alola, L50, M|100/100|[from] Flip Turn\n|\n|-weather|Snowscape|[upkeep]\n|upkeep\n|turn|4\n|\n|t:|1788386309\n|detailschange|p1b: Gengar|Gengar-Mega, L50, F\n|-mega|p1b: Gengar|Gengar|Gengarite\n|detailschange|p2a: Dragonite|Dragonite-Mega, L50, M, shiny\n|-mega|p2a: Dragonite|Dragonite|Dragoninite\n|move|p1b: Gengar|Protect|p1b: Gengar\n|-singleturn|p1b: Gengar|Protect\n|move|p1a: Ninetales|Icy Wind|p2a: Dragonite|[spread] p2a,p2b\n|-supereffective|p2a: Dragonite|2\n|-supereffective|p2b: Dragapult|1\n|-damage|p2a: Dragonite|86/100\n|-damage|p2b: Dragapult|0 fnt\n|-unboost|p2a: Dragonite|spe|1\n|faint|p2b: Dragapult\n|move|p2a: Dragonite|Heat Wave|p1b: Gengar|[spread] p1a\n|-activate|p1b: Gengar|move: Protect\n|-supereffective|p1a: Ninetales|1\n|-crit|p1a: Ninetales\n|-damage|p1a: Ninetales|12/100\n|\n|-weather|Snowscape|[upkeep]\n|upkeep\n|\n|t:|1788386326\n|switch|p2b: Sinistcha|Sinistcha, L50|100/100\n|-heal|p2a: Dragonite|100/100|[from] ability: Hospitality|[of] p2b: Sinistcha\n|turn|5\n|\n|t:|1788386338\n|move|p1a: Ninetales|Icy Wind|p2a: Dragonite|[spread] p2a,p2b\n|-supereffective|p2a: Dragonite|2\n|-supereffective|p2b: Sinistcha|1\n|-damage|p2a: Dragonite|86/100\n|-damage|p2b: Sinistcha|75/100\n|-unboost|p2a: Dragonite|spe|1\n|-unboost|p2b: Sinistcha|spe|1\n|move|p1b: Gengar|Substitute|p1b: Gengar\n|-start|p1b: Gengar|Substitute\n|-damage|p1b: Gengar|75/100\n|move|p2a: Dragonite|Air Cutter|p1a: Ninetales|[spread] p1a,p1b\n|-crit|p1b: Gengar\n|-end|p1b: Gengar|Substitute\n|-crit|p1a: Ninetales\n|-damage|p1a: Ninetales|0 fnt\n|faint|p1a: Ninetales\n|move|p2b: Sinistcha|Trick Room|p2b: Sinistcha\n|-fieldstart|move: Trick Room|[of] p2b: Sinistcha\n|\n|-weather|none\n|-sideend|p2: rinkoy378|move: Light Screen\n|upkeep\n|\n|t:|1788386357\n|switch|p1a: Swampert|Swampert, L50, M|94/100 brn\n|turn|6\n|\n|t:|1788386365\n|move|p2b: Sinistcha|Matcha Gotcha|p1b: Gengar|[spread] p1b\n|-miss|p2b: Sinistcha|p1a: Swampert\n|-resisted|p1b: Gengar|1\n|-damage|p1b: Gengar|61/100\n|-heal|p2b: Sinistcha|82/100|[from] drain|[of] p1b: Gengar\n|move|p2a: Dragonite|Air Cutter|p1a: Swampert|[spread] p1a,p1b\n|-crit|p1a: Swampert\n|-crit|p1b: Gengar\n|-damage|p1a: Swampert|60/100 brn\n|-damage|p1b: Gengar|16/100\n|move|p1a: Swampert|Yawn|p2b: Sinistcha\n|-start|p2b: Sinistcha|move: Yawn|[of] p1a: Swampert\n|move|p1b: Gengar|Sludge Bomb|p2a: Dragonite\n|-damage|p2a: Dragonite|46/100\n|\n|-heal|p1a: Swampert|66/100 brn|[from] item: Leftovers\n|-damage|p1a: Swampert|60/100 brn|[from] brn\n|upkeep\n|turn|7\n|\n|t:|1788386388\n|move|p1b: Gengar|Protect|p1b: Gengar\n|-singleturn|p1b: Gengar|Protect\n|move|p2b: Sinistcha|Life Dew|p2b: Sinistcha|[spread] p2a,p2b\n|-heal|p2a: Dragonite|71/100\n|-heal|p2b: Sinistcha|100/100\n|move|p2a: Dragonite|Air Cutter|p1b: Gengar|[spread] p1a\n|-activate|p1b: Gengar|move: Protect\n|-crit|p1a: Swampert\n|-damage|p1a: Swampert|29/100 brn\n|move|p1a: Swampert|Yawn|p2a: Dragonite\n|-start|p2a: Dragonite|move: Yawn|[of] p1a: Swampert\n|\n|-heal|p1a: Swampert|35/100 brn|[from] item: Leftovers\n|-damage|p1a: Swampert|29/100 brn|[from] brn\n|-end|p2b: Sinistcha|move: Yawn|[silent]\n|-status|p2b: Sinistcha|slp\n|upkeep\n|turn|8\n|inactive|BtC37 has 30 seconds left.\n|inactive|BtC37 has 20 seconds left.\n|\n|t:|1788386424\n|switch|p2b: Toxapex|Toxapex, L50, F|100/100\n|switch|p1b: Sneasler|Sneasler, L50, M|100/100\n|move|p2a: Dragonite|Air Cutter|p1a: Swampert|[spread] p1a,p1b\n|-crit|p1a: Swampert\n|-supereffective|p1b: Sneasler|1\n|-crit|p1b: Sneasler\n|-damage|p1a: Swampert|0 fnt\n|-enditem|p1b: Sneasler|Focus Sash\n|-damage|p1b: Sneasler|1/100\n|faint|p1a: Swampert\n|\n|-end|p2a: Dragonite|move: Yawn|[silent]\n|-status|p2a: Dragonite|slp\n|upkeep\n|\n|t:|1788386438\n|switch|p1a: Gengar|Gengar-Mega, L50, F|16/100\n|turn|9\n|\n|t:|1788386454\n|move|p2b: Toxapex|Infestation|p1a: Gengar\n|-resisted|p1a: Gengar|2\n|-crit|p1a: Gengar\n|-damage|p1a: Gengar|14/100\n|-activate|p1a: Gengar|move: Infestation|[of] p2b: Toxapex\n|cant|p2a: Dragonite|slp\n|move|p1a: Gengar|Shadow Ball|p2a: Dragonite\n|-damage|p2a: Dragonite|36/100 slp\n|move|p1b: Sneasler|Rock Slide|p2a: Dragonite|[spread] p2a,p2b\n|-supereffective|p2a: Dragonite|1\n|-crit|p2a: Dragonite\n|-damage|p2a: Dragonite|0 fnt\n|-damage|p2b: Toxapex|85/100\n|faint|p2a: Dragonite\n|\n|-heal|p2b: Toxapex|91/100|[from] item: Leftovers\n|-damage|p1a: Gengar|2/100|[from] move: Infestation|[partiallytrapped]\n|-fieldend|move: Trick Room\n|upkeep\n|\n|t:|1788386468\n|switch|p2a: Sinistcha|Sinistcha, L50|100/100 slp\n|-heal|p2b: Toxapex|100/100|[from] ability: Hospitality|[of] p2a: Sinistcha\n|turn|10\n|\n|t:|1788386483\n|cant|p2a: Sinistcha|slp\n|move|p1b: Sneasler|Close Combat|p2b: Toxapex\n|-resisted|p2b: Toxapex|1\n|-damage|p2b: Toxapex|77/100\n|-unboost|p1b: Sneasler|def|1\n|-unboost|p1b: Sneasler|spd|1\n|move|p1a: Gengar|Shadow Ball|p2a: Sinistcha\n|-supereffective|p2a: Sinistcha|1\n|-damage|p2a: Sinistcha|0 fnt\n|faint|p2a: Sinistcha\n|move|p2b: Toxapex|Infestation|p1b: Sneasler\n|-resisted|p1b: Sneasler|2\n|-damage|p1b: Sneasler|0 fnt\n|faint|p1b: Sneasler\n|\n|-heal|p2b: Toxapex|82/100|[from] item: Leftovers\n|-damage|p1a: Gengar|0 fnt|[from] move: Infestation|[partiallytrapped]\n|faint|p1a: Gengar\n|\n|win|rinkoy378\n|raw|BtC37's rating: 1267 &rarr; <strong>1250</strong><br />(-17 for losing)\n|raw|rinkoy378's rating: 1375 &rarr; <strong>1389</strong><br />(+14 for winning)\n","uploadtime":1788386497,"views":"0","formatid":"gen9championsvgc2026regmb","rating":1250,"private":0,"password":null}