{"id":"gen9championsvgc2026regmb-2674132266","format":"[Gen 9 Champions] VGC 2026 Reg M-B","players":["blossoming sklz","TheTaxCat"],"log":"|j|☆blossoming sklz\n|j|☆TheTaxCat\n|t:|1788303864\n|gametype|doubles\n|player|p1|blossoming sklz|rocketgruntf|1310\n|player|p2|TheTaxCat|rocketgruntf|1360\n|gen|9\n|tier|[Gen 9 Champions] VGC 2026 Reg M-B\n|rated|\n|rule|Species Clause: Limit one of each Pokémon\n|rule|Item Clause: Limit 1 of each item\n|clearpoke\n|poke|p1|Scizor, L50, F|\n|poke|p1|Whimsicott, L50, F|\n|poke|p1|Basculegion, L50, M|\n|poke|p1|Pelipper, L50, M|\n|poke|p1|Raichu, L50, M|\n|poke|p1|Mawile, L50, M|\n|poke|p2|Glimmora, L50, F|\n|poke|p2|Espathra, L50, F|\n|poke|p2|Grimmsnarl, L50, M|\n|poke|p2|Pelipper, L50, F|\n|poke|p2|Archaludon, L50, F|\n|poke|p2|Blastoise, L50, M|\n|teampreview|4\n|\n|t:|1788303905\n|teamsize|p1|4\n|teamsize|p2|4\n|start\n|switch|p1a: Whimsicott|Whimsicott, L50, F|100/100\n|switch|p1b: Scizor|Scizor, L50, F|100/100\n|switch|p2a: Espathra|Espathra, L50, F|100/100\n|switch|p2b: Grimmsnarl|Grimmsnarl, L50, M|100/100\n|turn|1\n|\n|t:|1788303922\n|move|p1a: Whimsicott|Tailwind|p1a: Whimsicott\n|-sidestart|p1: blossoming sklz|move: Tailwind\n|move|p2b: Grimmsnarl|Reflect|p2b: Grimmsnarl\n|-sidestart|p2: TheTaxCat|Reflect\n|move|p1b: Scizor|Bug Bite|p2b: Grimmsnarl\n|-damage|p2b: Grimmsnarl|53/100\n|-damage|p1b: Scizor|90/100|[from] item: Life Orb\n|move|p2a: Espathra|Calm Mind|p2a: Espathra\n|-boost|p2a: Espathra|spa|1\n|-boost|p2a: Espathra|spd|1\n|\n|-ability|p2a: Espathra|Speed Boost|boost\n|-boost|p2a: Espathra|spe|1\n|upkeep\n|turn|2\n|\n|t:|1788303956\n|move|p2a: Espathra|Protect|p2a: Espathra\n|-singleturn|p2a: Espathra|Protect\n|move|p1a: Whimsicott|Encore|p2a: Espathra\n|-activate|p2a: Espathra|move: Protect\n|move|p2b: Grimmsnarl|Taunt|p1a: Whimsicott\n|-start|p1a: Whimsicott|move: Taunt\n|move|p1b: Scizor|Bug Bite|p2b: Grimmsnarl\n|-damage|p2b: Grimmsnarl|5/100\n|-damage|p1b: Scizor|81/100|[from] item: Life Orb\n|\n|-ability|p2a: Espathra|Speed Boost|boost\n|-boost|p2a: Espathra|spe|1\n|upkeep\n|turn|3\n|\n|t:|1788303978\n|switch|p2b: Pelipper|Pelipper, L50, F|100/100\n|-weather|RainDance|[from] ability: Drizzle|[of] p2b: Pelipper\n|move|p1a: Whimsicott|Moonblast|p2a: Espathra\n|-damage|p2a: Espathra|78/100\n|move|p2a: Espathra|Baton Pass|p2a: Espathra\n|\n|t:|1788303988\n|switch|p2a: Blastoise|Blastoise, L50, M|100/100|[from] Baton Pass\n|move|p1b: Scizor|Trailblaze|p2b: Pelipper\n|-damage|p2b: Pelipper|74/100\n|-boost|p1b: Scizor|spe|1\n|-damage|p1b: Scizor|71/100|[from] item: Life Orb\n|\n|-weather|RainDance|[upkeep]\n|upkeep\n|turn|4\n|\n|t:|1788304014\n|detailschange|p2a: Blastoise|Blastoise-Mega, L50, M\n|-mega|p2a: Blastoise|Blastoise|Blastoisinite\n|move|p1a: Whimsicott|Moonblast|p2a: Blastoise\n|-damage|p2a: Blastoise|81/100\n|move|p1b: Scizor|Trailblaze|p2a: Blastoise\n|-supereffective|p2a: Blastoise|1\n|-damage|p2a: Blastoise|42/100\n|-boost|p1b: Scizor|spe|1\n|-damage|p1b: Scizor|62/100|[from] item: Life Orb\n|move|p2a: Blastoise|Water Pulse|p1b: Scizor\n|-damage|p1b: Scizor|0 fnt\n|faint|p1b: Scizor\n|move|p2b: Pelipper|Hurricane|p1a: Whimsicott\n|-supereffective|p1a: Whimsicott|1\n|-enditem|p1a: Whimsicott|Focus Sash\n|-damage|p1a: Whimsicott|1/100\n|\n|-weather|RainDance|[upkeep]\n|-sideend|p1: blossoming sklz|move: Tailwind\n|upkeep\n|\n|t:|1788304031\n|switch|p1b: Raichu|Raichu, L50, M|100/100\n|turn|5\n|\n|t:|1788304051\n|detailschange|p1b: Raichu|Raichu-Mega-Y, L50, M\n|-mega|p1b: Raichu|Raichu|Raichunite Y\n|move|p1b: Raichu|Fake Out|p2a: Blastoise\n|-damage|p2a: Blastoise|37/100\n|cant|p2a: Blastoise|flinch\n|move|p1a: Whimsicott|Moonblast|p2a: Blastoise\n|-damage|p2a: Blastoise|16/100\n|move|p2b: Pelipper|Tailwind|p2b: Pelipper\n|-sidestart|p2: TheTaxCat|move: Tailwind\n|\n|-weather|RainDance|[upkeep]\n|-end|p1a: Whimsicott|move: Taunt\n|upkeep\n|turn|6\n|l|☆TheTaxCat\n|player|p2|\n|j|☆TheTaxCat\n|player|p2|TheTaxCat|rocketgruntf|\n|\n|t:|1788304088\n|switch|p2b: Grimmsnarl|Grimmsnarl, L50, M|5/100\n|move|p1a: Whimsicott|Tailwind|p1a: Whimsicott\n|-sidestart|p1: blossoming sklz|move: Tailwind\n|move|p2a: Blastoise|Water Pulse|p1b: Raichu\n|-damage|p1b: Raichu|0 fnt\n|faint|p1b: Raichu\n|\n|-weather|RainDance|[upkeep]\n|upkeep\n|\n|t:|1788304096\n|switch|p1b: Basculegion|Basculegion, L50, M|100/100\n|turn|7\n|\n|t:|1788304107\n|move|p1b: Basculegion|Aqua Jet|p2a: Blastoise\n|-resisted|p2a: Blastoise|1\n|-damage|p2a: Blastoise|6/100\n|move|p2b: Grimmsnarl|Light Screen|p2b: Grimmsnarl\n|-sidestart|p2: TheTaxCat|move: Light Screen\n|move|p2a: Blastoise|Dark Pulse|p1b: Basculegion\n|-supereffective|p1b: Basculegion|1\n|-damage|p1b: Basculegion|0 fnt\n|faint|p1b: Basculegion\n|move|p1a: Whimsicott|Moonblast|p2b: Grimmsnarl\n|-supereffective|p2b: Grimmsnarl|1\n|-damage|p2b: Grimmsnarl|0 fnt\n|faint|p2b: Grimmsnarl\n|\n|-weather|none\n|upkeep\n|\n|t:|1788304115\n|switch|p2b: Espathra|Espathra, L50, F|78/100\n|turn|8\n|-message|blossoming sklz forfeited.\n|\n|win|TheTaxCat\n|raw|blossoming sklz's rating: 1310 &rarr; <strong>1293</strong><br />(-17 for losing)\n|raw|TheTaxCat's rating: 1360 &rarr; <strong>1377</strong><br />(+17 for winning)\n|l|☆blossoming sklz\n|player|p1|\n","uploadtime":1788304127,"views":"3","formatid":"gen9championsvgc2026regmb","rating":1293,"private":0,"password":null}