{"id":"gen9championsvgc2026regmbbo3-2674494812","format":"[Gen 9 Champions] VGC 2026 Reg M-B (Bo3)","players":["Bananin4","bronzongbroomsvgc"],"log":"|j|☆Bananin4\n|j|☆bronzongbroomsvgc\n|html|<table width=\"100%\"><tr><td align=\"left\">Bananin4</td><td align=\"right\">bronzongbroomsvgc</tr><tr><td align=\"left\"><i class=\"fa fa-circle\"></i> <i class=\"fa fa-circle-o\"></i> </td><td align=\"right\"><i class=\"fa fa-circle-o\"></i> <i class=\"fa fa-circle-o\"></i> </tr></table>\n|uhtml|bestof|<h2><strong>Game 2</strong> of <a href=\"/game-bestof3-gen9championsvgc2026regmbbo3-2674493190\">a best-of-3</a></h2>\n|t:|1788366481\n|gametype|doubles\n|player|p1|Bananin4|lucas-gen4pt|1233\n|player|p2|bronzongbroomsvgc|1|1291\n|gen|9\n|tier|[Gen 9 Champions] VGC 2026 Reg M-B (Bo3)\n|rated|\n|rule|Species Clause: Limit one of each Pokémon\n|rule|Item Clause: Limit 1 of each item\n|clearpoke\n|poke|p1|Charizard, L50, M, shiny|\n|poke|p1|Floette-Eternal, L50, F|\n|poke|p1|Basculegion, L50, M, shiny|\n|poke|p1|Kingambit, L50, M, shiny|\n|poke|p1|Whimsicott, L50, M, shiny|\n|poke|p1|Garchomp, L50, M, shiny|\n|poke|p2|Toxapex, L50, F|\n|poke|p2|Incineroar, L50, M|\n|poke|p2|Sinistcha, L50|\n|poke|p2|Charizard, L50, F|\n|poke|p2|Floette-Eternal, L50, F|\n|poke|p2|Garchomp, L50, M|\n|teampreview|4\n|showteam|p1|Charizard||CharizarditeY|Blaze|HeatWave,WeatherBall,SolarBeam,Protect|Modest||M|||50|]Floette-Eternal||Floettite|FlowerVeil|Moonblast,DazzlingGleam,LightofRuin,Protect|Modest||F|||50|]Basculegion||LifeOrb|Adaptability|WaveCrash,LastRespects,AquaJet,Protect|Adamant||M|||50|]Kingambit||ChopleBerry|Defiant|KowtowCleave,SuckerPunch,IronHead,LowKick|Adamant||M|||50|]Whimsicott||FocusSash|Prankster|Moonblast,Encore,Tailwind,Protect|Timid||M|||50|]Garchomp||SitrusBerry|RoughSkin|Protect,RockSlide,DragonClaw,Earthquake|Jolly||M|||50|\n|showteam|p2|Toxapex||Leftovers|Regenerator|BanefulBunker,WideGuard,Toxic,Infestation|Relaxed||F|||50|]Incineroar||SitrusBerry|Intimidate|FakeOut,ThroatChop,FlareBlitz,PartingShot|Adamant||M|||50|]Sinistcha||ColburBerry|Hospitality|MatchaGotcha,TrickRoom,Protect,RagePowder|Quiet|||||50|]Charizard||CharizarditeY|Blaze|HeatWave,AncientPower,WeatherBall,Protect|Timid||F|||50|]Floette-Eternal||Floettite|FlowerVeil|Moonblast,DazzlingGleam,LightofRuin,Protect|Modest||F|||50|]Garchomp||ChoiceScarf|RoughSkin|Earthquake,RockSlide,DragonClaw,StompingTantrum|Adamant||M|||50|\n|\n|t:|1788366507\n|teamsize|p1|4\n|teamsize|p2|4\n|start\n|switch|p1a: Whimsicott|Whimsicott, L50, M, shiny|100/100\n|switch|p1b: Basculegion|Basculegion, L50, M, shiny|100/100\n|switch|p2a: Floette|Floette-Eternal, L50, F|100/100\n|switch|p2b: Incineroar|Incineroar, L50, M|100/100\n|-ability|p2b: Incineroar|Intimidate|boost\n|-unboost|p1a: Whimsicott|atk|1\n|-unboost|p1b: Basculegion|atk|1\n|turn|1\n|\n|t:|1788366526\n|switch|p2b: Sinistcha|Sinistcha, L50|100/100\n|detailschange|p2a: Floette|Floette-Mega, L50, F\n|-mega|p2a: Floette|Floette|Floettite\n|-ability|p2a: Floette|Fairy Aura\n|move|p1a: Whimsicott|Moonblast|p2b: Sinistcha\n|-damage|p2b: Sinistcha|52/100\n|move|p2a: Floette|Dazzling Gleam|p1a: Whimsicott|[spread] p1a,p1b\n|-damage|p1a: Whimsicott|22/100\n|-damage|p1b: Basculegion|52/100\n|move|p1b: Basculegion|Wave Crash|p2b: Sinistcha\n|-resisted|p2b: Sinistcha|1\n|-damage|p2b: Sinistcha|17/100\n|-damage|p1b: Basculegion|42/100|[from] Recoil\n|-damage|p1b: Basculegion|32/100|[from] item: Life Orb\n|\n|upkeep\n|turn|2\n|\n|t:|1788366551\n|move|p2b: Sinistcha|Protect|p2b: Sinistcha\n|-singleturn|p2b: Sinistcha|Protect\n|move|p1a: Whimsicott|Encore|p2a: Floette\n|-start|p2a: Floette|Encore\n|move|p2a: Floette|Dazzling Gleam|p1b: Basculegion|[spread] p1a,p1b\n|-damage|p1a: Whimsicott|0 fnt\n|-damage|p1b: Basculegion|0 fnt\n|faint|p1a: Whimsicott\n|faint|p1b: Basculegion\n|\n|upkeep\n|\n|t:|1788366561\n|switch|p1a: Charizard|Charizard, L50, M, shiny|100/100\n|switch|p1b: Garchomp|Garchomp, L50, M, shiny|100/100\n|turn|3\n|\n|t:|1788366571\n|detailschange|p1a: Charizard|Charizard-Mega-Y, L50, M, shiny\n|-mega|p1a: Charizard|Charizard|Charizardite Y\n|-weather|SunnyDay|[from] ability: Drought|[of] p1a: Charizard\n|move|p2b: Sinistcha|Rage Powder|p2b: Sinistcha\n|-singleturn|p2b: Sinistcha|move: Rage Powder\n|move|p1b: Garchomp|Earthquake|p2b: Sinistcha|[spread] p2a,p2b\n|-immune|p1a: Charizard\n|-resisted|p2b: Sinistcha|1\n|-damage|p2a: Floette|59/100\n|-damage|p2b: Sinistcha|2/100\n|move|p1a: Charizard|Heat Wave|p2a: Floette|[spread] p2a,p2b\n|-supereffective|p2b: Sinistcha|1\n|-damage|p2a: Floette|12/100\n|-damage|p2b: Sinistcha|0 fnt\n|faint|p2b: Sinistcha\n|move|p2a: Floette|Dazzling Gleam|p1b: Garchomp|[spread] p1a,p1b\n|-resisted|p1a: Charizard|1\n|-supereffective|p1b: Garchomp|1\n|-damage|p1a: Charizard|75/100\n|-damage|p1b: Garchomp|1/100\n|-enditem|p1b: Garchomp|Sitrus Berry|[eat]\n|-heal|p1b: Garchomp|25/100|[from] item: Sitrus Berry\n|\n|-weather|SunnyDay|[upkeep]\n|upkeep\n|\n|t:|1788366588\n|switch|p2b: Garchomp|Garchomp, L50, M|100/100\n|turn|4\n|\n|t:|1788366597\n|switch|p2a: Incineroar|Incineroar, L50, M|100/100\n|-ability|p2a: Incineroar|Intimidate|boost\n|-unboost|p1a: Charizard|atk|1\n|-unboost|p1b: Garchomp|atk|1\n|move|p2b: Garchomp|Rock Slide|p1b: Garchomp|[spread] p1a,p1b\n|-supereffective|p1a: Charizard|2\n|-resisted|p1b: Garchomp|1\n|-damage|p1a: Charizard|0 fnt\n|-damage|p1b: Garchomp|16/100\n|faint|p1a: Charizard\n|move|p1b: Garchomp|Dragon Claw|p2b: Garchomp\n|-supereffective|p2b: Garchomp|1\n|-damage|p2b: Garchomp|49/100\n|-damage|p1b: Garchomp|4/100|[from] ability: Rough Skin|[of] p2b: Garchomp\n|\n|-weather|SunnyDay|[upkeep]\n|upkeep\n|turn|5\n|\n|t:|1788366611\n|move|p2a: Incineroar|Fake Out|p1b: Garchomp\n|-damage|p1b: Garchomp|0 fnt\n|-damage|p2a: Incineroar|87/100|[from] ability: Rough Skin|[of] p1b: Garchomp\n|faint|p1b: Garchomp\n|\n|win|bronzongbroomsvgc\n","uploadtime":1788366611,"views":"0","formatid":"gen9championsvgc2026regmbbo3","rating":null,"private":0,"password":null}