{"id":"gen9championsvgc2026regmb-2675012286","format":"[Gen 9 Champions] VGC 2026 Reg M-B","players":["BoloinaBox","myshirtisdirty"],"log":"|j|☆BoloinaBox\n|j|☆myshirtisdirty\n|html|<table width=\"100%\"><tr><td align=\"left\">BoloinaBox</td><td align=\"right\">myshirtisdirty</tr><tr><td align=\"left\"><i class=\"fa fa-circle-o\"></i> <i class=\"fa fa-circle-o\"></i> </td><td align=\"right\"><i class=\"fa fa-circle-o\"></i> <i class=\"fa fa-circle-o\"></i> </tr></table>\n|uhtml|bestof|<h2><strong>Game 1</strong> of <a href=\"/game-bestof3-gen9championsvgc2026regmb-2675012285\">a best-of-3</a></h2>\n|t:|1788448582\n|gametype|doubles\n|player|p1|BoloinaBox|102|\n|player|p2|myshirtisdirty|266|\n|gen|9\n|tier|[Gen 9 Champions] VGC 2026 Reg M-B\n|rule|Species Clause: Limit one of each Pokémon\n|rule|Item Clause: Limit 1 of each item\n|raw|<div class=\"infobox\"><details class=\"readmore\" open><summary><strong>1 custom rule:</strong></summary> Best of = 3</details></div>\n|clearpoke\n|poke|p1|Glimmora, L50, M|\n|poke|p1|Ninetales-Alola, L50, F|\n|poke|p1|Mimikyu, L50, M|\n|poke|p1|Scovillain, L50, F|\n|poke|p1|Milotic, L50, M|\n|poke|p1|Liepard, L50, F|\n|poke|p2|Umbreon, L50, F|\n|poke|p2|Whimsicott, L50, M|\n|poke|p2|Gengar, L50, F|\n|poke|p2|Tauros-Paldea-Blaze, L50, M|\n|poke|p2|Primarina, L50, M|\n|poke|p2|Decidueye-Hisui, L50, M|\n|teampreview|4\nBoloinaBox rejected open team sheets.\n|\n|t:|1788448698\n|teamsize|p1|4\n|teamsize|p2|4\n|start\n|switch|p1a: Glimmora|Glimmora, L50, M|100/100\n|switch|p1b: Liepard|Liepard, L50, F|100/100\n|switch|p2a: Umbreon|Umbreon, L50, F|100/100\n|switch|p2b: Tauros|Tauros-Paldea-Blaze, L50, M|100/100\n|-ability|p2b: Tauros|Intimidate|boost\n|-unboost|p1a: Glimmora|atk|1\n|-unboost|p1b: Liepard|atk|1\n|turn|1\n|\n|t:|1788448719\n|move|p2b: Tauros|Protect|p2b: Tauros\n|-singleturn|p2b: Tauros|Protect\n|move|p1b: Liepard|Fake Out|p2b: Tauros\n|-activate|p2b: Tauros|move: Protect\n|move|p1a: Glimmora|Mortal Spin|p2a: Umbreon|[spread] p2a\n|-activate|p2b: Tauros|move: Protect\n|-damage|p2a: Umbreon|97/100\n|-status|p2a: Umbreon|psn\n|-activate|p2a: Umbreon|ability: Synchronize\n|-immune|p1a: Glimmora\n|-damage|p1a: Glimmora|90/100|[from] item: Life Orb\n|move|p2a: Umbreon|Yawn|p1b: Liepard\n|-start|p1b: Liepard|move: Yawn|[of] p2a: Umbreon\n|\n|-damage|p2a: Umbreon|85/100 psn|[from] psn\n|upkeep\n|turn|2\n|j| Doughboy322\n|\n|t:|1788448753\n|move|p1b: Liepard|Encore|p2b: Tauros\n|-start|p2b: Tauros|Encore\n|move|p2b: Tauros|Protect||[still]\n|-fail|p2b: Tauros\n|move|p1a: Glimmora|Earth Power|p2b: Tauros\n|-supereffective|p2b: Tauros|1\n|-damage|p2b: Tauros|0 fnt\n|faint|p2b: Tauros\n|-damage|p1a: Glimmora|80/100|[from] item: Life Orb\n|move|p2a: Umbreon|Snarl|p1b: Liepard|[spread] p1a,p1b\n|-resisted|p1b: Liepard|1\n|-damage|p1a: Glimmora|66/100\n|-damage|p1b: Liepard|89/100\n|-unboost|p1a: Glimmora|spa|1\n|-unboost|p1b: Liepard|spa|1\n|\n|-damage|p2a: Umbreon|72/100 psn|[from] psn\n|-end|p1b: Liepard|move: Yawn|[silent]\n|-status|p1b: Liepard|slp\n|upkeep\n|\n|t:|1788448770\n|switch|p2b: Primarina|Primarina, L50, M|100/100\n|turn|3\n|\n|t:|1788448784\n|cant|p1b: Liepard|slp\n|move|p1a: Glimmora|Mortal Spin|p2a: Umbreon|[spread] p2a,p2b\n|-supereffective|p2b: Primarina|1\n|-damage|p2a: Umbreon|70/100 psn\n|-damage|p2b: Primarina|91/100\n|-status|p2b: Primarina|psn\n|-damage|p1a: Glimmora|56/100|[from] item: Life Orb\n|move|p2a: Umbreon|Yawn|p1a: Glimmora\n|-start|p1a: Glimmora|move: Yawn|[of] p2a: Umbreon\n|move|p2b: Primarina|Calm Mind|p2b: Primarina\n|-boost|p2b: Primarina|spa|1\n|-boost|p2b: Primarina|spd|1\n|\n|-heal|p2b: Primarina|97/100 psn|[from] item: Leftovers\n|-damage|p2a: Umbreon|57/100 psn|[from] psn\n|-damage|p2b: Primarina|84/100 psn|[from] psn\n|upkeep\n|turn|4\n|\n|t:|1788448808\n|switch|p1a: Milotic|Milotic, L50, M|100/100\n|switch|p2a: Gengar|Gengar, L50, F|100/100\n|cant|p1b: Liepard|slp\n|move|p2b: Primarina|Hyper Voice|p1a: Milotic|[spread] p1a,p1b\n|-resisted|p1a: Milotic|1\n|-damage|p1a: Milotic|78/100\n|-damage|p1b: Liepard|0 fnt\n|faint|p1b: Liepard\n|\n|-heal|p2b: Primarina|91/100 psn|[from] item: Leftovers\n|-damage|p2b: Primarina|78/100 psn|[from] psn\n|upkeep\n|\n|t:|1788448821\n|switch|p1b: Glimmora|Glimmora, L50, M|56/100\n|turn|5\n|\n|t:|1788448853\n|detailschange|p2a: Gengar|Gengar-Mega, L50, F\n|-mega|p2a: Gengar|Gengar|Gengarite\n|move|p1b: Glimmora|Spiky Shield|p1b: Glimmora\n|-singleturn|p1b: Glimmora|move: Protect\n|move|p2a: Gengar|Shadow Ball|p1a: Milotic\n|-damage|p1a: Milotic|43/100\n|-enditem|p1a: Milotic|Sitrus Berry|[eat]\n|-heal|p1a: Milotic|68/100|[from] item: Sitrus Berry\n|move|p1a: Milotic|Recover|p1a: Milotic\n|-heal|p1a: Milotic|100/100\n|move|p2b: Primarina|Moonblast|p1a: Milotic\n|-damage|p1a: Milotic|37/100\n|\n|-heal|p2b: Primarina|84/100 psn|[from] item: Leftovers\n|-damage|p2b: Primarina|72/100 psn|[from] psn\n|upkeep\n|turn|6\n|\n|t:|1788448888\n|move|p2a: Gengar|Protect|p2a: Gengar\n|-singleturn|p2a: Gengar|Protect\n|move|p1b: Glimmora|Earth Power|p2a: Gengar\n|-activate|p2a: Gengar|move: Protect\n|move|p1a: Milotic|Muddy Water|p2b: Primarina|[spread] p2b\n|-activate|p2a: Gengar|move: Protect\n|-resisted|p2b: Primarina|1\n|-damage|p2b: Primarina|63/100 psn\n|move|p2b: Primarina|Hyper Voice|p1b: Glimmora|[spread] p1a,p1b\n|-resisted|p1a: Milotic|1\n|-supereffective|p1b: Glimmora|1\n|-damage|p1a: Milotic|18/100\n|-damage|p1b: Glimmora|0 fnt\n|faint|p1b: Glimmora\n|\n|-heal|p2b: Primarina|69/100 psn|[from] item: Leftovers\n|-damage|p2b: Primarina|56/100 psn|[from] psn\n|upkeep\n|l| Doughboy322\n|\n|t:|1788448899\n|switch|p1b: Ninetales|Ninetales-Alola, L50, F|100/100\n|-weather|Snowscape|[from] ability: Snow Warning|[of] p1b: Ninetales\n|turn|7\n|\n|t:|1788448926\n|move|p1b: Ninetales|Disable|p2b: Primarina\n|-start|p2b: Primarina|Disable|Hyper Voice\n|move|p2a: Gengar|Sludge Bomb|p1b: Ninetales\n|-supereffective|p1b: Ninetales|1\n|-damage|p1b: Ninetales|2/100\n|move|p1a: Milotic|Muddy Water|p2a: Gengar|[spread] p2b\n|-miss|p1a: Milotic|p2a: Gengar\n|-resisted|p2b: Primarina|1\n|-damage|p2b: Primarina|48/100 psn\n|cant|p2b: Primarina|Disable|Hyper Voice\n|\n|-weather|Snowscape|[upkeep]\n|-heal|p2b: Primarina|54/100 psn|[from] item: Leftovers\n|-damage|p2b: Primarina|42/100 psn|[from] psn\n|upkeep\n|turn|8\n|\n|t:|1788448959\n|move|p1b: Ninetales|Protect|p1b: Ninetales\n|-singleturn|p1b: Ninetales|Protect\n|move|p2a: Gengar|Shadow Ball|p1a: Milotic\n|-damage|p1a: Milotic|0 fnt\n|faint|p1a: Milotic\n|move|p2b: Primarina|Moonblast|p1b: Ninetales\n|-activate|p1b: Ninetales|move: Protect\n|\n|-weather|Snowscape|[upkeep]\n|-heal|p2b: Primarina|48/100 psn|[from] item: Leftovers\n|-damage|p2b: Primarina|36/100 psn|[from] psn\n|upkeep\n|turn|9\n|\n|t:|1788448975\n|move|p1b: Ninetales|Freeze-Dry|p2b: Primarina\n|-supereffective|p2b: Primarina|1\n|-crit|p2b: Primarina\n|-damage|p2b: Primarina|0 fnt\n|faint|p2b: Primarina\n|move|p2a: Gengar|Sludge Bomb|p1b: Ninetales\n|-supereffective|p1b: Ninetales|1\n|-damage|p1b: Ninetales|0 fnt\n|faint|p1b: Ninetales\n|\n|win|myshirtisdirty\n||BoloinaBox is ready for game 2.\n||myshirtisdirty is ready for game 2.\n|uhtml|next|Next: <a href=\"/battle-gen9championsvgc2026regmb-2675015718\"><strong>Game 2 of 3</strong></a>\n|j| Doughboy322\n|l| Doughboy322\n","uploadtime":1788449990,"views":"10","formatid":"gen9championsvgc2026regmb","rating":null,"private":0,"password":null}