{"id":"gen9championsvgc2026regmb-2674570675","format":"[Gen 9 Champions] VGC 2026 Reg M-B","players":["dr. technical","bruhdnigerian"],"log":"|j|☆dr. technical\n|j|☆bruhdnigerian\n|t:|1788375199\n|gametype|doubles\n|player|p1|dr. technical|101|1316\n|player|p2|bruhdnigerian|lance|1215\n|gen|9\n|tier|[Gen 9 Champions] VGC 2026 Reg M-B\n|rated|\n|rule|Species Clause: Limit one of each Pokémon\n|rule|Item Clause: Limit 1 of each item\n|clearpoke\n|poke|p1|Aerodactyl, L50, F|\n|poke|p1|Milotic, L50, M|\n|poke|p1|Sneasler, L50, F|\n|poke|p1|Sinistcha, L50|\n|poke|p1|Incineroar, L50, M|\n|poke|p1|Annihilape, L50, F|\n|poke|p2|Pangoro, L50, M|\n|poke|p2|Chandelure, L50, F|\n|poke|p2|Spiritomb, L50, M|\n|poke|p2|Gliscor, L50, F|\n|poke|p2|Farigiraf, L50, M|\n|poke|p2|Glimmora, L50, M|\n|teampreview|4\n|inactive|Battle timer is ON: inactive players will automatically lose when time's up. (requested by bruhdnigerian)\nbruhdnigerian rejected open team sheets.\n|inactive|dr. technical has 60 seconds left.\n|inactive|bruhdnigerian has 60 seconds left.\n|\n|t:|1788375252\n|teamsize|p1|4\n|teamsize|p2|4\n|start\n|switch|p1a: Sinistcha|Sinistcha, L50|100/100\n|switch|p1b: Aerodactyl|Aerodactyl, L50, F|100/100\n|switch|p2a: Glimmora|Glimmora, L50, M|100/100\n|switch|p2b: Spiritomb|Spiritomb, L50, M|100/100\n|-ability|p1b: Aerodactyl|Unnerve\n|turn|1\n|inactive|bruhdnigerian has 30 seconds left.\n|inactive|bruhdnigerian has 20 seconds left.\n|\n|t:|1788375290\n|detailschange|p1b: Aerodactyl|Aerodactyl-Mega, L50, F\n|-mega|p1b: Aerodactyl|Aerodactyl|Aerodactylite\n|move|p2a: Glimmora|Power Gem|p1b: Aerodactyl\n|-supereffective|p1b: Aerodactyl|1\n|-damage|p1b: Aerodactyl|0 fnt\n|faint|p1b: Aerodactyl\n|move|p2b: Spiritomb|Will-O-Wisp|p1a: Sinistcha\n|-status|p1a: Sinistcha|brn\n|move|p1a: Sinistcha|Trick Room|p1a: Sinistcha\n|-fieldstart|move: Trick Room|[of] p1a: Sinistcha\n|\n|-damage|p1a: Sinistcha|93/100 brn|[from] brn\n|upkeep\n|\n|t:|1788375303\n|switch|p1b: Annihilape|Annihilape, L50, F|100/100\n|turn|2\n|\n|t:|1788375313\n|switch|p2a: Gliscor|Gliscor, L50, F|100/100\n|move|p1a: Sinistcha|Rage Powder|p1a: Sinistcha\n|-singleturn|p1a: Sinistcha|move: Rage Powder\n|move|p2b: Spiritomb|Will-O-Wisp|p1a: Sinistcha\n|-fail|p1a: Sinistcha|brn\n|move|p1b: Annihilape|Bulk Up|p1b: Annihilape\n|-boost|p1b: Annihilape|atk|1\n|-boost|p1b: Annihilape|def|1\n|\n|-damage|p1a: Sinistcha|87/100 brn|[from] brn\n|upkeep\n|turn|3\n|inactive|dr. technical has 30 seconds left.\n|\n|t:|1788375343\n|move|p1a: Sinistcha|Rage Powder|p1a: Sinistcha\n|-singleturn|p1a: Sinistcha|move: Rage Powder\n|move|p2b: Spiritomb|Hex|p1a: Sinistcha\n|-supereffective|p1a: Sinistcha|1\n|-damage|p1a: Sinistcha|12/100 brn\n|move|p1b: Annihilape|Rage Fist|p2b: Spiritomb\n|-damage|p2b: Spiritomb|59/100\n|move|p2a: Gliscor|Acrobatics|p1a: Sinistcha\n|-supereffective|p1a: Sinistcha|1\n|-damage|p1a: Sinistcha|0 fnt\n|faint|p1a: Sinistcha\n|\n|upkeep\n|\n|t:|1788375354\n|switch|p1a: Sneasler|Sneasler, L50, F|100/100\n|turn|4\n|\n|t:|1788375363\n|move|p2a: Gliscor|Protect|p2a: Gliscor\n|-singleturn|p2a: Gliscor|Protect\n|move|p1a: Sneasler|Fake Out|p2a: Gliscor\n|-activate|p2a: Gliscor|move: Protect\n|move|p2b: Spiritomb|Will-O-Wisp|p1b: Annihilape\n|-status|p1b: Annihilape|brn\n|move|p1b: Annihilape|Rage Fist|p2b: Spiritomb\n|-damage|p2b: Spiritomb|37/100\n|\n|-damage|p1b: Annihilape|94/100 brn|[from] brn\n|upkeep\n|turn|5\n|inactive|dr. technical has 30 seconds left.\n|\n|t:|1788375391\n|move|p2b: Spiritomb|Destiny Bond|p2b: Spiritomb\n|-singlemove|p2b: Spiritomb|Destiny Bond\n|move|p1b: Annihilape|Rage Fist|p2b: Spiritomb\n|-damage|p2b: Spiritomb|15/100\n|move|p2a: Gliscor|Acrobatics|p1a: Sneasler\n|-supereffective|p1a: Sneasler|1\n|-enditem|p1a: Sneasler|Focus Sash\n|-damage|p1a: Sneasler|1/100\n|move|p1a: Sneasler|Coaching|p1b: Annihilape\n|-boost|p1b: Annihilape|atk|1\n|-boost|p1b: Annihilape|def|1\n|\n|-damage|p1b: Annihilape|88/100 brn|[from] brn\n|-fieldend|move: Trick Room\n|upkeep\n|turn|6\n|\n|t:|1788375411\n|move|p2a: Gliscor|Protect|p2a: Gliscor\n|-singleturn|p2a: Gliscor|Protect\n|move|p1a: Sneasler|Dire Claw|p2a: Gliscor\n|-activate|p2a: Gliscor|move: Protect\n|move|p1b: Annihilape|Rage Fist|p2a: Gliscor\n|-activate|p2a: Gliscor|move: Protect\n|move|p2b: Spiritomb|Trick Room|p2b: Spiritomb\n|-fieldstart|move: Trick Room|[of] p2b: Spiritomb\n|\n|-damage|p1b: Annihilape|82/100 brn|[from] brn\n|upkeep\n|turn|7\n|\n|t:|1788375432\n|move|p2b: Spiritomb|Destiny Bond|p2b: Spiritomb\n|-singlemove|p2b: Spiritomb|Destiny Bond\n|move|p1b: Annihilape|Rage Fist|p2a: Gliscor\n|-damage|p2a: Gliscor|78/100\n|move|p2a: Gliscor|Acrobatics|p1b: Annihilape\n|-supereffective|p1b: Annihilape|1\n|-damage|p1b: Annihilape|31/100 brn\n|-enditem|p1b: Annihilape|Sitrus Berry|[eat]\n|-heal|p1b: Annihilape|56/100 brn|[from] item: Sitrus Berry\n|move|p1a: Sneasler|Dire Claw|p2b: Spiritomb\n|-resisted|p2b: Spiritomb|1\n|-damage|p2b: Spiritomb|0 fnt\n|faint|p2b: Spiritomb\n|-activate|p2b: Spiritomb|move: Destiny Bond\n|faint|p1a: Sneasler\n|\n|-damage|p1b: Annihilape|50/100g brn|[from] brn\n|upkeep\n|\n|t:|1788375445\n|switch|p2b: Pangoro|Pangoro, L50, M|100/100\n|turn|8\n|\n|t:|1788375455\n|move|p2b: Pangoro|Knock Off|p1b: Annihilape\n|-damage|p1b: Annihilape|33/100 brn\n|move|p1b: Annihilape|Drain Punch|p2b: Pangoro\n|-supereffective|p2b: Pangoro|1\n|-damage|p2b: Pangoro|9/100\n|-heal|p1b: Annihilape|75/100 brn|[from] drain|[of] p2b: Pangoro\n|move|p2a: Gliscor|Acrobatics|p1b: Annihilape\n|-supereffective|p1b: Annihilape|1\n|-damage|p1b: Annihilape|22/100 brn\n|\n|-damage|p1b: Annihilape|16/100 brn|[from] brn\n|upkeep\n|turn|9\n|\n|t:|1788375469\n|move|p2b: Pangoro|Knock Off|p1b: Annihilape\n|-damage|p1b: Annihilape|0 fnt\n|faint|p1b: Annihilape\n|\n|win|bruhdnigerian\n|raw|dr. technical's rating: 1316 &rarr; <strong>1290</strong><br />(-26 for losing)\n|raw|bruhdnigerian's rating: 1215 &rarr; <strong>1247</strong><br />(+32 for winning)\n|c|☆dr. technical|gg\n|l|☆dr. technical\n|player|p1|\n|c|☆bruhdnigerian|gg\n","uploadtime":1788375484,"views":"1","formatid":"gen9championsvgc2026regmb","rating":1247,"private":0,"password":null}