{"id":"gen9championsvgc2026regmb-2674479643","format":"[Gen 9 Champions] VGC 2026 Reg M-B","players":["gtdx2","aerielo"],"log":"|j|☆gtdx2\n|j|☆aerielo\n|t:|1788364689\n|gametype|doubles\n|player|p1|gtdx2|blue|1137\n|player|p2|aerielo|170|1107\n|gen|9\n|tier|[Gen 9 Champions] VGC 2026 Reg M-B\n|rated|\n|rule|Species Clause: Limit one of each Pokémon\n|rule|Item Clause: Limit 1 of each item\n|clearpoke\n|poke|p1|Froslass, L50, F|\n|poke|p1|Scovillain, L50, M|\n|poke|p1|Kingambit, L50, M|\n|poke|p1|Lycanroc-Dusk, L50, M, shiny|\n|poke|p1|Sneasler, L50, M|\n|poke|p1|Basculegion-F, L50, F|\n|poke|p2|Sceptile, L50, M, shiny|\n|poke|p2|Staraptor, L50, F, shiny|\n|poke|p2|Whimsicott, L50, M, shiny|\n|poke|p2|Jolteon, L50, M, shiny|\n|poke|p2|Farigiraf, L50, F, shiny|\n|poke|p2|Garchomp, L50, M|\n|teampreview|4\n|inactive|Battle timer is ON: inactive players will automatically lose when time's up. (requested by aerielo)\n|inactive|aerielo has 60 seconds left.\n|\n|t:|1788364735\n|teamsize|p1|4\n|teamsize|p2|4\n|start\n|switch|p1a: Froslass|Froslass, L50, F|100/100\n|switch|p1b: Lycanroc|Lycanroc-Dusk, L50, M, shiny|100/100\n|switch|p2a: Whimsicott|Whimsicott, L50, M, shiny|100/100\n|switch|p2b: Staraptor|Staraptor, L50, F, shiny|100/100\n|-ability|p2b: Staraptor|Intimidate|boost\n|-unboost|p1a: Froslass|atk|1\n|-unboost|p1b: Lycanroc|atk|1\n|turn|1\n|inactive|aerielo has 30 seconds left.\n|inactive|aerielo has 20 seconds left.\n|inactive|aerielo has 15 seconds left.\n|inactive|aerielo has 10 seconds left.\n|inactive|aerielo has 5 seconds left.\n|\n|t:|1788364790\n|detailschange|p1a: Froslass|Froslass-Mega, L50, F\n|-mega|p1a: Froslass|Froslass|Froslassite\n|-weather|Snowscape|[from] ability: Snow Warning|[of] p1a: Froslass\n|move|p2a: Whimsicott|Charm|p1a: Froslass\n|-unboost|p1a: Froslass|atk|2\n|move|p1a: Froslass|Aurora Veil|p1a: Froslass\n|-sidestart|p1: gtdx2|move: Aurora Veil\n|move|p2b: Staraptor|Brave Bird|p1b: Lycanroc\n|-resisted|p1b: Lycanroc|1\n|-damage|p1b: Lycanroc|70/100\n|-damage|p2b: Staraptor|92/100|[from] Recoil\n|move|p1b: Lycanroc|Rock Slide|p2a: Whimsicott|[spread] p2a,p2b\n|-supereffective|p2b: Staraptor|1\n|-damage|p2a: Whimsicott|70/100\n|-damage|p2b: Staraptor|45/100\n|\n|-weather|Snowscape|[upkeep]\n|upkeep\n|turn|2\n|\n|t:|1788364814\n|switch|p2b: Farigiraf|Farigiraf, L50, F, shiny|100/100\n|move|p2a: Whimsicott|Tailwind|p2a: Whimsicott\n|-sidestart|p2: aerielo|move: Tailwind\n|move|p1b: Lycanroc|Accelerock||[still]\n|cant|p2b: Farigiraf|ability: Armor Tail|Accelerock|[of] p1b: Lycanroc\n|move|p1a: Froslass|Blizzard|p2b: Farigiraf|[spread] p2a,p2b\n|-supereffective|p2a: Whimsicott|1\n|-damage|p2a: Whimsicott|0 fnt\n|-damage|p2b: Farigiraf|66/100\n|faint|p2a: Whimsicott\n|\n|-weather|Snowscape|[upkeep]\n|-heal|p2b: Farigiraf|73/100|[from] item: Leftovers\n|upkeep\n|\n|t:|1788364819\n|switch|p2a: Staraptor|Staraptor, L50, F, shiny|45/100\n|-ability|p2a: Staraptor|Intimidate|boost\n|-unboost|p1a: Froslass|atk|1\n|-unboost|p1b: Lycanroc|atk|1\n|turn|3\n|\n|t:|1788364836\n|detailschange|p2a: Staraptor|Staraptor-Mega, L50, F, shiny\n|-mega|p2a: Staraptor|Staraptor|Staraptite\n|move|p2a: Staraptor|Close Combat|p1b: Lycanroc\n|-supereffective|p1b: Lycanroc|1\n|-damage|p1b: Lycanroc|0 fnt\n|-boost|p2a: Staraptor|def|1\n|-boost|p2a: Staraptor|spd|1\n|faint|p1b: Lycanroc\n|move|p1a: Froslass|Blizzard|p2b: Farigiraf|[spread] p2a,p2b\n|-supereffective|p2a: Staraptor|1\n|-crit|p2a: Staraptor\n|-damage|p2a: Staraptor|0 fnt\n|-damage|p2b: Farigiraf|38/100\n|faint|p2a: Staraptor\n|move|p2b: Farigiraf|Thunder Wave|p1a: Froslass\n|-status|p1a: Froslass|par\n|\n|-weather|Snowscape|[upkeep]\n|-heal|p2b: Farigiraf|44/100|[from] item: Leftovers\n|upkeep\n|\n|t:|1788364855\n|switch|p2a: Garchomp|Garchomp, L50, M|100/100\n|switch|p1b: Basculegion|Basculegion-F, L50, F|100/100\n|turn|4\n|\n|t:|1788364877\n|move|p2a: Garchomp|Rock Slide|p1a: Froslass|[spread] p1a,p1b\n|-supereffective|p1a: Froslass|1\n|-damage|p1a: Froslass|73/100 par\n|-damage|p1b: Basculegion|83/100\n|move|p2b: Farigiraf|Thunder Wave|p1b: Basculegion\n|-status|p1b: Basculegion|par\n|cant|p1a: Froslass|par\n|move|p1b: Basculegion|Last Respects|p2a: Garchomp\n|-damage|p2a: Garchomp|24/100\n|-damage|p1b: Basculegion|74/100 par|[from] item: Life Orb\n|\n|-weather|Snowscape|[upkeep]\n|-heal|p2b: Farigiraf|51/100|[from] item: Leftovers\n|upkeep\n|turn|5\n|\n|t:|1788364901\n|move|p2a: Garchomp|Rock Slide|p1b: Basculegion|[spread] p1a,p1b\n|-supereffective|p1a: Froslass|1\n|-crit|p1b: Basculegion\n|-damage|p1a: Froslass|44/100 par\n|-damage|p1b: Basculegion|39/100 par\n|move|p2b: Farigiraf|Psychic|p1a: Froslass\n|-damage|p1a: Froslass|13/100 par\n|move|p1a: Froslass|Blizzard|p2b: Farigiraf|[spread] p2a,p2b\n|-supereffective|p2a: Garchomp|2\n|-damage|p2a: Garchomp|0 fnt\n|-damage|p2b: Farigiraf|16/100\n|faint|p2a: Garchomp\n|move|p1b: Basculegion|Wave Crash|p2b: Farigiraf\n|-damage|p2b: Farigiraf|0 fnt\n|faint|p2b: Farigiraf\n|-damage|p1b: Basculegion|32/100 par|[from] Recoil\n|-damage|p1b: Basculegion|22/100 par|[from] item: Life Orb\n|\n|win|gtdx2\n|raw|gtdx2's rating: 1137 &rarr; <strong>1160</strong><br />(+23 for winning)\n|raw|aerielo's rating: 1107 &rarr; <strong>1084</strong><br />(-23 for losing)\n|l|☆aerielo\n|player|p2|\n","uploadtime":1788364922,"views":"1","formatid":"gen9championsvgc2026regmb","rating":1084,"private":0,"password":null}