{"id":"gen9championsvgc2026regmb-2674615949","format":"[Gen 9 Champions] VGC 2026 Reg M-B","players":["Jackson Rodrigues","itz_isaacyt"],"log":"|j|☆Jackson Rodrigues\n|j|☆itz_isaacyt\n|t:|1788380679\n|gametype|doubles\n|player|p1|Jackson Rodrigues|265|1569\n|player|p2|itz_isaacyt|265|1495\n|gen|9\n|tier|[Gen 9 Champions] VGC 2026 Reg M-B\n|rated|\n|rule|Species Clause: Limit one of each Pokémon\n|rule|Item Clause: Limit 1 of each item\n|clearpoke\n|poke|p1|Tyranitar, L50, M|\n|poke|p1|Milotic, L50, F, shiny|\n|poke|p1|Excadrill, L50, F|\n|poke|p1|Sinistcha-Masterpiece, L50|\n|poke|p1|Gholdengo, L50|\n|poke|p1|Staraptor, L50, F|\n|poke|p2|Whimsicott, L50, M|\n|poke|p2|Basculegion, L50, M|\n|poke|p2|Archaludon, L50, F|\n|poke|p2|Pelipper, L50, M|\n|poke|p2|Maushold, L50|\n|poke|p2|Raichu, L50, F|\n|teampreview|4\n|inactive|Battle timer is ON: inactive players will automatically lose when time's up. (requested by Jackson Rodrigues)\n|\n|t:|1788380692\n|teamsize|p1|4\n|teamsize|p2|4\n|start\n|switch|p1a: Tyranitar|Tyranitar, L50, M|100/100\n|switch|p1b: Gholdengo|Gholdengo, L50|100/100\n|switch|p2a: Whimsicott|Whimsicott, L50, M|100/100\n|switch|p2b: Basculegion|Basculegion, L50, M|100/100\n|-weather|Sandstorm|[from] ability: Sand Stream|[of] p1a: Tyranitar\n|turn|1\n|\n|t:|1788380704\n|switch|p1b: Sinistcha|Sinistcha-Masterpiece, L50|100/100\n|move|p2a: Whimsicott|Worry Seed|p1b: Sinistcha\n|-ability|p1b: Sinistcha|Insomnia|Hospitality|[from] move: Worry Seed\n|move|p2b: Basculegion|Wave Crash|p1a: Tyranitar\n|-supereffective|p1a: Tyranitar|1\n|-damage|p1a: Tyranitar|0 fnt\n|faint|p1a: Tyranitar\n|-damage|p2b: Basculegion|67/100|[from] Recoil\n|-damage|p2b: Basculegion|57/100|[from] item: Life Orb\n|\n|-weather|Sandstorm|[upkeep]\n|-damage|p2a: Whimsicott|94/100|[from] Sandstorm\n|-damage|p2b: Basculegion|51/100|[from] Sandstorm\n|-damage|p1b: Sinistcha|94/100|[from] Sandstorm\n|upkeep\n|\n|t:|1788380714\n|switch|p1a: Excadrill|Excadrill, L50, F|100/100\n|turn|2\n|\n|t:|1788380720\n|move|p2a: Whimsicott|Worry Seed|p1a: Excadrill\n|-ability|p1a: Excadrill|Insomnia|Sand Rush|[from] move: Worry Seed\n|move|p1a: Excadrill|Iron Head|p2a: Whimsicott\n|-supereffective|p2a: Whimsicott|1\n|-damage|p2a: Whimsicott|0 fnt\n|faint|p2a: Whimsicott\n|move|p2b: Basculegion|Last Respects|p1b: Sinistcha\n|-supereffective|p1b: Sinistcha|1\n|-damage|p1b: Sinistcha|0 fnt\n|faint|p1b: Sinistcha\n|-damage|p2b: Basculegion|42/100|[from] item: Life Orb\n|\n|-weather|Sandstorm|[upkeep]\n|-damage|p2b: Basculegion|35/100|[from] Sandstorm\n|upkeep\n|\n|t:|1788380733\n|switch|p2a: Pelipper|Pelipper, L50, M|100/100\n|switch|p1b: Gholdengo|Gholdengo, L50|100/100\n|-weather|RainDance|[from] ability: Drizzle|[of] p2a: Pelipper\n|turn|3\n|\n|t:|1788380746\n|move|p1a: Excadrill|High Horsepower|p2b: Basculegion\n|-damage|p2b: Basculegion|0 fnt\n|faint|p2b: Basculegion\n|move|p1b: Gholdengo|Nasty Plot|p1b: Gholdengo\n|-boost|p1b: Gholdengo|spa|2\n|move|p2a: Pelipper|Weather Ball|p1a: Excadrill\n|-supereffective|p1a: Excadrill|1\n|-enditem|p1a: Excadrill|Focus Sash\n|-damage|p1a: Excadrill|1/100\n|\n|-weather|RainDance|[upkeep]\n|upkeep\n|\n|t:|1788380751\n|switch|p2b: Raichu|Raichu, L50, F|100/100\n|turn|4\n|\n|t:|1788380760\n|detailschange|p2b: Raichu|Raichu-Mega-Y, L50, F\n|-mega|p2b: Raichu|Raichu|Raichunite Y\n|move|p2b: Raichu|Fake Out|p1a: Excadrill\n|-resisted|p1a: Excadrill|1\n|-damage|p1a: Excadrill|0 fnt\n|faint|p1a: Excadrill\n|move|p1b: Gholdengo|Shadow Ball|p2b: Raichu\n|-damage|p2b: Raichu|0 fnt\n|faint|p2b: Raichu\n|-damage|p1b: Gholdengo|90/100|[from] item: Life Orb\n|move|p2a: Pelipper|Weather Ball|p1b: Gholdengo\n|-damage|p1b: Gholdengo|31/100\n|\n|-weather|RainDance|[upkeep]\n|upkeep\n|turn|5\n|\n|t:|1788380774\n|move|p2a: Pelipper|Protect|p2a: Pelipper\n|-singleturn|p2a: Pelipper|Protect\n|move|p1b: Gholdengo|Shadow Ball|p2a: Pelipper\n|-activate|p2a: Pelipper|move: Protect\n|\n|-weather|RainDance|[upkeep]\n|upkeep\n|turn|6\n|\n|t:|1788380777\n|move|p1b: Gholdengo|Shadow Ball|p2a: Pelipper\n|-damage|p2a: Pelipper|1/100\n|-damage|p1b: Gholdengo|21/100|[from] item: Life Orb\n|move|p2a: Pelipper|Weather Ball|p1b: Gholdengo\n|-damage|p1b: Gholdengo|0 fnt\n|faint|p1b: Gholdengo\n|\n|win|itz_isaacyt\n|raw|Jackson Rodrigues's rating: 1569 &rarr; <strong>1545</strong><br />(-24 for losing)\n|raw|itz_isaacyt's rating: 1495 &rarr; <strong>1519</strong><br />(+24 for winning)\n|c|☆Jackson Rodrigues|Ggs\n","uploadtime":1788380784,"views":"2","formatid":"gen9championsvgc2026regmb","rating":1519,"private":0,"password":null}