{"id":"gen9championsvgc2026regmbbo3-2674915993","format":"[Gen 9 Champions] VGC 2026 Reg M-B (Bo3)","players":["source0","hhammonobah"],"log":"|j|☆source0\n|j|☆hhammonobah\n|html|<table width=\"100%\"><tr><td align=\"left\">source0</td><td align=\"right\">hhammonobah</tr><tr><td align=\"left\"><i class=\"fa fa-circle-o\"></i> <i class=\"fa fa-circle-o\"></i> </td><td align=\"right\"><i class=\"fa fa-circle-o\"></i> <i class=\"fa fa-circle-o\"></i> </tr></table>\n|uhtml|bestof|<h2><strong>Game 1</strong> of <a href=\"/game-bestof3-gen9championsvgc2026regmbbo3-2674915992\">a best-of-3</a></h2>\n|t:|1788435342\n|gametype|doubles\n|player|p1|source0|265|1068\n|player|p2|hhammonobah|1|1166\n|gen|9\n|tier|[Gen 9 Champions] VGC 2026 Reg M-B (Bo3)\n|rated|\n|rule|Species Clause: Limit one of each Pokémon\n|rule|Item Clause: Limit 1 of each item\n|clearpoke\n|poke|p1|Staraptor, L50, F|\n|poke|p1|Tyranitar, L50, F|\n|poke|p1|Excadrill, L50, M|\n|poke|p1|Sylveon, L50, F, shiny|\n|poke|p1|Milotic, L50, F|\n|poke|p1|Sinistcha, L50|\n|poke|p2|Froslass, L50, F|\n|poke|p2|Dragonite, L50, M|\n|poke|p2|Toxapex, L50, F|\n|poke|p2|Sneasler, L50, M|\n|poke|p2|Kingambit, L50, F|\n|poke|p2|Blaziken, L50, M|\n|teampreview|4\n|showteam|p1|Staraptor||Staraptite|Intimidate|BraveBird,CloseCombat,Tailwind,Protect|Jolly||F|||50|]Tyranitar||Tyranitarite|SandStream|RockSlide,KnockOff,Protect,DragonDance|Adamant||F|||50|]Excadrill||FocusSash|SandRush|StompingTantrum,IronHead,RockSlide,Protect|Jolly||M|||50|]Sylveon||FairyFeather|Pixilate|HyperVoice,QuickAttack,HyperBeam,Protect|Bold||F|||50|]Milotic||Leftovers|Competitive|Scald,IceBeam,Protect,IcyWind|Modest||F|||50|]Sinistcha||KasibBerry|Hospitality|MatchaGotcha,StrengthSap,RagePowder,Protect|Bold|||||50|\n|showteam|p2|Froslass||Froslassite|SnowCloak|Blizzard,ShadowBall,AuroraVeil,Protect|Timid||F|||50|]Dragonite||LifeOrb|InnerFocus|DragonClaw,ExtremeSpeed,LowKick,Protect|Adamant||M|||50|]Toxapex||Leftovers|Regenerator|Infestation,Toxic,WideGuard,BanefulBunker|Bold||F|||50|]Sneasler||WhiteHerb|Unburden|CloseCombat,DireClaw,FakeOut,Protect|Jolly||M|||50|]Kingambit||OccaBerry|Defiant|KowtowCleave,SuckerPunch,SwordsDance,Protect|Adamant||F|||50|]Blaziken||Blazikenite|SpeedBoost|CloseCombat,FlareBlitz,RockSlide,Protect|Adamant||M|||50|\n|inactive|Battle timer is ON: inactive players will automatically lose when time's up. (requested by hhammonobah)\n|\n|t:|1788435381\n|teamsize|p1|4\n|teamsize|p2|4\n|start\n|switch|p1a: Sylveon|Sylveon, L50, F, shiny|100/100\n|switch|p1b: Excadrill|Excadrill, L50, M|100/100\n|switch|p2a: Sneasler|Sneasler, L50, M|100/100\n|switch|p2b: Toxapex|Toxapex, L50, F|100/100\n|turn|1\n|\n|t:|1788435400\n|move|p1b: Excadrill|Protect|p1b: Excadrill\n|-singleturn|p1b: Excadrill|Protect\n|move|p1a: Sylveon|Protect|p1a: Sylveon\n|-singleturn|p1a: Sylveon|Protect\n|move|p2a: Sneasler|Fake Out|p1b: Excadrill\n|-activate|p1b: Excadrill|move: Protect\n|move|p2b: Toxapex|Toxic|p1a: Sylveon\n|-activate|p1a: Sylveon|move: Protect\n|\n|upkeep\n|turn|2\n|inactive|source0 has 30 seconds left.\n|inactive|hhammonobah has 30 seconds left.\n|\n|t:|1788435430\n|switch|p1a: Tyranitar|Tyranitar, L50, F|100/100\n|-weather|Sandstorm|[from] ability: Sand Stream|[of] p1a: Tyranitar\n|move|p2b: Toxapex|Wide Guard|p2b: Toxapex\n|-singleturn|p2b: Toxapex|Wide Guard\n|move|p1b: Excadrill|Stomping Tantrum|p2a: Sneasler\n|-supereffective|p2a: Sneasler|1\n|-damage|p2a: Sneasler|0 fnt\n|faint|p2a: Sneasler\n|\n|-weather|Sandstorm|[upkeep]\n|-damage|p2b: Toxapex|94/100|[from] Sandstorm\n|-heal|p2b: Toxapex|100/100|[from] item: Leftovers\n|upkeep\n|\n|t:|1788435446\n|switch|p2a: Froslass|Froslass, L50, F|100/100\n|turn|3\n|\n|t:|1788435460\n|move|p1b: Excadrill|Protect|p1b: Excadrill\n|-singleturn|p1b: Excadrill|Protect\n|move|p2a: Froslass|Protect|p2a: Froslass\n|-singleturn|p2a: Froslass|Protect\n|move|p1a: Tyranitar|Protect|p1a: Tyranitar\n|-singleturn|p1a: Tyranitar|Protect\n|move|p2b: Toxapex|Infestation|p1b: Excadrill\n|-activate|p1b: Excadrill|move: Protect\n|\n|-weather|Sandstorm|[upkeep]\n|-damage|p2a: Froslass|93/100|[from] Sandstorm\n|-damage|p2b: Toxapex|94/100|[from] Sandstorm\n|-heal|p2b: Toxapex|100/100|[from] item: Leftovers\n|upkeep\n|turn|4\n|\n|t:|1788435484\n|detailschange|p2a: Froslass|Froslass-Mega, L50, F\n|-mega|p2a: Froslass|Froslass|Froslassite\n|-weather|Snowscape|[from] ability: Snow Warning|[of] p2a: Froslass\n|detailschange|p1a: Tyranitar|Tyranitar-Mega, L50, F\n|-mega|p1a: Tyranitar|Tyranitar|Tyranitarite\n|-weather|Sandstorm|[from] ability: Sand Stream|[of] p1a: Tyranitar\n|move|p1b: Excadrill|Stomping Tantrum|p2b: Toxapex\n|-supereffective|p2b: Toxapex|1\n|-damage|p2b: Toxapex|41/100\n|move|p2a: Froslass|Blizzard|p1a: Tyranitar|[spread] p1a,p1b\n|-crit|p1a: Tyranitar\n|-damage|p1a: Tyranitar|70/100\n|-damage|p1b: Excadrill|37/100\n|move|p1a: Tyranitar|Knock Off|p2a: Froslass\n|-supereffective|p2a: Froslass|1\n|-damage|p2a: Froslass|0 fnt\n|faint|p2a: Froslass\n|move|p2b: Toxapex|Infestation|p1b: Excadrill\n|-resisted|p1b: Excadrill|1\n|-damage|p1b: Excadrill|36/100\n|-activate|p1b: Excadrill|move: Infestation|[of] p2b: Toxapex\n|\n|-weather|Sandstorm|[upkeep]\n|-damage|p2b: Toxapex|36/100|[from] Sandstorm\n|-heal|p2b: Toxapex|41/100|[from] item: Leftovers\n|-damage|p1b: Excadrill|23/100|[from] move: Infestation|[partiallytrapped]\n|upkeep\n|\n|t:|1788435498\n|switch|p2a: Dragonite|Dragonite, L50, M|100/100\n|turn|5\n|\n|t:|1788435518\n|move|p2b: Toxapex|Wide Guard|p2b: Toxapex\n|-singleturn|p2b: Toxapex|Wide Guard\n|move|p1b: Excadrill|Stomping Tantrum|p2b: Toxapex\n|-supereffective|p2b: Toxapex|1\n|-damage|p2b: Toxapex|0 fnt\n|faint|p2b: Toxapex\n|move|p2a: Dragonite|Low Kick|p1a: Tyranitar\n|-supereffective|p1a: Tyranitar|2\n|-damage|p1a: Tyranitar|0 fnt\n|faint|p1a: Tyranitar\n|-damage|p2a: Dragonite|90/100|[from] item: Life Orb\n|\n|-weather|Sandstorm|[upkeep]\n|-damage|p2a: Dragonite|84/100|[from] Sandstorm\n|-end|p1b: Excadrill|Infestation|[partiallytrapped]|[silent]\n|upkeep\n|\n|t:|1788435532\n|switch|p1a: Milotic|Milotic, L50, F|100/100\n|turn|6\n|\n|t:|1788435538\n|move|p1b: Excadrill|Rock Slide|p2a: Dragonite\n|-supereffective|p2a: Dragonite|1\n|-damage|p2a: Dragonite|27/100\n|move|p2a: Dragonite|Low Kick|p1b: Excadrill\n|-supereffective|p1b: Excadrill|1\n|-damage|p1b: Excadrill|0 fnt\n|faint|p1b: Excadrill\n|-damage|p2a: Dragonite|17/100|[from] item: Life Orb\n|move|p1a: Milotic|Ice Beam|p2a: Dragonite\n|-supereffective|p2a: Dragonite|2\n|-damage|p2a: Dragonite|0 fnt\n|faint|p2a: Dragonite\n|\n|win|source0\n||hhammonobah is ready for game 2.\n|inactive|source0 has 30 seconds to confirm battle start!\n||source0 is ready for game 2.\n|uhtml|next|Next: <a href=\"/battle-gen9championsvgc2026regmbbo3-2674917169\"><strong>Game 2 of 3</strong></a>\n|l|☆hhammonobah\n|player|p2|\n","uploadtime":1788435813,"views":"0","formatid":"gen9championsvgc2026regmbbo3","rating":null,"private":0,"password":null}