{"id":"gen9championsvgc2026regmbbo3-2674531740","format":"[Gen 9 Champions] VGC 2026 Reg M-B (Bo3)","players":["shiram57","Gottkomplexe"],"log":"|j|☆shiram57\n|j|☆Gottkomplexe\n|html|<table width=\"100%\"><tr><td align=\"left\">shiram57</td><td align=\"right\">Gottkomplexe</tr><tr><td align=\"left\"><i class=\"fa fa-circle-o\"></i> <i class=\"fa fa-circle-o\"></i> </td><td align=\"right\"><i class=\"fa fa-circle-o\"></i> <i class=\"fa fa-circle-o\"></i> </tr></table>\n|uhtml|bestof|<h2><strong>Game 1</strong> of <a href=\"/game-bestof3-gen9championsvgc2026regmbbo3-2674531737\">a best-of-3</a></h2>\n|t:|1788370774\n|gametype|doubles\n|player|p1|shiram57|riley|1089\n|player|p2|Gottkomplexe|ilima|1283\n|gen|9\n|tier|[Gen 9 Champions] VGC 2026 Reg M-B (Bo3)\n|rated|\n|rule|Species Clause: Limit one of each Pokémon\n|rule|Item Clause: Limit 1 of each item\n|clearpoke\n|poke|p1|Staraptor, L50, F|\n|poke|p1|Floette-Eternal, L50, F|\n|poke|p1|Whimsicott, L50, M|\n|poke|p1|Basculegion, L50, M|\n|poke|p1|Kingambit, L50, M|\n|poke|p1|Sneasler, L50, F|\n|poke|p2|Sneasler, L50, M|\n|poke|p2|Delphox, L50, M|\n|poke|p2|Incineroar, L50, M|\n|poke|p2|Blastoise, L50, F|\n|poke|p2|Sinistcha, L50|\n|poke|p2|Kingambit, L50, F|\n|teampreview|4\n|showteam|p1|Staraptor||Staraptite|Intimidate|Roost,CloseCombat,Protect,BraveBird|Jolly||F|||50|]Floette-Eternal||Floettite|FlowerVeil|Moonblast,Protect,DazzlingGleam,CalmMind|Timid||F|||50|]Whimsicott||FairyFeather|Prankster|Tailwind,Moonblast,Protect,Charm|Timid||M|||50|]Basculegion||LifeOrb|Adaptability|LastRespects,Protect,AquaJet,WaveCrash|Jolly||M|||50|]Kingambit||RoseliBerry|Defiant|SuckerPunch,IronHead,Protect,KowtowCleave|Adamant||M|||50|]Sneasler||FocusSash|PoisonTouch|PoisonJab,FakeOut,CloseCombat,Protect|Jolly||F|||50|\n|showteam|p2|Sneasler||FocusSash|PoisonTouch|FakeOut,CloseCombat,PoisonJab,QuickGuard|Jolly||M|||50|]Delphox||Delphoxite|Blaze|HeatWave,Psychic,NastyPlot,Protect|Timid||M|||50|]Incineroar||SitrusBerry|Intimidate|FakeOut,FlareBlitz,HelpingHand,PartingShot|Impish||M|||50|]Blastoise||Blastoisinite|RainDish|WaterSpout,DarkPulse,ShellSmash,Protect|Modest||F|||50|]Sinistcha||ColburBerry|Hospitality|MatchaGotcha,RagePowder,TrickRoom,Protect|Bold|||||50|]Kingambit||LifeOrb|Defiant|KowtowCleave,SuckerPunch,SwordsDance,Protect|Adamant||F|||50|\n|inactive|Battle timer is ON: inactive players will automatically lose when time's up. (requested by Gottkomplexe)\n|inactive|shiram57 has 60 seconds left.\n|inactive|Gottkomplexe has 60 seconds left.\n|inactive|shiram57 has 30 seconds left.\n|inactive|shiram57 has 20 seconds left.\n|inactive|shiram57 has 15 seconds left.\n|inactive|shiram57 has 10 seconds left.\n|inactive|shiram57 has 5 seconds left.\n|\n|t:|1788370863\n|teamsize|p1|4\n|teamsize|p2|4\n|start\n|switch|p1a: Sneasler|Sneasler, L50, F|100/100\n|switch|p1b: Kingambit|Kingambit, L50, M|100/100\n|switch|p2a: Delphox|Delphox, L50, M|100/100\n|switch|p2b: Sneasler|Sneasler, L50, M|100/100\n|turn|1\n|inactive|Gottkomplexe has 30 seconds left.\n|inactive|Gottkomplexe has 20 seconds left.\n|inactive|Gottkomplexe has 15 seconds left.\n|inactive|Gottkomplexe has 10 seconds left.\n|\n|t:|1788370910\n|switch|p2a: Kingambit|Kingambit, L50, F|100/100\n|move|p1a: Sneasler|Fake Out|p2b: Sneasler\n|-damage|p2b: Sneasler|73/100\n|cant|p2b: Sneasler|flinch\n|move|p1b: Kingambit|Kowtow Cleave|p2a: Kingambit\n|-resisted|p2a: Kingambit|1\n|-damage|p2a: Kingambit|80/100\n|\n|upkeep\n|turn|2\n|inactive|shiram57 has 30 seconds left.\n|\n|t:|1788370938\n|switch|p2a: Sinistcha|Sinistcha, L50|100/100\n|-heal|p2b: Sneasler|98/100|[from] ability: Hospitality|[of] p2a: Sinistcha\n|switch|p1b: Basculegion|Basculegion, L50, M|100/100\n|move|p2b: Sneasler|Close Combat|p1b: Basculegion\n|-immune|p1b: Basculegion\n|move|p1a: Sneasler|Close Combat|p2a: Sinistcha\n|-immune|p2a: Sinistcha\n|\n|upkeep\n|turn|3\n|inactive|shiram57 has 30 seconds left.\n|inactive|Gottkomplexe has 30 seconds left.\n|\n|t:|1788370971\n|move|p2b: Sneasler|Poison Jab|p1b: Basculegion\n|-resisted|p1b: Basculegion|1\n|-damage|p1b: Basculegion|71/100\n|-status|p1b: Basculegion|psn\n|move|p1a: Sneasler|Poison Jab|p2a: Sinistcha\n|-damage|p2a: Sinistcha|62/100\n|move|p1b: Basculegion|Last Respects|p2b: Sneasler\n|-damage|p2b: Sneasler|27/100\n|-damage|p1b: Basculegion|62/100 psn|[from] item: Life Orb\n|move|p2a: Sinistcha|Matcha Gotcha|p1b: Basculegion|[spread] p1a,p1b\n|-resisted|p1a: Sneasler|1\n|-supereffective|p1b: Basculegion|1\n|-damage|p1a: Sneasler|84/100\n|-heal|p2a: Sinistcha|69/100|[from] drain|[of] p1a: Sneasler\n|-damage|p1b: Basculegion|6/100 psn\n|-heal|p2a: Sinistcha|100/100|[from] drain|[of] p1b: Basculegion\n|\n|-damage|p1b: Basculegion|0 fnt|[from] psn\n|faint|p1b: Basculegion\n|upkeep\n|\n|t:|1788370987\n|switch|p1b: Kingambit|Kingambit, L50, M|100/100\n|turn|4\n|inactive|shiram57 has 30 seconds left.\n|\n|t:|1788371020\n|switch|p1a: Floette|Floette-Eternal, L50, F|100/100\n|move|p1b: Kingambit|Protect|p1b: Kingambit\n|-singleturn|p1b: Kingambit|Protect\n|move|p2a: Sinistcha|Rage Powder|p2a: Sinistcha\n|-singleturn|p2a: Sinistcha|move: Rage Powder\n|move|p2b: Sneasler|Close Combat|p1b: Kingambit\n|-activate|p1b: Kingambit|move: Protect\n|\n|upkeep\n|turn|5\n|inactive|Gottkomplexe has 30 seconds left.\n|\n|t:|1788371054\n|switch|p1b: Sneasler|Sneasler, L50, F|84/100\n|move|p1a: Floette|Protect|p1a: Floette\n|-singleturn|p1a: Floette|Protect\n|move|p2a: Sinistcha|Protect|p2a: Sinistcha\n|-singleturn|p2a: Sinistcha|Protect\n|move|p2b: Sneasler|Poison Jab|p1a: Floette\n|-activate|p1a: Floette|move: Protect\n|\n|upkeep\n|turn|6\n|inactive|shiram57 has 30 seconds left.\n|inactive|Gottkomplexe has 30 seconds left.\n|inactive|shiram57 has 20 seconds left.\n|inactive|Gottkomplexe has 20 seconds left.\n|inactive|Gottkomplexe has 15 seconds left.\n|inactive|shiram57 has 15 seconds left.\n|\n|t:|1788371100\n|switch|p2b: Kingambit|Kingambit, L50, F|80/100\n|detailschange|p1a: Floette|Floette-Mega, L50, F\n|-mega|p1a: Floette|Floette|Floettite\n|-ability|p1a: Floette|Fairy Aura\n|move|p2a: Sinistcha|Protect||[still]\n|-fail|p2a: Sinistcha\n|move|p1b: Sneasler|Fake Out|p2b: Kingambit\n|-resisted|p2b: Kingambit|1\n|-damage|p2b: Kingambit|75/100\n|move|p1a: Floette|Dazzling Gleam|p2b: Kingambit|[spread] p2a,p2b\n|-damage|p2a: Sinistcha|65/100\n|-damage|p2b: Kingambit|44/100\n|\n|upkeep\n|turn|7\n|inactive|Gottkomplexe has 30 seconds left.\n|\n|t:|1788371125\n|switch|p1b: Kingambit|Kingambit, L50, M|100/100\n|move|p2b: Kingambit|Sucker Punch|p1a: Floette\n|-resisted|p1a: Floette|1\n|-damage|p1a: Floette|79/100\n|-damage|p2b: Kingambit|35/100|[from] item: Life Orb\n|move|p1a: Floette|Dazzling Gleam|p2a: Sinistcha|[spread] p2a,p2b\n|-damage|p2a: Sinistcha|28/100\n|-damage|p2b: Kingambit|2/100\n|move|p2a: Sinistcha|Matcha Gotcha|p1a: Floette|[spread] p1a,p1b\n|-resisted|p1b: Kingambit|1\n|-damage|p1a: Floette|62/100\n|-heal|p2a: Sinistcha|35/100|[from] drain|[of] p1a: Floette\n|-damage|p1b: Kingambit|89/100\n|-heal|p2a: Sinistcha|42/100|[from] drain|[of] p1b: Kingambit\n|-status|p1b: Kingambit|brn\n|\n|-damage|p1b: Kingambit|83/100 brn|[from] brn\n|upkeep\n|turn|8\n|inactive|shiram57 has 30 seconds left.\n|inactive|shiram57 has 20 seconds left.\n|\n|t:|1788371164\n|move|p2a: Sinistcha|Protect|p2a: Sinistcha\n|-singleturn|p2a: Sinistcha|Protect\n|move|p1a: Floette|Dazzling Gleam|p2a: Sinistcha|[spread] p2b\n|-activate|p2a: Sinistcha|move: Protect\n|-damage|p2b: Kingambit|0 fnt\n|faint|p2b: Kingambit\n|move|p1b: Kingambit|Kowtow Cleave|p2a: Sinistcha\n|-activate|p2a: Sinistcha|move: Protect\n|\n|-damage|p1b: Kingambit|77/100 brn|[from] brn\n|upkeep\n|\n|t:|1788371173\n|switch|p2b: Delphox|Delphox, L50, M|100/100\n|turn|9\n|inactive|Gottkomplexe has 30 seconds left.\n|inactive|Gottkomplexe has 20 seconds left.\n|inactive|Gottkomplexe has 15 seconds left.\n|inactive|Gottkomplexe has 10 seconds left.\n|\n|t:|1788371222\n|detailschange|p2b: Delphox|Delphox-Mega, L50, M\n|-mega|p2b: Delphox|Delphox|Delphoxite\n|move|p1b: Kingambit|Protect|p1b: Kingambit\n|-singleturn|p1b: Kingambit|Protect\n|move|p2a: Sinistcha|Rage Powder|p2a: Sinistcha\n|-singleturn|p2a: Sinistcha|move: Rage Powder\n|move|p2b: Delphox|Heat Wave|p1b: Kingambit|[spread] \n|-activate|p1b: Kingambit|move: Protect\n|-miss|p2b: Delphox|p1a: Floette\n|move|p1a: Floette|Moonblast|p2a: Sinistcha\n|-damage|p2a: Sinistcha|0 fnt\n|faint|p2a: Sinistcha\n|\n|-damage|p1b: Kingambit|71/100 brn|[from] brn\n|upkeep\n|\n|t:|1788371225\n|switch|p2a: Sneasler|Sneasler, L50, M|27/100\n|turn|10\n|inactive|Gottkomplexe has 30 seconds left.\n|inactive|Gottkomplexe has 20 seconds left.\n|\n|t:|1788371264\n|move|p1a: Floette|Protect|p1a: Floette\n|-singleturn|p1a: Floette|Protect\n|move|p1b: Kingambit|Sucker Punch|p2a: Sneasler\n|-resisted|p2a: Sneasler|1\n|-crit|p2a: Sneasler\n|-damage|p2a: Sneasler|0 fnt\n|faint|p2a: Sneasler\n|move|p2b: Delphox|Heat Wave|p1b: Kingambit|[spread] \n|-activate|p1a: Floette|move: Protect\n|-miss|p2b: Delphox|p1b: Kingambit\n|\n|-damage|p1b: Kingambit|66/100 brn|[from] brn\n|upkeep\n|turn|11\n|\n|t:|1788371279\n|move|p1b: Kingambit|Sucker Punch||[still]\n|-fail|p1b: Kingambit\n|move|p2b: Delphox|Nasty Plot|p2b: Delphox\n|-boost|p2b: Delphox|spa|2\n|move|p1a: Floette|Moonblast|p2b: Delphox\n|-resisted|p2b: Delphox|1\n|-damage|p2b: Delphox|72/100\n|\n|-damage|p1b: Kingambit|60/100 brn|[from] brn\n|upkeep\n|turn|12\n|\n|t:|1788371291\n|move|p1a: Floette|Protect|p1a: Floette\n|-singleturn|p1a: Floette|Protect\n|move|p1b: Kingambit|Sucker Punch|p2b: Delphox\n|-supereffective|p2b: Delphox|1\n|-damage|p2b: Delphox|19/100\n|move|p2b: Delphox|Heat Wave|p1a: Floette|[spread] p1b\n|-activate|p1a: Floette|move: Protect\n|-supereffective|p1b: Kingambit|1\n|-damage|p1b: Kingambit|0 fnt\n|faint|p1b: Kingambit\n|\n|upkeep\n|\n|t:|1788371296\n|switch|p1b: Sneasler|Sneasler, L50, F|84/100\n|turn|13\n|\n|t:|1788371300\n|move|p2b: Delphox|Protect|p2b: Delphox\n|-singleturn|p2b: Delphox|Protect\n|move|p1b: Sneasler|Fake Out|p2b: Delphox\n|-activate|p2b: Delphox|move: Protect\n|move|p1a: Floette|Calm Mind|p1a: Floette\n|-boost|p1a: Floette|spa|1\n|-boost|p1a: Floette|spd|1\n|\n|upkeep\n|turn|14\n|\n|t:|1788371308\n|move|p2b: Delphox|Heat Wave|p1a: Floette|[spread] p1a,p1b\n|-damage|p1a: Floette|23/100\n|-damage|p1b: Sneasler|0 fnt\n|faint|p1b: Sneasler\n|move|p1a: Floette|Moonblast|p2b: Delphox\n|-resisted|p2b: Delphox|1\n|-damage|p2b: Delphox|0 fnt\n|faint|p2b: Delphox\n|\n|win|shiram57\n||Gottkomplexe is ready for game 2.\n","uploadtime":1788371313,"views":"21","formatid":"gen9championsvgc2026regmbbo3","rating":null,"private":0,"password":null}