{"id":"gen9championsvgc2026regmb-2674626011","format":"[Gen 9 Champions] VGC 2026 Reg M-B","players":["maflamike","LanternComic"],"log":"|j|☆maflamike\n|j|☆LanternComic\n|html|<table width=\"100%\"><tr><td align=\"left\">maflamike</td><td align=\"right\">LanternComic</tr><tr><td align=\"left\"><i class=\"fa fa-circle-o\"></i> <i class=\"fa fa-circle-o\"></i> </td><td align=\"right\"><i class=\"fa fa-circle-o\"></i> <i class=\"fa fa-circle-o\"></i> </tr></table>\n|uhtml|bestof|<h2><strong>Game 1</strong> of <a href=\"/game-bestof3-gen9championsvgc2026regmb-2674626010\">a best-of-3</a></h2>\n|t:|1788381909\n|gametype|doubles\n|player|p1|maflamike|li|\n|player|p2|LanternComic|1|\n|gen|9\n|tier|[Gen 9 Champions] VGC 2026 Reg M-B\n|rated|Tournament battle\n|rule|Species Clause: Limit one of each Pokémon\n|rule|Item Clause: Limit 1 of each item\n|raw|<div class=\"infobox\"><details class=\"readmore\" open><summary><strong>2 custom rules:</strong></summary> Force Open Team Sheets, Best of = 3</details></div>\n|clearpoke\n|poke|p1|Swampert, L50, M|\n|poke|p1|Pelipper, L50, M|\n|poke|p1|Archaludon, L50, M|\n|poke|p1|Sinistcha, L50|\n|poke|p1|Mawile, L50, F|\n|poke|p1|Grimmsnarl, L50, M|\n|poke|p2|Delphox, L50, F|\n|poke|p2|Staraptor, L50, F, shiny|\n|poke|p2|Whimsicott, L50, M|\n|poke|p2|Kingambit, L50, F, shiny|\n|poke|p2|Sneasler, L50, F, shiny|\n|poke|p2|Rotom-Wash, L50|\n|teampreview|4\n|showteam|p1|Swampert||Swampertite|Damp|WaveCrash,Earthquake,IcePunch,Protect|Adamant||M|||50|]Pelipper||SitrusBerry|Drizzle|Hurricane,WeatherBall,Tailwind,WideGuard|Modest||M|||50|]Archaludon||Leftovers|Stamina|ElectroShot,DragonPulse,FlashCannon,Protect|Modest||M|||50|]Sinistcha||CobaBerry|Hospitality|MatchaGotcha,RagePowder,TrickRoom,Protect|Relaxed|||||50|]Mawile||Mawilite|HyperCutter|Protect,PlayRough,SwordsDance,SuckerPunch|Brave||F|||50|]Grimmsnarl||LightClay|Prankster|FoulPlay,PartingShot,LightScreen,Reflect|Careful||M|||50|\n|showteam|p2|Delphox||Delphoxite|Blaze|HeatWave,Psychic,Encore,Protect|Timid||F|||50|]Staraptor||Staraptite|Intimidate|BraveBird,CloseCombat,Roost,Protect|Adamant||F|||50|]Whimsicott||CobaBerry|Prankster|Moonblast,Charm,Tailwind,LightScreen|Bold||M|||50|]Kingambit||LifeOrb|Defiant|KowtowCleave,SuckerPunch,IronHead,Protect|Adamant||F|||50|]Sneasler||FocusSash|PoisonTouch|CloseCombat,PoisonJab,FakeOut,QuickGuard|Jolly||F|||50|]Rotom-Wash||SitrusBerry|Levitate|Thunderbolt,HydroPump,WillOWisp,Protect|Modest|||||50|\n|j| robinmuister\n|\n|t:|1788381928\n|teamsize|p1|4\n|teamsize|p2|4\n|start\n|switch|p1a: Grimmsnarl|Grimmsnarl, L50, M|100/100\n|switch|p1b: Mawile|Mawile, L50, F|100/100\n|switch|p2a: Fawkes|Staraptor, L50, F, shiny|100/100\n|switch|p2b: Frank|Whimsicott, L50, M|100/100\n|-ability|p2a: Fawkes|Intimidate|boost\n|-unboost|p1a: Grimmsnarl|atk|1\n|-fail|p1b: Mawile|unboost|atk|[from] ability: Hyper Cutter|[of] p1b: Mawile\n|turn|1\n|c|☆LanternComic|glhf\n|c|☆maflamike|you too\n|l| robinmuister\n|j| Just-A-Colress\n|j| PandaMan7567\n|\n|t:|1788381946\n|detailschange|p2a: Fawkes|Staraptor-Mega, L50, F, shiny\n|-mega|p2a: Fawkes|Staraptor|Staraptite\n|detailschange|p1b: Mawile|Mawile-Mega, L50, F\n|-mega|p1b: Mawile|Mawile|Mawilite\n|move|p2b: Frank|Charm|p1b: Mawile\n|-unboost|p1b: Mawile|atk|2\n|move|p1a: Grimmsnarl|Reflect|p1a: Grimmsnarl\n|-sidestart|p1: maflamike|Reflect\n|move|p2a: Fawkes|Close Combat|p1b: Mawile\n|-damage|p1b: Mawile|56/100\n|-boost|p2a: Fawkes|def|1\n|-boost|p2a: Fawkes|spd|1\n|move|p1b: Mawile|Play Rough|p2a: Fawkes\n|-supereffective|p2a: Fawkes|1\n|-crit|p2a: Fawkes\n|-damage|p2a: Fawkes|0 fnt\n|faint|p2a: Fawkes\n|\n|upkeep\n|j| robinmuister\n|c|☆maflamike|ooh\n|c|☆LanternComic|shit\n|c|☆maflamike|my bad\n|\n|t:|1788381963\n|switch|p2a: Ghostmaker|Sneasler, L50, F, shiny|100/100\n|turn|2\n|c| robinmuister|This guy is just lucky every set\n|c|☆LanternComic|could be worse\n|c| robinmuister|Isnt he\n|c|☆maflamike|it didnt matter against you robin\n|c| robinmuister|Yes it did\n|c|☆maflamike|nope\n|c| robinmuister|I needed.floette to deal.with arch\n|\n|t:|1788381996\n|switch|p1b: Pelipper|Pelipper, L50, M|100/100\n|-weather|RainDance|[from] ability: Drizzle|[of] p1b: Pelipper\n|move|p1a: Grimmsnarl|Light Screen|p1a: Grimmsnarl\n|-sidestart|p1: maflamike|move: Light Screen\n|move|p2a: Ghostmaker|Close Combat|p1b: Pelipper\n|-resisted|p1b: Pelipper|1\n|-damage|p1b: Pelipper|77/100\n|-unboost|p2a: Ghostmaker|def|1\n|-unboost|p2a: Ghostmaker|spd|1\n|move|p2b: Frank|Moonblast|p1b: Pelipper\n|-damage|p1b: Pelipper|56/100\n|\n|-weather|RainDance|[upkeep]\n|upkeep\n|turn|3\n|c| robinmuister|And I low roll.light of ruin\n|\n|t:|1788382012\n|switch|p2a: Tatsu|Kingambit, L50, F, shiny|100/100\n|move|p2b: Frank|Light Screen|p2b: Frank\n|-sidestart|p2: LanternComic|move: Light Screen\n|move|p1a: Grimmsnarl|Parting Shot|p2a: Tatsu\n|-hint|Since gen 7, Dark is immune to Prankster moves.\n|-immune|p2a: Tatsu\n|move|p1b: Pelipper|Hurricane|p2b: Frank\n|-supereffective|p2b: Frank|1\n|-enditem|p2b: Frank|Coba Berry|[eat]\n|-enditem|p2b: Frank|Coba Berry|[weaken]\n|-damage|p2b: Frank|60/100\n|\n|-weather|RainDance|[upkeep]\n|upkeep\n|turn|4\n|c| robinmuister|How can it not matter\n|\n|t:|1788382029\n|switch|p1a: Sinistcha|Sinistcha, L50|100/100\n|-heal|p1b: Pelipper|80/100|[from] ability: Hospitality|[of] p1a: Sinistcha\n|move|p2b: Frank|Tailwind|p2b: Frank\n|-sidestart|p2: LanternComic|move: Tailwind\n|move|p2a: Tatsu|Iron Head|p1a: Sinistcha\n|-damage|p1a: Sinistcha|65/100\n|-damage|p2a: Tatsu|90/100|[from] item: Life Orb\n|move|p1b: Pelipper|Weather Ball|p2a: Tatsu\n|-damage|p2a: Tatsu|49/100\n|\n|-weather|RainDance|[upkeep]\n|upkeep\n|turn|5\n|c|☆maflamike|never mattered\n|c| robinmuister|Explain\n|\n|t:|1788382045\n|move|p1a: Sinistcha|Protect|p1a: Sinistcha\n|-singleturn|p1a: Sinistcha|Protect\n|move|p2b: Frank|Moonblast|p1b: Pelipper\n|-damage|p1b: Pelipper|61/100\n|move|p2a: Tatsu|Kowtow Cleave|p1b: Pelipper\n|-damage|p1b: Pelipper|16/100\n|-enditem|p1b: Pelipper|Sitrus Berry|[eat]\n|-heal|p1b: Pelipper|41/100|[from] item: Sitrus Berry\n|-damage|p2a: Tatsu|39/100|[from] item: Life Orb\n|move|p1b: Pelipper|Weather Ball|p2a: Tatsu\n|-damage|p2a: Tatsu|3/100\n|\n|-weather|RainDance|[upkeep]\n|upkeep\n|turn|6\n|c|☆maflamike|let me break it down\n|c| robinmuister|Sure\n|c|☆maflamike|https://giphy.com/gifs/redbull-rbtv-bc-one-26xBu41ZBfmzHtD44\n|\n|t:|1788382080\n|switch|p1a: Grimmsnarl|Grimmsnarl, L50, M|100/100\n|move|p2b: Frank|Moonblast|p1b: Pelipper\n|-damage|p1b: Pelipper|18/100\n|move|p2a: Tatsu|Kowtow Cleave|p1a: Grimmsnarl\n|-resisted|p1a: Grimmsnarl|2\n|-damage|p1a: Grimmsnarl|88/100\n|-damage|p2a: Tatsu|0 fnt|[from] item: Life Orb\n|faint|p2a: Tatsu\n|move|p1b: Pelipper|Weather Ball|p2b: Frank\n|-resisted|p2b: Frank|1\n|-damage|p2b: Frank|35/100\n|\n|-weather|none\n|upkeep\n|c| robinmuister|Hahah\n|c|☆maflamike|ik it mattered\n|\n|t:|1788382088\n|switch|p2a: Ghostmaker|Sneasler, L50, F, shiny|100/100\n|turn|7\n|j| trevyah\n|c| robinmuister|The breakdance lol\n|\n|t:|1788382108\n|move|p1a: Grimmsnarl|Parting Shot|p2a: Ghostmaker\n|-unboost|p2a: Ghostmaker|atk|1\n|-unboost|p2a: Ghostmaker|spa|1\n|\n|t:|1788382112\n|switch|p1a: Sinistcha|Sinistcha, L50|65/100|[from] Parting Shot\n|-heal|p1b: Pelipper|43/100|[from] ability: Hospitality|[of] p1a: Sinistcha\n|move|p2a: Ghostmaker|Poison Jab|p1a: Sinistcha\n|-damage|p1a: Sinistcha|48/100\n|move|p2b: Frank|Moonblast|p1b: Pelipper\n|-damage|p1b: Pelipper|22/100\n|move|p1b: Pelipper|Tailwind|p1b: Pelipper\n|-sidestart|p1: maflamike|move: Tailwind\n|\n|-sideend|p2: LanternComic|move: Light Screen\n|-sideend|p2: LanternComic|move: Tailwind\n|upkeep\n|turn|8\n|\n|t:|1788382134\n|switch|p1b: Grimmsnarl|Grimmsnarl, L50, M|88/100\n|move|p1a: Sinistcha|Protect|p1a: Sinistcha\n|-singleturn|p1a: Sinistcha|Protect\n|move|p2b: Frank|Light Screen|p2b: Frank\n|-sidestart|p2: LanternComic|move: Light Screen\n|move|p2a: Ghostmaker|Poison Jab|p1b: Grimmsnarl\n|-supereffective|p1b: Grimmsnarl|1\n|-damage|p1b: Grimmsnarl|50/100g\n|-status|p1b: Grimmsnarl|psn|[from] ability: Poison Touch|[of] p2a: Ghostmaker\n|\n|-damage|p1b: Grimmsnarl|38/100 psn|[from] psn\n|-sideend|p1: maflamike|Reflect\n|upkeep\n|turn|9\n|\n|t:|1788382150\n|move|p2a: Ghostmaker|Poison Jab|p1a: Sinistcha\n|-damage|p1a: Sinistcha|23/100\n|move|p1a: Sinistcha|Matcha Gotcha|p2a: Ghostmaker|[spread] p2b\n|-miss|p1a: Sinistcha|p2a: Ghostmaker\n|-resisted|p2b: Frank|1\n|-damage|p2b: Frank|24/100\n|-heal|p1a: Sinistcha|28/100|[from] drain|[of] p2b: Frank\n|move|p1b: Grimmsnarl|Foul Play|p2a: Ghostmaker\n|-resisted|p2a: Ghostmaker|1\n|-damage|p2a: Ghostmaker|71/100\n|move|p2b: Frank|Moonblast|p1a: Sinistcha\n|-damage|p1a: Sinistcha|10/100\n|\n|-damage|p1b: Grimmsnarl|25/100 psn|[from] psn\n|-sideend|p1: maflamike|move: Light Screen\n|upkeep\n|turn|10\n|j| Pokecraft15\n|l| robinmuister\n|l| trevyah\n|\n|t:|1788382179\n|move|p2a: Ghostmaker|Poison Jab|p1a: Sinistcha\n|-damage|p1a: Sinistcha|0 fnt\n|faint|p1a: Sinistcha\n|move|p1b: Grimmsnarl|Foul Play|p2a: Ghostmaker\n|-resisted|p2a: Ghostmaker|1\n|-damage|p2a: Ghostmaker|45/100\n|move|p2b: Frank|Moonblast|p1b: Grimmsnarl\n|-supereffective|p1b: Grimmsnarl|1\n|-damage|p1b: Grimmsnarl|0 fnt\n|faint|p1b: Grimmsnarl\n|\n|-sideend|p1: maflamike|move: Tailwind\n|upkeep\n|\n|t:|1788382182\n|switch|p1a: Pelipper|Pelipper, L50, M|22/100\n|switch|p1b: Mawile|Mawile-Mega, L50, F|56/100\n|-weather|RainDance|[from] ability: Drizzle|[of] p1a: Pelipper\n|turn|11\n|\n|t:|1788382208\n|move|p2b: Frank|Charm|p1b: Mawile\n|-unboost|p1b: Mawile|atk|2\n|move|p1b: Mawile|Sucker Punch||[still]\n|-fail|p1b: Mawile\n|move|p2a: Ghostmaker|Poison Jab|p1a: Pelipper\n|-damage|p1a: Pelipper|0 fnt\n|faint|p1a: Pelipper\n|\n|-weather|RainDance|[upkeep]\n|upkeep\n|turn|12\n|\n|t:|1788382218\n|move|p2a: Ghostmaker|Close Combat|p1b: Mawile\n|-damage|p1b: Mawile|18/100\n|-unboost|p2a: Ghostmaker|def|1\n|-unboost|p2a: Ghostmaker|spd|1\n|move|p2b: Frank|Moonblast|p1b: Mawile\n|-resisted|p1b: Mawile|1\n|-damage|p1b: Mawile|4/100\n|move|p1b: Mawile|Play Rough|p2a: Ghostmaker\n|-damage|p2a: Ghostmaker|0 fnt\n|faint|p2a: Ghostmaker\n|\n|-weather|RainDance|[upkeep]\n|-sideend|p2: LanternComic|move: Light Screen\n|upkeep\n|turn|13\n|\n|t:|1788382227\n|move|p1b: Mawile|Sucker Punch|p2b: Frank\n|-resisted|p2b: Frank|1\n|-damage|p2b: Frank|13/100\n|move|p2b: Frank|Moonblast|p1b: Mawile\n|-resisted|p1b: Mawile|1\n|-damage|p1b: Mawile|0 fnt\n|faint|p1b: Mawile\n|\n|win|LanternComic\n|c|☆LanternComic|gg wp\n|c|☆maflamike|ggs\n|l| Just-A-Colress\n|l|☆maflamike\n|player|p1|\n","uploadtime":1788382234,"views":"26","formatid":"gen9championsvgc2026regmb","rating":null,"private":0,"password":null}