{"id":"gen9championsvgc2026regmbbo3-2674514274","format":"[Gen 9 Champions] VGC 2026 Reg M-B (Bo3)","players":["Flipsicle","bronzongbroomsvgc"],"log":"|j|☆Flipsicle\n|j|☆bronzongbroomsvgc\n|html|<table width=\"100%\"><tr><td align=\"left\">Flipsicle</td><td align=\"right\">bronzongbroomsvgc</tr><tr><td align=\"left\"><i class=\"fa fa-circle\"></i> <i class=\"fa fa-circle-o\"></i> </td><td align=\"right\"><i class=\"fa fa-circle-o\"></i> <i class=\"fa fa-circle\"></i> </tr></table>\n|uhtml|bestof|<h2><strong>Game 3</strong> of <a href=\"/game-bestof3-gen9championsvgc2026regmbbo3-2674508850\">a best-of-3</a></h2>\n|t:|1788368768\n|gametype|doubles\n|player|p1|Flipsicle|elesa-masters|\n|player|p2|bronzongbroomsvgc|1|\n|gen|9\n|tier|[Gen 9 Champions] VGC 2026 Reg M-B (Bo3)\n|rule|Species Clause: Limit one of each Pokémon\n|rule|Item Clause: Limit 1 of each item\n|clearpoke\n|poke|p1|Dragonite, L50, F|\n|poke|p1|Sylveon, L50, F|\n|poke|p1|Sneasler, L50, F|\n|poke|p1|Aerodactyl, L50, M|\n|poke|p1|Garchomp, L50, M|\n|poke|p1|Kingambit, L50, F|\n|poke|p2|Toxapex, L50, F|\n|poke|p2|Incineroar, L50, M|\n|poke|p2|Sinistcha, L50|\n|poke|p2|Charizard, L50, M|\n|poke|p2|Floette-Eternal, L50, F|\n|poke|p2|Garchomp, L50, M|\n|teampreview|4\n|showteam|p1|Dragonite||Dragoninite|Multiscale|DragonPulse,HeatWave,ExtremeSpeed,Protect|Modest||F|||50|]Sylveon||ChoiceScarf|Pixilate|HyperVoice,HyperBeam,Moonblast,QuickAttack|Timid||F|||50|]Sneasler||FocusSash|PoisonTouch|PoisonJab,CloseCombat,FakeOut,Protect|Adamant||F|||50|]Aerodactyl||Aerodactylite|Unnerve|DualWingbeat,Protect,WideGuard,Tailwind|Adamant||M|||50|]Garchomp||LifeOrb|RoughSkin|Earthquake,DragonClaw,RockSlide,Protect|Jolly||M|||50|]Kingambit||ChopleBerry|Defiant|KowtowCleave,SuckerPunch,IronHead,Protect|Adamant||F|||50|\n|showteam|p2|Toxapex||Leftovers|Regenerator|BanefulBunker,WideGuard,Toxic,Infestation|Relaxed||F|||50|]Incineroar||SitrusBerry|Intimidate|FakeOut,ThroatChop,FlareBlitz,PartingShot|Adamant||M|||50|]Sinistcha||ColburBerry|Hospitality|MatchaGotcha,TrickRoom,Protect,RagePowder|Quiet|||||50|]Charizard||CharizarditeY|Blaze|HeatWave,AncientPower,WeatherBall,Protect|Timid||M|||50|]Floette-Eternal||Floettite|FlowerVeil|Moonblast,DazzlingGleam,LightofRuin,Protect|Modest||F|||50|]Garchomp||ChoiceScarf|RoughSkin|Earthquake,RockSlide,DragonClaw,StompingTantrum|Adamant||M|||50|\n|c|☆Flipsicle|glhf\n|c|☆bronzongbroomsvgc|u2\n|\n|t:|1788368821\n|teamsize|p1|4\n|teamsize|p2|4\n|start\n|switch|p1a: Kingambit|Kingambit, L50, F|100/100\n|switch|p1b: Dragonite|Dragonite, L50, F|100/100\n|switch|p2a: Toxapex|Toxapex, L50, F|100/100\n|switch|p2b: Incineroar|Incineroar, L50, M|100/100\n|-ability|p2b: Incineroar|Intimidate|boost\n|-unboost|p1a: Kingambit|atk|1\n|-ability|p1a: Kingambit|Defiant|boost\n|-boost|p1a: Kingambit|atk|2\n|-unboost|p1b: Dragonite|atk|1\n|turn|1\n|\n|t:|1788368839\n|switch|p1b: Sneasler|Sneasler, L50, F|100/100\n|move|p2b: Incineroar|Flare Blitz|p1a: Kingambit\n|-supereffective|p1a: Kingambit|1\n|-damage|p1a: Kingambit|24/100\n|-damage|p2b: Incineroar|73/100|[from] Recoil\n|move|p1a: Kingambit|Kowtow Cleave|p2a: Toxapex\n|-damage|p2a: Toxapex|56/100\n|move|p2a: Toxapex|Toxic|p1b: Sneasler\n|-immune|p1b: Sneasler\n|\n|-heal|p2a: Toxapex|61/100|[from] item: Leftovers\n|upkeep\n|turn|2\n|\n|t:|1788368861\n|switch|p2b: Garchomp|Garchomp, L50, M|100/100\n|move|p2a: Toxapex|Baneful Bunker|p2a: Toxapex\n|-singleturn|p2a: Toxapex|move: Protect\n|move|p1b: Sneasler|Close Combat|p2b: Garchomp\n|-damage|p2b: Garchomp|42/100\n|-unboost|p1b: Sneasler|def|1\n|-unboost|p1b: Sneasler|spd|1\n|-damage|p1b: Sneasler|87/100|[from] ability: Rough Skin|[of] p2b: Garchomp\n|move|p1a: Kingambit|Kowtow Cleave|p2b: Garchomp\n|-crit|p2b: Garchomp\n|-damage|p2b: Garchomp|0 fnt\n|-damage|p1a: Kingambit|12/100|[from] ability: Rough Skin|[of] p2b: Garchomp\n|faint|p2b: Garchomp\n|\n|-heal|p2a: Toxapex|67/100|[from] item: Leftovers\n|upkeep\n|\n|t:|1788368879\n|switch|p2b: Charizard|Charizard, L50, M|100/100\n|turn|3\n|\n|t:|1788368913\n|switch|p1b: Dragonite|Dragonite, L50, F|100/100\n|move|p2b: Charizard|Protect|p2b: Charizard\n|-singleturn|p2b: Charizard|Protect\n|move|p1a: Kingambit|Protect|p1a: Kingambit\n|-singleturn|p1a: Kingambit|Protect\n|move|p2a: Toxapex|Infestation|p1a: Kingambit\n|-activate|p1a: Kingambit|move: Protect\n|\n|-heal|p2a: Toxapex|73/100|[from] item: Leftovers\n|upkeep\n|turn|4\n|\n|t:|1788368929\n|detailschange|p1b: Dragonite|Dragonite-Mega, L50, F\n|-mega|p1b: Dragonite|Dragonite|Dragoninite\n|move|p2b: Charizard|Protect||[still]\n|-fail|p2b: Charizard\n|move|p1a: Kingambit|Sucker Punch|p2a: Toxapex\n|-damage|p2a: Toxapex|31/100\n|move|p1b: Dragonite|Dragon Pulse|p2a: Toxapex\n|-damage|p2a: Toxapex|0 fnt\n|faint|p2a: Toxapex\n|\n|upkeep\n|c|☆bronzongbroomsvgc|ok thats pretty bad I'd say\n|\n|t:|1788368945\n|switch|p2a: Incineroar|Incineroar, L50, M|73/100\n|-ability|p2a: Incineroar|Intimidate|boost\n|-unboost|p1a: Kingambit|atk|1\n|-ability|p1a: Kingambit|Defiant|boost\n|-boost|p1a: Kingambit|atk|2\n|-unboost|p1b: Dragonite|atk|1\n|turn|5\n|c|☆Flipsicle|gambit is faster than pex idk why i even did that\n|\n|t:|1788368964\n|detailschange|p2b: Charizard|Charizard-Mega-Y, L50, M\n|-mega|p2b: Charizard|Charizard|Charizardite Y\n|-weather|SunnyDay|[from] ability: Drought|[of] p2b: Charizard\n|move|p1b: Dragonite|Protect|p1b: Dragonite\n|-singleturn|p1b: Dragonite|Protect\n|move|p1a: Kingambit|Protect|p1a: Kingambit\n|-singleturn|p1a: Kingambit|Protect\n|move|p2a: Incineroar|Fake Out|p1b: Dragonite\n|-activate|p1b: Dragonite|move: Protect\n|move|p2b: Charizard|Ancient Power|p1b: Dragonite\n|-activate|p1b: Dragonite|move: Protect\n|\n|-weather|SunnyDay|[upkeep]\n|upkeep\n|turn|6\n|\n|t:|1788368977\n|move|p1a: Kingambit|Sucker Punch|p2a: Incineroar\n|-resisted|p2a: Incineroar|1\n|-damage|p2a: Incineroar|39/100\n|-enditem|p2a: Incineroar|Sitrus Berry|[eat]\n|-heal|p2a: Incineroar|64/100|[from] item: Sitrus Berry\n|move|p2b: Charizard|Heat Wave|p1a: Kingambit|[spread] p1a,p1b\n|-supereffective|p1a: Kingambit|1\n|-resisted|p1b: Dragonite|1\n|-damage|p1a: Kingambit|0 fnt\n|-damage|p1b: Dragonite|87/100\n|faint|p1a: Kingambit\n|move|p1b: Dragonite|Dragon Pulse|p2a: Incineroar\n|-damage|p2a: Incineroar|15/100\n|move|p2a: Incineroar|Flare Blitz|p1b: Dragonite\n|-resisted|p1b: Dragonite|1\n|-damage|p1b: Dragonite|52/100\n|-damage|p2a: Incineroar|4/100|[from] Recoil\n|\n|-weather|SunnyDay|[upkeep]\n|upkeep\n|\n|t:|1788368986\n|switch|p1a: Sneasler|Sneasler, L50, F|87/100\n|turn|7\n|\n|t:|1788368998\n|move|p1a: Sneasler|Fake Out|p2b: Charizard\n|-damage|p2b: Charizard|80/100\n|cant|p2b: Charizard|flinch\n|move|p1b: Dragonite|Dragon Pulse|p2a: Incineroar\n|-damage|p2a: Incineroar|0 fnt\n|faint|p2a: Incineroar\n|\n|-weather|SunnyDay|[upkeep]\n|upkeep\n|turn|8\n|\n|t:|1788369008\n|move|p1a: Sneasler|Poison Jab|p2b: Charizard\n|-crit|p2b: Charizard\n|-damage|p2b: Charizard|0 fnt\n|faint|p2b: Charizard\n|\n|win|Flipsicle\n|c|☆bronzongbroomsvgc|lol\n|c|☆Flipsicle|gg\n|c|☆bronzongbroomsvgc|gg\n|c|☆Flipsicle|that crit did nawt matter\n|c|☆bronzongbroomsvgc|losing chomp was bad\n|c|☆bronzongbroomsvgc|nah\n|c|☆Flipsicle|yeah\n|c|☆bronzongbroomsvgc|well I was gonna ancient power there\n|c|☆bronzongbroomsvgc|and if I boost I had a chance\n|c|☆Flipsicle|lol\n|c|☆Flipsicle|so true\n|c|☆bronzongbroomsvgc|last night I 1v4d because I got a boost\n|l|☆Flipsicle\n|player|p1|\n|c|☆bronzongbroomsvgc|can u save the eplay\n|j|☆Flipsicle\n|player|p1|Flipsicle|elesa-masters|\n","uploadtime":1788369177,"views":"11","formatid":"gen9championsvgc2026regmbbo3","rating":null,"private":0,"password":null}