{"id":"gen9championsvgc2026regmbbo3-2675003937","format":"[Gen 9 Champions] VGC 2026 Reg M-B (Bo3)","players":["chocapicorascapico","okkia3"],"log":"|j|☆chocapicorascapico\n|j|☆okkia3\n|html|<table width=\"100%\"><tr><td align=\"left\">chocapicorascapico</td><td align=\"right\">okkia3</tr><tr><td align=\"left\"><i class=\"fa fa-circle-o\"></i> <i class=\"fa fa-circle-o\"></i> </td><td align=\"right\"><i class=\"fa fa-circle-o\"></i> <i class=\"fa fa-circle\"></i> </tr></table>\n|uhtml|bestof|<h2><strong>Game 2</strong> of <a href=\"/game-bestof3-gen9championsvgc2026regmbbo3-2675002919\">a best-of-3</a></h2>\n|t:|1788447595\n|gametype|doubles\n|player|p1|chocapicorascapico|benga|1075\n|player|p2|okkia3|102|1131\n|gen|9\n|tier|[Gen 9 Champions] VGC 2026 Reg M-B (Bo3)\n|rated|\n|rule|Species Clause: Limit one of each Pokémon\n|rule|Item Clause: Limit 1 of each item\n|clearpoke\n|poke|p1|Swampert, L50, M|\n|poke|p1|Farigiraf, L50, F|\n|poke|p1|Incineroar, L50, M|\n|poke|p1|Pelipper, L50, F|\n|poke|p1|Hatterene, L50, F|\n|poke|p1|Hydrapple, L50, F|\n|poke|p2|Charizard, L50, M|\n|poke|p2|Whimsicott, L50, F|\n|poke|p2|Basculegion, L50, M|\n|poke|p2|Farigiraf, L50, F|\n|poke|p2|Kangaskhan, L50, F|\n|poke|p2|Sneasler, L50, M|\n|teampreview|4\n|showteam|p1|Swampert||Swampertite|Torrent|Earthquake,Waterfall,PoisonJab,BulkUp|Brave||M|||50|]Farigiraf||MentalHerb|ArmorTail|TrickRoom,AllySwitch,HyperVoice,Protect|Sassy||F|||50|]Incineroar||Leftovers|Intimidate|FakeOut,PartingShot,FlareBlitz,LashOut|Relaxed||M|||50|]Pelipper||SharpBeak|Drizzle|Hurricane,KnockOff,Roost,Protect|Sassy||F|||50|]Hatterene||WiseGlasses|MagicBounce|TrickRoom,MysticalFire,Protect,HealPulse|Sassy||F|||50|]Hydrapple||LifeOrb|Regenerator|EnergyBall,NastyPlot,FickleBeam,Protect|Quiet||F|||50|\n|showteam|p2|Charizard||CharizarditeY|SolarPower|WeatherBall,HeatWave,SolarBeam,Protect|Timid||M|||50|]Whimsicott||FocusSash|Prankster|Moonblast,Tailwind,SunnyDay,Encore|Timid||F|||50|]Basculegion||ChoiceScarf|Adaptability|WaveCrash,AquaJet,LastRespects,FlipTurn|Adamant||M|||50|]Farigiraf||SitrusBerry|ArmorTail|Psychic,HyperVoice,HelpingHand,TrickRoom|Modest||F|||50|]Kangaskhan||Kangaskhanite|Scrappy|FakeOut,DoubleEdge,DrainPunch,SuckerPunch|Adamant||F|||50|]Sneasler||WhiteHerb|Unburden|FakeOut,CloseCombat,DireClaw,RockTomb|Adamant||M|||50|\n|inactive|Battle timer is ON: inactive players will automatically lose when time's up. (requested by okkia3)\n|\n|t:|1788447603\n|teamsize|p1|4\n|teamsize|p2|4\n|start\n|switch|p1a: Swampert|Swampert, L50, M|100/100\n|switch|p1b: Hydrapple|Hydrapple, L50, F|100/100\n|switch|p2a: Basculegion|Basculegion, L50, M|100/100\n|switch|p2b: Farigiraf|Farigiraf, L50, F|100/100\n|turn|1\n|\n|t:|1788447617\n|switch|p2a: Kangaskhan|Kangaskhan, L50, F|100/100\n|detailschange|p1a: Swampert|Swampert-Mega, L50, M\n|-mega|p1a: Swampert|Swampert|Swampertite\n|move|p1b: Hydrapple|Protect|p1b: Hydrapple\n|-singleturn|p1b: Hydrapple|Protect\n|move|p2b: Farigiraf|Hyper Voice|p1b: Hydrapple|[spread] p1a\n|-activate|p1b: Hydrapple|move: Protect\n|-damage|p1a: Swampert|73/100\n|move|p1a: Swampert|Bulk Up|p1a: Swampert\n|-boost|p1a: Swampert|atk|1\n|-boost|p1a: Swampert|def|1\n|\n|upkeep\n|turn|2\n|inactive|chocapicorascapico has 30 seconds left.\n|\n|t:|1788447644\n|switch|p1b: Incineroar|Incineroar, L50, M|100/100\n|-ability|p1b: Incineroar|Intimidate|boost\n|-fail|p2a: Kangaskhan|unboost|atk|[from] ability: Scrappy|[of] p2a: Kangaskhan\n|-unboost|p2b: Farigiraf|atk|1\n|detailschange|p2a: Kangaskhan|Kangaskhan-Mega, L50, F\n|-mega|p2a: Kangaskhan|Kangaskhan|Kangaskhanite\n|move|p2a: Kangaskhan|Double-Edge|p1b: Incineroar\n|-damage|p1b: Incineroar|45/100\n|-crit|p1b: Incineroar\n|-damage|p1b: Incineroar|25/100\n|-hitcount|p1b: Incineroar|2\n|-damage|p2a: Kangaskhan|73/100|[from] Recoil\n|move|p2b: Farigiraf|Psychic|p1b: Incineroar\n|-immune|p1b: Incineroar\n|move|p1a: Swampert|Bulk Up|p1a: Swampert\n|-boost|p1a: Swampert|atk|1\n|-boost|p1a: Swampert|def|1\n|\n|-heal|p1b: Incineroar|31/100|[from] item: Leftovers\n|upkeep\n|turn|3\n|inactive|chocapicorascapico has 30 seconds left.\n|\n|t:|1788447671\n|move|p2a: Kangaskhan|Double-Edge|p1b: Incineroar\n|-damage|p1b: Incineroar|0 fnt\n|faint|p1b: Incineroar\n|-damage|p2a: Kangaskhan|61/100|[from] Recoil\n|move|p2b: Farigiraf|Hyper Voice|p1a: Swampert\n|-damage|p1a: Swampert|35/100\n|move|p1a: Swampert|Waterfall|p2a: Kangaskhan\n|-damage|p2a: Kangaskhan|0 fnt\n|faint|p2a: Kangaskhan\n|\n|upkeep\n|\n|t:|1788447684\n|switch|p2a: Basculegion|Basculegion, L50, M|100/100\n|switch|p1b: Hatterene|Hatterene, L50, F|100/100\n|turn|4\n|\n|t:|1788447692\n|switch|p1a: Hydrapple|Hydrapple, L50, F|100/100\n|move|p2a: Basculegion|Wave Crash|p1a: Hydrapple\n|-resisted|p1a: Hydrapple|2\n|-damage|p1a: Hydrapple|84/100\n|-damage|p2a: Basculegion|94/100|[from] Recoil\n|move|p2b: Farigiraf|Psychic|p1a: Hydrapple\n|-damage|p1a: Hydrapple|46/100\n|move|p1b: Hatterene|Trick Room|p1b: Hatterene\n|-fieldstart|move: Trick Room|[of] p1b: Hatterene\n|\n|upkeep\n|turn|5\n|inactive|chocapicorascapico has 30 seconds left.\n|\n|t:|1788447720\n|switch|p2a: Sneasler|Sneasler, L50, M|100/100\n|move|p1b: Hatterene|Heal Pulse|p1a: Hydrapple\n|-heal|p1a: Hydrapple|96/100\n|move|p1a: Hydrapple|Nasty Plot|p1a: Hydrapple\n|-boost|p1a: Hydrapple|spa|2\n|move|p2b: Farigiraf|Hyper Voice|p1a: Hydrapple|[spread] p1a,p1b\n|-damage|p1a: Hydrapple|68/100\n|-damage|p1b: Hatterene|72/100\n|\n|upkeep\n|turn|6\n|\n|t:|1788447740\n|switch|p2b: Basculegion|Basculegion, L50, M|94/100\n|move|p1b: Hatterene|Heal Pulse|p1a: Hydrapple\n|-heal|p1a: Hydrapple|100/100\n|move|p1a: Hydrapple|Fickle Beam|p2a: Sneasler\n|-damage|p2a: Sneasler|0 fnt\n|faint|p2a: Sneasler\n|-damage|p1a: Hydrapple|90/100|[from] item: Life Orb\n|\n|upkeep\n|\n|t:|1788447740\n|switch|p2a: Farigiraf|Farigiraf, L50, F|100/100\n|turn|7\n|\n|t:|1788447757\n|move|p1b: Hatterene|Heal Pulse|p1a: Hydrapple\n|-heal|p1a: Hydrapple|100/100\n|move|p1a: Hydrapple|Energy Ball|p2b: Basculegion\n|-supereffective|p2b: Basculegion|1\n|-damage|p2b: Basculegion|0 fnt\n|faint|p2b: Basculegion\n|-damage|p1a: Hydrapple|90/100|[from] item: Life Orb\n|move|p2a: Farigiraf|Hyper Voice|p1b: Hatterene|[spread] p1a,p1b\n|-damage|p1a: Hydrapple|61/100\n|-damage|p1b: Hatterene|45/100\n|\n|upkeep\n|turn|8\n|\n|t:|1788447772\n|move|p1b: Hatterene|Heal Pulse|p1a: Hydrapple\n|-heal|p1a: Hydrapple|100/100\n|move|p1a: Hydrapple|Fickle Beam|p2a: Farigiraf|[anim] Fickle Beam All Out\n|-activate|p1a: Hydrapple|move: Fickle Beam\n|-damage|p2a: Farigiraf|0 fnt\n|faint|p2a: Farigiraf\n|-damage|p1a: Hydrapple|90/100|[from] item: Life Orb\n|\n|win|chocapicorascapico\n","uploadtime":1788447772,"views":"1","formatid":"gen9championsvgc2026regmbbo3","rating":null,"private":0,"password":null}