{"id":"gen9championsvgc2026regmb-2674057339","format":"[Gen 9 Champions] VGC 2026 Reg M-B","players":["jaredshane","berryjuicejoy"],"log":"|j|☆jaredshane\n|j|☆berryjuicejoy\n|t:|1788293491\n|gametype|doubles\n|player|p1|jaredshane|steven|1446\n|player|p2|berryjuicejoy|karen-gen2|1425\n|gen|9\n|tier|[Gen 9 Champions] VGC 2026 Reg M-B\n|rated|\n|rule|Species Clause: Limit one of each Pokémon\n|rule|Item Clause: Limit 1 of each item\n|clearpoke\n|poke|p1|Charizard, L50, F, shiny|\n|poke|p1|Grimmsnarl, L50, M, shiny|\n|poke|p1|Archaludon, L50, F, shiny|\n|poke|p1|Pelipper, L50, F, shiny|\n|poke|p1|Venusaur, L50, M, shiny|\n|poke|p1|Swampert, L50, F, shiny|\n|poke|p2|Farigiraf, L50, M|\n|poke|p2|Blaziken, L50, M, shiny|\n|poke|p2|Mawile, L50, M|\n|poke|p2|Milotic, L50, M|\n|poke|p2|Sableye, L50, M|\n|poke|p2|Raichu, L50, F|\n|teampreview|4\njaredshane has agreed to open team sheets.\n|inactive|Battle timer is ON: inactive players will automatically lose when time's up. (requested by jaredshane)\n|inactive|jaredshane has 60 seconds left.\n|\n|t:|1788293577\n|teamsize|p1|4\n|teamsize|p2|4\n|start\n|switch|p1a: Grimmsnarl|Grimmsnarl, L50, M, shiny|100/100\n|switch|p1b: Archaludon|Archaludon, L50, F, shiny|100/100\n|switch|p2a: Sableye|Sableye, L50, M|100/100\n|switch|p2b: Milotic|Milotic, L50, M|100/100\n|turn|1\n|\n|t:|1788293599\n|move|p2a: Sableye|Fake Out|p1b: Archaludon\n|-resisted|p1b: Archaludon|1\n|-damage|p1b: Archaludon|96/100\n|-ability|p1b: Archaludon|Stamina|boost\n|-boost|p1b: Archaludon|def|1\n|cant|p1b: Archaludon|flinch\n|move|p2b: Milotic|Coil|p2b: Milotic\n|-boost|p2b: Milotic|atk|1\n|-boost|p2b: Milotic|def|1\n|-boost|p2b: Milotic|accuracy|1\n|move|p1a: Grimmsnarl|Spirit Break|p2b: Milotic\n|-damage|p2b: Milotic|84/100\n|-unboost|p2b: Milotic|spa|1\n|-ability|p2b: Milotic|Competitive|boost\n|-boost|p2b: Milotic|spa|2\n|\n|-heal|p1b: Archaludon|100/100|[from] item: Leftovers\n|upkeep\n|turn|2\n|inactive|jaredshane has 30 seconds left.\n|\n|t:|1788293628\n|move|p2a: Sableye|Skill Swap|p2b: Milotic\n|-activate|p2a: Sableye|Skill Swap|||[of] p2b: Milotic\n|-hint|Skill Swap does not announce the abilities of the Pokémon when used between allies.\n|move|p2b: Milotic|Hypnosis|p1b: Archaludon\n|-status|p1b: Archaludon|slp|[from] move: Hypnosis\n|cant|p1b: Archaludon|slp\n|move|p1a: Grimmsnarl|Spirit Break|p2a: Sableye\n|-supereffective|p2a: Sableye|1\n|-damage|p2a: Sableye|19/100\n|-unboost|p2a: Sableye|spa|1\n|-ability|p2a: Sableye|Competitive|boost\n|-boost|p2a: Sableye|spa|2\n|\n|upkeep\n|turn|3\n|inactive|jaredshane has 30 seconds left.\n|inactive|jaredshane has 20 seconds left.\n|\n|t:|1788293668\n|move|p2b: Milotic|Coil|p2b: Milotic\n|-boost|p2b: Milotic|atk|1\n|-boost|p2b: Milotic|def|1\n|-boost|p2b: Milotic|accuracy|1\n|cant|p1b: Archaludon|slp\n|move|p1a: Grimmsnarl|Spirit Break|p2b: Milotic\n|-damage|p2b: Milotic|71/100\n|-unboost|p2b: Milotic|spa|1\n|move|p2a: Sableye|Will-O-Wisp|p1a: Grimmsnarl\n|-status|p1a: Grimmsnarl|brn\n|\n|-damage|p1a: Grimmsnarl|93/100 brn|[from] brn\n|upkeep\n|turn|4\n|\n|t:|1788293684\n|switch|p2a: Raichu|Raichu, L50, F|100/100\n|-curestatus|p1b: Archaludon|slp|[msg]\n|move|p1b: Archaludon|Dragon Pulse|p2a: Raichu\n|-damage|p2a: Raichu|46/100\n|move|p2b: Milotic|Scald|p1b: Archaludon\n|-resisted|p1b: Archaludon|1\n|-damage|p1b: Archaludon|86/100\n|-status|p1b: Archaludon|brn\n|-ability|p1b: Archaludon|Stamina|boost\n|-boost|p1b: Archaludon|def|1\n|move|p1a: Grimmsnarl|Spirit Break|p2b: Milotic\n|-damage|p2b: Milotic|64/100\n|-unboost|p2b: Milotic|spa|1\n|\n|-heal|p1b: Archaludon|92/100 brn|[from] item: Leftovers\n|-damage|p1b: Archaludon|86/100 brn|[from] brn\n|-damage|p1a: Grimmsnarl|87/100 brn|[from] brn\n|upkeep\n|turn|5\n|inactive|berryjuicejoy has 30 seconds left.\n|\n|t:|1788293713\n|detailschange|p2a: Raichu|Raichu-Mega-Y, L50, F\n|-mega|p2a: Raichu|Raichu|Raichunite Y\n|move|p1a: Grimmsnarl|Light Screen|p1a: Grimmsnarl\n|-sidestart|p1: jaredshane|move: Light Screen\n|move|p2a: Raichu|Focus Blast|p1b: Archaludon\n|-supereffective|p1b: Archaludon|1\n|-damage|p1b: Archaludon|29/100 brn\n|-ability|p1b: Archaludon|Stamina|boost\n|-boost|p1b: Archaludon|def|1\n|move|p1b: Archaludon|Dragon Pulse|p2a: Raichu\n|-damage|p2a: Raichu|0 fnt\n|faint|p2a: Raichu\n|move|p2b: Milotic|Scald|p1a: Grimmsnarl\n|-damage|p1a: Grimmsnarl|75/100 brn\n|\n|-heal|p1b: Archaludon|36/100 brn|[from] item: Leftovers\n|-damage|p1b: Archaludon|29/100 brn|[from] brn\n|-damage|p1a: Grimmsnarl|69/100 brn|[from] brn\n|upkeep\n|\n|t:|1788293722\n|switch|p2a: Blaziken|Blaziken, L50, M, shiny|100/100\n|turn|6\n|\n|t:|1788293733\n|move|p1b: Archaludon|Protect|p1b: Archaludon\n|-singleturn|p1b: Archaludon|Protect\n|move|p2b: Milotic|Recover|p2b: Milotic\n|-heal|p2b: Milotic|100/100\n|move|p1a: Grimmsnarl|Parting Shot|p2a: Blaziken\n|-unboost|p2a: Blaziken|atk|1\n|-unboost|p2a: Blaziken|spa|1\n|\n|t:|1788293746\n|switch|p1a: Swampert|Swampert, L50, F, shiny|100/100|[from] Parting Shot\n|move|p2a: Blaziken|Swords Dance|p2a: Blaziken\n|-boost|p2a: Blaziken|atk|2\n|\n|-heal|p1b: Archaludon|36/100 brn|[from] item: Leftovers\n|-damage|p1b: Archaludon|29/100 brn|[from] brn\n|-ability|p2a: Blaziken|Speed Boost|boost\n|-boost|p2a: Blaziken|spe|1\n|upkeep\n|turn|7\n|\n|t:|1788293766\n|switch|p1b: Pelipper|Pelipper, L50, F, shiny|100/100\n|-weather|RainDance|[from] ability: Drizzle|[of] p1b: Pelipper\n|detailschange|p1a: Swampert|Swampert-Mega, L50, F, shiny\n|-mega|p1a: Swampert|Swampert|Swampertite\n|move|p2b: Milotic|Hypnosis|p1a: Swampert\n|-status|p1a: Swampert|slp|[from] move: Hypnosis\n|move|p2a: Blaziken|Close Combat|p1b: Pelipper\n|-resisted|p1b: Pelipper|1\n|-damage|p1b: Pelipper|53/100\n|-unboost|p2a: Blaziken|def|1\n|-unboost|p2a: Blaziken|spd|1\n|cant|p1a: Swampert|slp\n|\n|-weather|RainDance|[upkeep]\n|-ability|p2a: Blaziken|Speed Boost|boost\n|-boost|p2a: Blaziken|spe|1\n|upkeep\n|turn|8\n|\n|t:|1788293784\n|move|p2b: Milotic|Hypnosis|p1b: Pelipper\n|-status|p1b: Pelipper|slp|[from] move: Hypnosis\n|move|p2a: Blaziken|Close Combat|p1a: Swampert\n|-damage|p1a: Swampert|29/100 slp\n|-unboost|p2a: Blaziken|def|1\n|-unboost|p2a: Blaziken|spd|1\n|cant|p1a: Swampert|slp\n|cant|p1b: Pelipper|slp\n|\n|-weather|RainDance|[upkeep]\n|-ability|p2a: Blaziken|Speed Boost|boost\n|-boost|p2a: Blaziken|spe|1\n|upkeep\n|turn|9\n|\n|t:|1788293801\n|-curestatus|p1a: Swampert|slp|[msg]\n|move|p1a: Swampert|Protect|p1a: Swampert\n|-singleturn|p1a: Swampert|Protect\n|move|p2a: Blaziken|Close Combat|p1a: Swampert\n|-activate|p1a: Swampert|move: Protect\n|move|p2b: Milotic|Scald|p1b: Pelipper\n|-resisted|p1b: Pelipper|1\n|-damage|p1b: Pelipper|42/100 slp\n|-enditem|p1b: Pelipper|Sitrus Berry|[eat]\n|-heal|p1b: Pelipper|67/100 slp|[from] item: Sitrus Berry\n|cant|p1b: Pelipper|slp\n|\n|-weather|RainDance|[upkeep]\n|-ability|p2a: Blaziken|Speed Boost|boost\n|-boost|p2a: Blaziken|spe|1\n|upkeep\n|turn|10\n|\n|t:|1788293824\n|switch|p1a: Archaludon|Archaludon, L50, F, shiny|29/100 brn\n|move|p2a: Blaziken|Detect|p2a: Blaziken\n|-singleturn|p2a: Blaziken|Protect\n|move|p2b: Milotic|Hypnosis||[still]\n|-fail|p2b: Milotic\n|-curestatus|p1b: Pelipper|slp|[msg]\n|move|p1b: Pelipper|Tailwind|p1b: Pelipper\n|-sidestart|p1: jaredshane|move: Tailwind\n|\n|-weather|RainDance|[upkeep]\n|-heal|p1a: Archaludon|36/100 brn|[from] item: Leftovers\n|-damage|p1a: Archaludon|29/100 brn|[from] brn\n|-ability|p2a: Blaziken|Speed Boost|boost\n|-boost|p2a: Blaziken|spe|1\n|upkeep\n|turn|11\n|\n|t:|1788293841\n|move|p2b: Milotic|Hypnosis|p1b: Pelipper\n|-status|p1b: Pelipper|slp|[from] move: Hypnosis\n|move|p2a: Blaziken|Close Combat|p1a: Archaludon\n|-supereffective|p1a: Archaludon|1\n|-damage|p1a: Archaludon|0 fnt\n|-unboost|p2a: Blaziken|def|1\n|-unboost|p2a: Blaziken|spd|1\n|faint|p1a: Archaludon\n|cant|p1b: Pelipper|slp\n|\n|-weather|none\n|-ability|p2a: Blaziken|Speed Boost|boost\n|-boost|p2a: Blaziken|spe|1\n|upkeep\n|\n|t:|1788293852\n|switch|p1a: Swampert|Swampert-Mega, L50, F, shiny|29/100\n|turn|12\n|\n|t:|1788293864\n|move|p2b: Milotic|Hypnosis|p1a: Swampert\n|-status|p1a: Swampert|slp|[from] move: Hypnosis\n|move|p2a: Blaziken|Swords Dance|p2a: Blaziken\n|-boost|p2a: Blaziken|atk|2\n|cant|p1a: Swampert|slp\n|-curestatus|p1b: Pelipper|slp|[msg]\n|move|p1b: Pelipper|Hurricane|p2a: Blaziken\n|-supereffective|p2a: Blaziken|1\n|-enditem|p2a: Blaziken|Focus Sash\n|-damage|p2a: Blaziken|1/100\n|\n|-sideend|p1: jaredshane|move: Light Screen\n|upkeep\n|turn|13\n|\n|t:|1788293880\n|switch|p1b: Grimmsnarl|Grimmsnarl, L50, M, shiny|69/100 brn\n|cant|p1a: Swampert|slp\n|move|p2b: Milotic|Hypnosis|p1b: Grimmsnarl\n|-hint|Since gen 7, Dark is immune to Prankster moves.\n|-immune|p1b: Grimmsnarl\n|move|p2a: Blaziken|Close Combat|p1a: Swampert\n|-damage|p1a: Swampert|0 fnt\n|-unboost|p2a: Blaziken|def|1\n|-unboost|p2a: Blaziken|spd|1\n|faint|p1a: Swampert\n|\n|-damage|p1b: Grimmsnarl|63/100 brn|[from] brn\n|-sideend|p1: jaredshane|move: Tailwind\n|upkeep\n|\n|t:|1788293892\n|switch|p1a: Pelipper|Pelipper, L50, F, shiny|67/100\n|-weather|RainDance|[from] ability: Drizzle|[of] p1a: Pelipper\n|turn|14\n|\n|t:|1788293907\n|move|p2a: Blaziken|Detect|p2a: Blaziken\n|-singleturn|p2a: Blaziken|Protect\n|move|p2b: Milotic|Hypnosis|p1a: Pelipper\n|-status|p1a: Pelipper|slp|[from] move: Hypnosis\n|move|p1b: Grimmsnarl|Parting Shot|p2a: Blaziken\n|-activate|p2a: Blaziken|move: Protect\n|cant|p1a: Pelipper|slp\n|\n|-weather|RainDance|[upkeep]\n|-damage|p1b: Grimmsnarl|57/100 brn|[from] brn\n|upkeep\n|turn|15\n|\n|t:|1788293923\n|move|p1b: Grimmsnarl|Reflect|p1b: Grimmsnarl\n|-sidestart|p1: jaredshane|Reflect\n|move|p2a: Blaziken|Close Combat|p1b: Grimmsnarl\n|-damage|p1b: Grimmsnarl|0 fnt\n|-unboost|p2a: Blaziken|def|1\n|-unboost|p2a: Blaziken|spd|1\n|faint|p1b: Grimmsnarl\n|move|p2b: Milotic|Scald|p1a: Pelipper\n|-resisted|p1a: Pelipper|1\n|-damage|p1a: Pelipper|51/100 slp\n|cant|p1a: Pelipper|slp\n|\n|-weather|RainDance|[upkeep]\n|upkeep\n|turn|16\n|\n|t:|1788293938\n|move|p2a: Blaziken|Detect|p2a: Blaziken\n|-singleturn|p2a: Blaziken|Protect\n|move|p2b: Milotic|Scald|p1a: Pelipper\n|-resisted|p1a: Pelipper|1\n|-damage|p1a: Pelipper|37/100 slp\n|-curestatus|p1a: Pelipper|slp|[msg]\n|move|p1a: Pelipper|Hurricane|p2b: Milotic\n|-damage|p2b: Milotic|77/100\n|\n|-weather|RainDance|[upkeep]\n|upkeep\n|turn|17\n|\n|t:|1788293949\n|move|p2b: Milotic|Hypnosis|p1a: Pelipper\n|-status|p1a: Pelipper|slp|[from] move: Hypnosis\n|move|p2a: Blaziken|Close Combat|p1a: Pelipper\n|-resisted|p1a: Pelipper|1\n|-damage|p1a: Pelipper|0 fnt\n|-unboost|p2a: Blaziken|def|1\n|-unboost|p2a: Blaziken|spd|1\n|faint|p1a: Pelipper\n|\n|win|berryjuicejoy\n|raw|jaredshane's rating: 1446 &rarr; <strong>1425</strong><br />(-21 for losing)\n|raw|berryjuicejoy's rating: 1425 &rarr; <strong>1446</strong><br />(+21 for winning)\n","uploadtime":1788293949,"views":"11","formatid":"gen9championsvgc2026regmb","rating":1425,"private":0,"password":null}