{"id":"gen9championsvgc2026regmbbo3-2674961217","format":"[Gen 9 Champions] VGC 2026 Reg M-B (Bo3)","players":["humania1","Baz3"],"log":"|j|☆humania1\n|j|☆Baz3\n|html|<table width=\"100%\"><tr><td align=\"left\">humania1</td><td align=\"right\">Baz3</tr><tr><td align=\"left\"><i class=\"fa fa-circle-o\"></i> <i class=\"fa fa-circle-o\"></i> </td><td align=\"right\"><i class=\"fa fa-circle-o\"></i> <i class=\"fa fa-circle-o\"></i> </tr></table>\n|uhtml|bestof|<h2><strong>Game 1</strong> of <a href=\"/game-bestof3-gen9championsvgc2026regmbbo3-2674961216\">a best-of-3</a></h2>\n|t:|1788442347\n|gametype|doubles\n|player|p1|humania1|265|1070\n|player|p2|Baz3|101|1000\n|gen|9\n|tier|[Gen 9 Champions] VGC 2026 Reg M-B (Bo3)\n|rated|\n|rule|Species Clause: Limit one of each Pokémon\n|rule|Item Clause: Limit 1 of each item\n|clearpoke\n|poke|p1|Charizard, L50, M|\n|poke|p1|Whimsicott, L50, F|\n|poke|p1|Basculegion, L50, M|\n|poke|p1|Farigiraf, L50, F|\n|poke|p1|Kangaskhan, L50, F|\n|poke|p1|Sneasler, L50, F|\n|poke|p2|Delphox, L50, M|\n|poke|p2|Vanilluxe, L50, M|\n|poke|p2|Floette-Eternal, L50, F|\n|poke|p2|Sinistcha, L50|\n|poke|p2|Milotic, L50, M|\n|poke|p2|Incineroar, L50, M|\n|teampreview|4\n|showteam|p1|Charizard||CharizarditeY|SolarPower|WeatherBall,HeatWave,SolarBeam,Protect|Timid||M|||50|]Whimsicott||FocusSash|Prankster|Moonblast,Tailwind,SunnyDay,Encore|Timid||F|||50|]Basculegion||ChoiceScarf|Adaptability|WaveCrash,AquaJet,LastRespects,FlipTurn|Adamant||M|||50|]Farigiraf||SitrusBerry|ArmorTail|Psychic,HyperVoice,HelpingHand,TrickRoom|Modest||F|||50|]Kangaskhan||Kangaskhanite|Scrappy|FakeOut,DoubleEdge,DrainPunch,SuckerPunch|Adamant||F|||50|]Sneasler||WhiteHerb|Unburden|FakeOut,CloseCombat,DireClaw,RockTomb|Adamant||F|||50|\n|showteam|p2|Delphox||Delphoxite|Blaze|HeatWave,Psychic,NastyPlot,Protect|Timid||M|||50|]Vanilluxe||ChoiceScarf|SnowWarning|Blizzard,FreezeDry,SheerCold,IcyWind|Timid||M|||50|]Floette-Eternal||Floettite|FlowerVeil|Protect,Moonblast,DazzlingGleam,CalmMind|Modest||F|||50|]Sinistcha||KasibBerry|Hospitality|LifeDew,RagePowder,MatchaGotcha,Protect|Bold|||||50|]Milotic||Leftovers|Competitive|Coil,Protect,MuddyWater,Hypnosis|Bold||M|||50|]Incineroar||SitrusBerry|Intimidate|FakeOut,PartingShot,FlareBlitz,DarkestLariat|Impish||M|||50|\n|inactive|Battle timer is ON: inactive players will automatically lose when time's up. (requested by humania1)\n|\n|t:|1788442373\n|teamsize|p1|4\n|teamsize|p2|4\n|start\n|switch|p1a: Basculegion|Basculegion, L50, M|100/100\n|switch|p1b: Sneasler|Sneasler, L50, F|100/100\n|switch|p2a: Milotic|Milotic, L50, M|100/100\n|switch|p2b: Incineroar|Incineroar, L50, M|100/100\n|-ability|p2b: Incineroar|Intimidate|boost\n|-unboost|p1a: Basculegion|atk|1\n|-unboost|p1b: Sneasler|atk|1\n|-enditem|p1b: Sneasler|White Herb\n|-clearnegativeboost|p1b: Sneasler|[silent]\n|turn|1\n|inactive|Baz3 has 30 seconds left.\n|\n|t:|1788442399\n|move|p1b: Sneasler|Close Combat|p2b: Incineroar\n|-supereffective|p2b: Incineroar|1\n|-damage|p2b: Incineroar|0 fnt\n|-unboost|p1b: Sneasler|def|1\n|-unboost|p1b: Sneasler|spd|1\n|faint|p2b: Incineroar\n|move|p1a: Basculegion|Last Respects|p2a: Milotic\n|-damage|p2a: Milotic|79/100\n|move|p2a: Milotic|Coil|p2a: Milotic\n|-boost|p2a: Milotic|atk|1\n|-boost|p2a: Milotic|def|1\n|-boost|p2a: Milotic|accuracy|1\n|\n|-heal|p2a: Milotic|85/100|[from] item: Leftovers\n|upkeep\n|\n|t:|1788442411\n|switch|p2b: Delphox|Delphox, L50, M|100/100\n|turn|2\n|\n|t:|1788442422\n|detailschange|p2b: Delphox|Delphox-Mega, L50, M\n|-mega|p2b: Delphox|Delphox|Delphoxite\n|move|p2b: Delphox|Protect|p2b: Delphox\n|-singleturn|p2b: Delphox|Protect\n|move|p1b: Sneasler|Dire Claw|p2b: Delphox\n|-activate|p2b: Delphox|move: Protect\n|move|p1a: Basculegion|Last Respects|p2b: Delphox\n|-activate|p2b: Delphox|move: Protect\n|move|p2a: Milotic|Hypnosis|p1a: Basculegion\n|-status|p1a: Basculegion|slp|[from] move: Hypnosis\n|\n|-heal|p2a: Milotic|91/100|[from] item: Leftovers\n|upkeep\n|turn|3\n|\n|t:|1788442437\n|move|p1b: Sneasler|Dire Claw|p2b: Delphox\n|-damage|p2b: Delphox|37/100\n|move|p2b: Delphox|Nasty Plot|p2b: Delphox\n|-boost|p2b: Delphox|spa|2\n|cant|p1a: Basculegion|slp\n|move|p2a: Milotic|Hypnosis|p1b: Sneasler\n|-status|p1b: Sneasler|slp|[from] move: Hypnosis\n|\n|-heal|p2a: Milotic|97/100|[from] item: Leftovers\n|upkeep\n|turn|4\n|\n|t:|1788442456\n|switch|p1b: Kangaskhan|Kangaskhan, L50, F|100/100\n|move|p2b: Delphox|Psychic|p1a: Basculegion\n|-crit|p1a: Basculegion\n|-damage|p1a: Basculegion|0 fnt\n|faint|p1a: Basculegion\n|move|p2a: Milotic|Coil|p2a: Milotic\n|-boost|p2a: Milotic|atk|1\n|-boost|p2a: Milotic|def|1\n|-boost|p2a: Milotic|accuracy|1\n|\n|-heal|p2a: Milotic|100/100|[from] item: Leftovers\n|upkeep\n|\n|t:|1788442456\n|switch|p1a: Sneasler|Sneasler, L50, F|100/100 slp\n|turn|5\n|\n|t:|1788442473\n|switch|p1a: Farigiraf|Farigiraf, L50, F|100/100\n|move|p2b: Delphox|Protect|p2b: Delphox\n|-singleturn|p2b: Delphox|Protect\n|move|p1b: Kangaskhan|Double-Edge|p2b: Delphox\n|-activate|p2b: Delphox|move: Protect\n|move|p2a: Milotic|Hypnosis|p1b: Kangaskhan\n|-status|p1b: Kangaskhan|slp|[from] move: Hypnosis\n|\n|upkeep\n|turn|6\n|\n|t:|1788442488\n|move|p2b: Delphox|Heat Wave|p1b: Kangaskhan|[spread] p1a,p1b\n|-damage|p1a: Farigiraf|37/100\n|-damage|p1b: Kangaskhan|10/100 slp\n|-enditem|p1a: Farigiraf|Sitrus Berry|[eat]\n|-heal|p1a: Farigiraf|62/100|[from] item: Sitrus Berry\n|cant|p1b: Kangaskhan|slp\n|move|p2a: Milotic|Muddy Water|p1b: Kangaskhan|[spread] p1a,p1b\n|-damage|p1a: Farigiraf|42/100\n|-damage|p1b: Kangaskhan|0 fnt\n|faint|p1b: Kangaskhan\n|move|p1a: Farigiraf|Hyper Voice|p2b: Delphox|[spread] p2a,p2b\n|-damage|p2a: Milotic|78/100\n|-damage|p2b: Delphox|13/100\n|\n|-heal|p2a: Milotic|84/100|[from] item: Leftovers\n|upkeep\n|\n|t:|1788442488\n|switch|p1b: Sneasler|Sneasler, L50, F|100/100 slp\n|turn|7\n|\n|t:|1788442510\n|move|p2b: Delphox|Heat Wave|p1b: Sneasler|[spread] p1a,p1b\n|-damage|p1a: Farigiraf|0 fnt\n|-damage|p1b: Sneasler|0 fnt\n|faint|p1a: Farigiraf\n|faint|p1b: Sneasler\n|\n|win|Baz3\n","uploadtime":1788442510,"views":"0","formatid":"gen9championsvgc2026regmbbo3","rating":null,"private":0,"password":null}