{"id":"gen9championsvgc2026regmb-2673911663","format":"[Gen 9 Champions] VGC 2026 Reg M-B","players":["Pooooder34","brandflakes1"],"log":"|j|☆Pooooder34\n|j|☆brandflakes1\n|t:|1788276212\n|gametype|doubles\n|player|p1|Pooooder34|170|1427\n|player|p2|brandflakes1|2|1326\n|gen|9\n|tier|[Gen 9 Champions] VGC 2026 Reg M-B\n|rated|\n|rule|Species Clause: Limit one of each Pokémon\n|rule|Item Clause: Limit 1 of each item\n|clearpoke\n|poke|p1|Staraptor, L50, M|\n|poke|p1|Houndstone, L50, F|\n|poke|p1|Tyranitar, L50, F|\n|poke|p1|Rotom-Wash, L50|\n|poke|p1|Excadrill, L50, M|\n|poke|p1|Venusaur, L50, F|\n|poke|p2|Froslass, L50, F|\n|poke|p2|Kingambit, L50, F|\n|poke|p2|Sneasler, L50, F|\n|poke|p2|Garchomp, L50, F|\n|poke|p2|Dragonite, L50, M|\n|poke|p2|Basculegion, L50, M|\n|teampreview|4\n|inactive|Battle timer is ON: inactive players will automatically lose when time's up. (requested by Pooooder34)\n|inactive|brandflakes1 has 60 seconds left.\n|inactive|brandflakes1 has 30 seconds left.\n|\n|t:|1788276296\n|teamsize|p1|4\n|teamsize|p2|4\n|start\n|switch|p1a: Tyranitar|Tyranitar, L50, F|100/100\n|switch|p1b: Excadrill|Excadrill, L50, M|100/100\n|switch|p2a: Froslass|Froslass, L50, F|100/100\n|switch|p2b: Sneasler|Sneasler, L50, F|100/100\n|-weather|Sandstorm|[from] ability: Sand Stream|[of] p1a: Tyranitar\n|turn|1\n|\n|t:|1788276318\n|detailschange|p2a: Froslass|Froslass-Mega, L50, F\n|-mega|p2a: Froslass|Froslass|Froslassite\n|-weather|Snowscape|[from] ability: Snow Warning|[of] p2a: Froslass\n|move|p2b: Sneasler|Fake Out|p1b: Excadrill\n|-resisted|p1b: Excadrill|1\n|-damage|p1b: Excadrill|91/100\n|move|p1a: Tyranitar|Knock Off|p2a: Froslass\n|-supereffective|p2a: Froslass|1\n|-damage|p2a: Froslass|18/100\n|move|p2a: Froslass|Aurora Veil|p2a: Froslass\n|-sidestart|p2: brandflakes1|move: Aurora Veil\n|cant|p1b: Excadrill|flinch\n|\n|-weather|Snowscape|[upkeep]\n|upkeep\n|turn|2\n|\n|t:|1788276333\n|switch|p1a: Staraptor|Staraptor, L50, M|100/100\n|-ability|p1a: Staraptor|Intimidate|boost\n|-unboost|p2a: Froslass|atk|1\n|-unboost|p2b: Sneasler|atk|1\n|move|p2a: Froslass|Shadow Ball|p1b: Excadrill\n|-damage|p1b: Excadrill|27/100\n|move|p2b: Sneasler|Close Combat|p1a: Staraptor\n|-damage|p1a: Staraptor|52/100\n|-unboost|p2b: Sneasler|def|1\n|-unboost|p2b: Sneasler|spd|1\n|move|p1b: Excadrill|Earthquake|p2b: Sneasler|[spread] p2a,p2b\n|-immune|p1a: Staraptor\n|-supereffective|p2b: Sneasler|1\n|-damage|p2a: Froslass|0 fnt\n|-enditem|p2b: Sneasler|Focus Sash\n|-damage|p2b: Sneasler|1/100\n|faint|p2a: Froslass\n|\n|-weather|Snowscape|[upkeep]\n|upkeep\n|\n|t:|1788276340\n|switch|p2a: Basculegion|Basculegion, L50, M|100/100\n|turn|3\n|\n|t:|1788276365\n|detailschange|p1a: Staraptor|Staraptor-Mega, L50, M\n|-mega|p1a: Staraptor|Staraptor|Staraptite\n|move|p1b: Excadrill|Protect|p1b: Excadrill\n|-singleturn|p1b: Excadrill|Protect\n|move|p2b: Sneasler|Close Combat|p1b: Excadrill\n|-activate|p1b: Excadrill|move: Protect\n|move|p1a: Staraptor|Tailwind|p1a: Staraptor\n|-sidestart|p1: Pooooder34|move: Tailwind\n|move|p2a: Basculegion|Wave Crash|p1a: Staraptor\n|-damage|p1a: Staraptor|0 fnt\n|faint|p1a: Staraptor\n|-damage|p2a: Basculegion|83/100|[from] Recoil\n|-damage|p2a: Basculegion|73/100|[from] item: Life Orb\n|\n|-weather|Snowscape|[upkeep]\n|upkeep\n|\n|t:|1788276376\n|switch|p1a: Tyranitar|Tyranitar, L50, F|100/100\n|-weather|Sandstorm|[from] ability: Sand Stream|[of] p1a: Tyranitar\n|turn|4\n|\n|t:|1788276393\n|move|p2a: Basculegion|Aqua Jet|p1b: Excadrill\n|-supereffective|p1b: Excadrill|1\n|-damage|p1b: Excadrill|0 fnt\n|faint|p1b: Excadrill\n|-damage|p2a: Basculegion|63/100|[from] item: Life Orb\n|move|p1a: Tyranitar|Knock Off|p2a: Basculegion\n|-supereffective|p2a: Basculegion|1\n|-damage|p2a: Basculegion|0 fnt\n|-enditem|p2a: Basculegion|Life Orb|[from] move: Knock Off|[of] p1a: Tyranitar\n|faint|p2a: Basculegion\n|move|p2b: Sneasler|Close Combat|p1a: Tyranitar\n|-supereffective|p1a: Tyranitar|2\n|-crit|p1a: Tyranitar\n|-damage|p1a: Tyranitar|0 fnt\n|-unboost|p2b: Sneasler|def|1\n|-unboost|p2b: Sneasler|spd|1\n|faint|p1a: Tyranitar\n|\n|-weather|Sandstorm|[upkeep]\n|-damage|p2b: Sneasler|0 fnt|[from] Sandstorm\n|faint|p2b: Sneasler\n|upkeep\n|\n|t:|1788276401\n|switch|p2b: Kingambit|Kingambit, L50, F|100/100\n|switch|p1b: Houndstone|Houndstone, L50, F|100/100\n|turn|5\n|\n|t:|1788276405\n|move|p2b: Kingambit|Sucker Punch||[still]\n|-fail|p2b: Kingambit\n|move|p1b: Houndstone|Will-O-Wisp|p2b: Kingambit\n|-status|p2b: Kingambit|brn\n|\n|-weather|Sandstorm|[upkeep]\n|-damage|p2b: Kingambit|94/100 brn|[from] brn\n|-sideend|p2: brandflakes1|move: Aurora Veil\n|upkeep\n|turn|6\n|\n|t:|1788276417\n|move|p1b: Houndstone|Protect|p1b: Houndstone\n|-singleturn|p1b: Houndstone|Protect\n|move|p2b: Kingambit|Sucker Punch||[still]\n|-fail|p2b: Kingambit\n|\n|-weather|Sandstorm|[upkeep]\n|-damage|p2b: Kingambit|88/100 brn|[from] brn\n|-sideend|p1: Pooooder34|move: Tailwind\n|upkeep\n|turn|7\n|\n|t:|1788276424\n|move|p1b: Houndstone|Ally Switch||[still]\n|-fail|p1b: Houndstone|move: Ally Switch\n|move|p2b: Kingambit|Kowtow Cleave|p1b: Houndstone\n|-supereffective|p1b: Houndstone|1\n|-damage|p1b: Houndstone|54/100\n|\n|-weather|Sandstorm|[upkeep]\n|-damage|p2b: Kingambit|82/100 brn|[from] brn\n|upkeep\n|turn|8\n|\n|t:|1788276432\n|move|p1b: Houndstone|Protect|p1b: Houndstone\n|-singleturn|p1b: Houndstone|Protect\n|move|p2b: Kingambit|Sucker Punch||[still]\n|-fail|p2b: Kingambit\n|\n|-weather|none\n|-damage|p2b: Kingambit|76/100 brn|[from] brn\n|upkeep\n|turn|9\n|\n|t:|1788276436\n|move|p1b: Houndstone|Last Respects|p2b: Kingambit\n|-resisted|p2b: Kingambit|1\n|-damage|p2b: Kingambit|44/100 brn\n|move|p2b: Kingambit|Kowtow Cleave|p1b: Houndstone\n|-supereffective|p1b: Houndstone|1\n|-damage|p1b: Houndstone|10/100\n|-enditem|p1b: Houndstone|Sitrus Berry|[eat]\n|-heal|p1b: Houndstone|34/100|[from] item: Sitrus Berry\n|\n|-damage|p2b: Kingambit|39/100 brn|[from] brn\n|upkeep\n|turn|10\n|\n|t:|1788276446\n|move|p1b: Houndstone|Protect|p1b: Houndstone\n|-singleturn|p1b: Houndstone|Protect\n|move|p2b: Kingambit|Kowtow Cleave|p1b: Houndstone\n|-activate|p1b: Houndstone|move: Protect\n|\n|-damage|p2b: Kingambit|33/100 brn|[from] brn\n|upkeep\n|turn|11\n|\n|t:|1788276458\n|move|p1b: Houndstone|Last Respects|p2b: Kingambit\n|-resisted|p2b: Kingambit|1\n|-damage|p2b: Kingambit|4/100 brn\n|move|p2b: Kingambit|Kowtow Cleave|p1b: Houndstone\n|-supereffective|p1b: Houndstone|1\n|-damage|p1b: Houndstone|0 fnt\n|faint|p1b: Houndstone\n|\n|win|brandflakes1\n|raw|Pooooder34's rating: 1427 &rarr; <strong>1401</strong><br />(-26 for losing)\n|raw|brandflakes1's rating: 1326 &rarr; <strong>1352</strong><br />(+26 for winning)\n|c|☆Pooooder34|oh\n|c|☆Pooooder34|gg\n","uploadtime":1788276469,"views":"1","formatid":"gen9championsvgc2026regmb","rating":1352,"private":0,"password":null}