{"id":"gen9championsvgc2026regmbbo3-2673879085","format":"[Gen 9 Champions] VGC 2026 Reg M-B (Bo3)","players":["raksbach","Thomnahs"],"log":"|j|☆raksbach\n|j|☆Thomnahs\n|html|<table width=\"100%\"><tr><td align=\"left\">raksbach</td><td align=\"right\">Thomnahs</tr><tr><td align=\"left\"><i class=\"fa fa-circle-o\"></i> <i class=\"fa fa-circle-o\"></i> </td><td align=\"right\"><i class=\"fa fa-circle-o\"></i> <i class=\"fa fa-circle-o\"></i> </tr></table>\n|uhtml|bestof|<h2><strong>Game 1</strong> of <a href=\"/game-bestof3-gen9championsvgc2026regmbbo3-2673879084\">a best-of-3</a></h2>\n|t:|1788272210\n|gametype|doubles\n|player|p1|raksbach|doubleteam|1156\n|player|p2|Thomnahs|1|1193\n|gen|9\n|tier|[Gen 9 Champions] VGC 2026 Reg M-B (Bo3)\n|rated|\n|rule|Species Clause: Limit one of each Pokémon\n|rule|Item Clause: Limit 1 of each item\n|clearpoke\n|poke|p1|Dragonite, L50, F|\n|poke|p1|Sneasler, L50, M|\n|poke|p1|Basculegion, L50, M|\n|poke|p1|Kingambit, L50, M|\n|poke|p1|Garchomp, L50, F|\n|poke|p1|Floette-Eternal, L50, F|\n|poke|p2|Whimsicott, L50, M|\n|poke|p2|Garchomp, L50, F|\n|poke|p2|Basculegion, L50, M|\n|poke|p2|Kingambit, L50, F|\n|poke|p2|Floette-Eternal, L50, F|\n|poke|p2|Charizard, L50, M|\n|teampreview|4\n|showteam|p1|Dragonite||Dragoninite|Multiscale|DragonPulse,HeatWave,ExtremeSpeed,Protect|Modest||F|||50|]Sneasler||FocusSash|PoisonTouch|CloseCombat,DireClaw,FakeOut,Feint|Jolly||M|||50|]Basculegion||LifeOrb|Adaptability|WaveCrash,LastRespects,AquaJet,Protect|Adamant||M|||50|]Kingambit||ChopleBerry|Defiant|SuckerPunch,KowtowCleave,LowKick,IronHead|Adamant||M|||50|]Garchomp||ChoiceScarf|RoughSkin|DragonClaw,StompingTantrum,Earthquake,RockSlide|Adamant||F|||50|]Floette-Eternal||Floettite|FlowerVeil|Moonblast,DazzlingGleam,LightofRuin,Protect|Timid||F|||50|\n|showteam|p2|Whimsicott||FocusSash|Prankster|Moonblast,Tailwind,Encore,Protect|Timid||M|||50|]Garchomp||SitrusBerry|RoughSkin|DragonClaw,StompingTantrum,RockSlide,Protect|Adamant||F|||50|]Basculegion||LifeOrb|Adaptability|WaveCrash,LastRespects,AquaJet,Protect|Adamant||M|||50|]Kingambit||OccaBerry|Defiant|KowtowCleave,IronHead,LowKick,SuckerPunch|Adamant||F|||50|]Floette-Eternal||Floettite|FlowerVeil|Moonblast,DazzlingGleam,LightofRuin,Protect|Timid||F|||50|]Charizard||CharizarditeY|Blaze|HeatWave,AncientPower,WeatherBall,Protect|Bold||M|||50|\n|inactive|Battle timer is ON: inactive players will automatically lose when time's up. (requested by Thomnahs)\n|inactive|raksbach also wants the timer to be on.\n|\n|t:|1788272232\n|teamsize|p1|4\n|teamsize|p2|4\n|start\n|switch|p1a: Dragonite|Dragonite, L50, F|100/100\n|switch|p1b: Sneasler|Sneasler, L50, M|100/100\n|switch|p2a: Whimsicott|Whimsicott, L50, M|100/100\n|switch|p2b: Basculegion|Basculegion, L50, M|100/100\n|turn|1\n|inactive|raksbach has 30 seconds left.\n|\n|t:|1788272263\n|detailschange|p1a: Dragonite|Dragonite-Mega, L50, F\n|-mega|p1a: Dragonite|Dragonite|Dragoninite\n|move|p2a: Whimsicott|Protect|p2a: Whimsicott\n|-singleturn|p2a: Whimsicott|Protect\n|move|p1b: Sneasler|Feint|p2a: Whimsicott\n|-activate|p2a: Whimsicott|move: Feint\n|-damage|p2a: Whimsicott|84/100\n|move|p1a: Dragonite|Heat Wave|p2b: Basculegion|[spread] p2a,p2b\n|-supereffective|p2a: Whimsicott|1\n|-resisted|p2b: Basculegion|1\n|-damage|p2a: Whimsicott|0 fnt\n|-damage|p2b: Basculegion|83/100\n|-status|p2b: Basculegion|brn\n|faint|p2a: Whimsicott\n|move|p2b: Basculegion|Wave Crash|p1b: Sneasler\n|-damage|p1b: Sneasler|14/100\n|-damage|p2b: Basculegion|61/100 brn|[from] Recoil\n|-damage|p2b: Basculegion|52/100 brn|[from] item: Life Orb\n|\n|-damage|p2b: Basculegion|46/100 brn|[from] brn\n|upkeep\n|\n|t:|1788272279\n|switch|p2a: Kingambit|Kingambit, L50, F|100/100\n|turn|2\n|\n|t:|1788272287\n|move|p2b: Basculegion|Aqua Jet|p1b: Sneasler\n|-damage|p1b: Sneasler|0 fnt\n|faint|p1b: Sneasler\n|-damage|p2b: Basculegion|36/100 brn|[from] item: Life Orb\n|move|p1a: Dragonite|Heat Wave|p2a: Kingambit|[spread] p2a,p2b\n|-supereffective|p2a: Kingambit|1\n|-enditem|p2a: Kingambit|Occa Berry|[eat]\n|-enditem|p2a: Kingambit|Occa Berry|[weaken]\n|-resisted|p2b: Basculegion|1\n|-damage|p2a: Kingambit|78/100\n|-damage|p2b: Basculegion|20/100y brn\n|move|p2a: Kingambit|Kowtow Cleave|p1a: Dragonite\n|-damage|p1a: Dragonite|81/100\n|\n|-damage|p2b: Basculegion|14/100 brn|[from] brn\n|upkeep\n|\n|t:|1788272302\n|switch|p1b: Garchomp|Garchomp, L50, F|100/100\n|turn|3\n|c|☆Thomnahs|Like my 5th time getting heat wave burned today\n|\n|t:|1788272324\n|move|p2b: Basculegion|Aqua Jet|p1a: Dragonite\n|-resisted|p1a: Dragonite|1\n|-damage|p1a: Dragonite|73/100\n|-damage|p2b: Basculegion|5/100 brn|[from] item: Life Orb\n|move|p2a: Kingambit|Sucker Punch|p1b: Garchomp\n|-damage|p1b: Garchomp|66/100\n|-damage|p2a: Kingambit|66/100|[from] ability: Rough Skin|[of] p1b: Garchomp\n|move|p1b: Garchomp|Earthquake|p2a: Kingambit|[spread] p2a,p2b\n|-immune|p1a: Dragonite\n|-supereffective|p2a: Kingambit|1\n|-damage|p2a: Kingambit|1/100\n|-damage|p2b: Basculegion|0 fnt\n|faint|p2b: Basculegion\n|move|p1a: Dragonite|Heat Wave|p2a: Kingambit\n|-supereffective|p2a: Kingambit|1\n|-damage|p2a: Kingambit|0 fnt\n|faint|p2a: Kingambit\n|\n|upkeep\n|c|☆raksbach|Really?\n|\n|t:|1788272337\n|switch|p2b: Floette|Floette-Eternal, L50, F|100/100\n|turn|4\n|c|☆Thomnahs|Okay maybe 3rd\n|\n|t:|1788272352\n|detailschange|p2b: Floette|Floette-Mega, L50, F\n|-mega|p2b: Floette|Floette|Floettite\n|-ability|p2b: Floette|Fairy Aura\n|move|p1a: Dragonite|Extreme Speed|p2b: Floette\n|-damage|p2b: Floette|73/100\n|move|p1b: Garchomp|Earthquake|p2b: Floette|[spread] p2b\n|-immune|p1a: Dragonite\n|-damage|p2b: Floette|18/100\n|move|p2b: Floette|Dazzling Gleam|p1b: Garchomp|[spread] p1a,p1b\n|-supereffective|p1a: Dragonite|1\n|-supereffective|p1b: Garchomp|1\n|-damage|p1a: Dragonite|0 fnt\n|-damage|p1b: Garchomp|0 fnt\n|faint|p1a: Dragonite\n|faint|p1b: Garchomp\n|\n|upkeep\n|\n|t:|1788272367\n|switch|p1b: Basculegion|Basculegion, L50, M|100/100\n|turn|5\n|\n|t:|1788272373\n|move|p1b: Basculegion|Aqua Jet|p2b: Floette\n|-damage|p2b: Floette|0 fnt\n|faint|p2b: Floette\n|-damage|p1b: Basculegion|90/100|[from] item: Life Orb\n|\n|win|raksbach\n","uploadtime":1788272373,"views":"0","formatid":"gen9championsvgc2026regmbbo3","rating":null,"private":0,"password":null}