{"id":"gen9championsvgc2026regmbbo3-2673854031","format":"[Gen 9 Champions] VGC 2026 Reg M-B (Bo3)","players":["chandra4678","mrwhquestion"],"log":"|j|☆chandra4678\n|j|☆mrwhquestion\n|html|<table width=\"100%\"><tr><td align=\"left\">chandra4678</td><td align=\"right\">mrwhquestion</tr><tr><td align=\"left\"><i class=\"fa fa-circle\"></i> <i class=\"fa fa-circle-o\"></i> </td><td align=\"right\"><i class=\"fa fa-circle-o\"></i> <i class=\"fa fa-circle\"></i> </tr></table>\n|uhtml|bestof|<h2><strong>Game 3</strong> of <a href=\"/game-bestof3-gen9championsvgc2026regmbbo3-2673849643\">a best-of-3</a></h2>\n|t:|1788268854\n|gametype|doubles\n|player|p1|chandra4678|blue|\n|player|p2|mrwhquestion|169|\n|gen|9\n|tier|[Gen 9 Champions] VGC 2026 Reg M-B (Bo3)\n|rule|Species Clause: Limit one of each Pokémon\n|rule|Item Clause: Limit 1 of each item\n|clearpoke\n|poke|p1|Floette-Eternal, L50, F|\n|poke|p1|Basculegion, L50, M|\n|poke|p1|Kingambit, L50, M|\n|poke|p1|Dragonite, L50, F|\n|poke|p1|Garchomp, L50, F|\n|poke|p1|Sneasler, L50, M|\n|poke|p2|Talonflame, L50, M|\n|poke|p2|Froslass, L50, F|\n|poke|p2|Garchomp, L50, F|\n|poke|p2|Kingambit, L50, M|\n|poke|p2|Sneasler, L50, F|\n|poke|p2|Basculegion, L50, M|\n|teampreview|4\n|showteam|p1|Floette-Eternal||Floettite|FlowerVeil|Moonblast,DazzlingGleam,LightofRuin,Protect|Timid||F|||50|]Basculegion||LifeOrb|Adaptability|WaveCrash,AquaJet,LastRespects,Protect|Adamant||M|||50|]Kingambit||ChopleBerry|Defiant|SuckerPunch,KowtowCleave,LowKick,IronHead|Adamant||M|||50|]Dragonite||Dragoninite|Multiscale|DragonPulse,HeatWave,ExtremeSpeed,Protect|Modest||F|||50|]Garchomp||ChoiceScarf|RoughSkin|DragonClaw,StompingTantrum,Earthquake,RockSlide|Adamant||F|||50|]Sneasler||FocusSash|Unburden|CloseCombat,DireClaw,FakeOut,Feint|Jolly||M|||50|\n|showteam|p2|Talonflame|||GaleWings|Acrobatics,Overheat,Tailwind,Protect|Naive||M|||50|]Froslass||Froslassite|CursedBody|Blizzard,ShadowBall,AuroraVeil,Protect|Timid||F|||50|]Garchomp||LifeOrb|RoughSkin|DragonClaw,Earthquake,RockSlide,Protect|Jolly||F|||50|]Kingambit||BlackGlasses|Defiant|KowtowCleave,SuckerPunch,SwordsDance,Protect|Adamant||M|||50|]Sneasler||WhiteHerb|Unburden|DireClaw,CloseCombat,FakeOut,Coaching|Adamant||F|||50|]Basculegion||FocusSash|Adaptability|Liquidation,LastRespects,AquaJet,Protect|Adamant||M|||50|\n|j| SoleilAltair1\n|j| Isles19\n|j| Ash0777\n|j| Ogelectro\n|j| tasty tatsu\n|j| FlameGoddess\n|j| Sir AaronVGC\n|j| ajisainoyoru\n|j| BizarreMagikarp\n|\n|t:|1788268903\n|teamsize|p1|4\n|teamsize|p2|4\n|start\n|switch|p1a: Sneasler|Sneasler, L50, M|100/100\n|switch|p1b: Basculegion|Basculegion, L50, M|100/100\n|switch|p2a: Talonflame|Talonflame, L50, M|100/100\n|switch|p2b: Froslass|Froslass, L50, F|100/100\n|turn|1\n|\n|t:|1788268925\n|detailschange|p2b: Froslass|Froslass-Mega, L50, F\n|-mega|p2b: Froslass|Froslass|Froslassite\n|-weather|Snowscape|[from] ability: Snow Warning|[of] p2b: Froslass\n|move|p2a: Talonflame|Protect|p2a: Talonflame\n|-singleturn|p2a: Talonflame|Protect\n|move|p1b: Basculegion|Protect|p1b: Basculegion\n|-singleturn|p1b: Basculegion|Protect\n|move|p1a: Sneasler|Fake Out|p2a: Talonflame\n|-activate|p2a: Talonflame|move: Protect\n|move|p2b: Froslass|Shadow Ball|p1b: Basculegion\n|-activate|p1b: Basculegion|move: Protect\n|\n|-weather|Snowscape|[upkeep]\n|upkeep\n|turn|2\n|\n|t:|1788269025\n|switch|p1b: Kingambit|Kingambit, L50, M|100/100\n|move|p2a: Talonflame|Overheat|p1a: Sneasler\n|-damage|p1a: Sneasler|49/100\n|-unboost|p2a: Talonflame|spa|2\n|move|p1a: Sneasler|Dire Claw|p2a: Talonflame\n|-crit|p2a: Talonflame\n|-damage|p2a: Talonflame|0 fnt\n|faint|p2a: Talonflame\n|move|p2b: Froslass|Blizzard|p1a: Sneasler|[spread] p1a,p1b\n|-resisted|p1b: Kingambit|1\n|-damage|p1a: Sneasler|1/100\n|-damage|p1b: Kingambit|82/100\n|-status|p1a: Sneasler|frz\n|\n|-weather|Snowscape|[upkeep]\n|upkeep\n|c| SoleilAltair1|CRITS-\n|c|☆chandra4678|L\n|\n|t:|1788269042\n|switch|p2a: Sneasler|Sneasler, L50, F|100/100\n|turn|3\n|c| SoleilAltair1|That sneasler being frozen is so much worse than just fainting LOL\n|c| Isles19|that survival is actually bad now\n|\n|t:|1788269116\n|switch|p1b: Basculegion|Basculegion, L50, M|100/100\n|cant|p1a: Sneasler|frz\n|move|p2b: Froslass|Aurora Veil|p2b: Froslass\n|-sidestart|p2: mrwhquestion|move: Aurora Veil\n|move|p2a: Sneasler|Close Combat|p1b: Basculegion\n|-immune|p1b: Basculegion\n|\n|-weather|Snowscape|[upkeep]\n|upkeep\n|turn|4\n|\n|t:|1788269142\n|move|p1b: Basculegion|Protect|p1b: Basculegion\n|-singleturn|p1b: Basculegion|Protect\n|cant|p1a: Sneasler|frz\n|move|p2b: Froslass|Shadow Ball|p1b: Basculegion\n|-activate|p1b: Basculegion|move: Protect\n|move|p2a: Sneasler|Dire Claw|p1b: Basculegion\n|-activate|p1b: Basculegion|move: Protect\n|\n|-weather|Snowscape|[upkeep]\n|upkeep\n|turn|5\n|\n|t:|1788269169\n|switch|p1b: Kingambit|Kingambit, L50, M|82/100\n|-curestatus|p1a: Sneasler|frz|[msg]\n|move|p1a: Sneasler|Close Combat|p2a: Sneasler\n|-resisted|p2a: Sneasler|1\n|-damage|p2a: Sneasler|74/100\n|-unboost|p1a: Sneasler|def|1\n|-unboost|p1a: Sneasler|spd|1\n|move|p2b: Froslass|Shadow Ball|p1b: Kingambit\n|-resisted|p1b: Kingambit|1\n|-damage|p1b: Kingambit|65/100\n|-unboost|p1b: Kingambit|spd|1\n|-ability|p1b: Kingambit|Defiant|boost\n|-boost|p1b: Kingambit|atk|2\n|move|p2a: Sneasler|Dire Claw|p1b: Kingambit\n|-immune|p1b: Kingambit\n|\n|-weather|none\n|upkeep\n|turn|6\n|c| Isles19|LMFAO\n|c| SoleilAltair1|WHAT?\n|c| tasty tatsu|omg\n|c| Ogelectro|Waah vespii waah\n|c| Sir AaronVGC|nah\n|c| Sir AaronVGC|vespii isnt throwing\n|c| Sir AaronVGC|basc doesnt die to shadow ball\n|\n|t:|1788269238\n|switch|p2b: Basculegion|Basculegion, L50, M|100/100\n|move|p1a: Sneasler|Dire Claw|p2b: Basculegion\n|-resisted|p2b: Basculegion|1\n|-damage|p2b: Basculegion|84/100\n|move|p2a: Sneasler|Close Combat|p1b: Kingambit\n|-supereffective|p1b: Kingambit|2\n|-enditem|p1b: Kingambit|Chople Berry|[eat]\n|-enditem|p1b: Kingambit|Chople Berry|[weaken]\n|-damage|p1b: Kingambit|0 fnt\n|-unboost|p2a: Sneasler|def|1\n|-unboost|p2a: Sneasler|spd|1\n|faint|p1b: Kingambit\n|-enditem|p2a: Sneasler|White Herb\n|-clearnegativeboost|p2a: Sneasler|[silent]\n|\n|upkeep\n|c| Isles19|AHAHAHHAHA wha\n|\n|t:|1788269253\n|switch|p1b: Basculegion|Basculegion, L50, M|100/100\n|turn|7\n|c| SoleilAltair1|WHAT IS HAPPENING?\n|c| Ogelectro|Bro\n|c| Isles19|ufffff\n|c| Isles19|these turns too hard\n|\n|t:|1788269275\n|move|p2b: Basculegion|Aqua Jet|p1a: Sneasler\n|-damage|p1a: Sneasler|0 fnt\n|faint|p1a: Sneasler\n|move|p2a: Sneasler|Dire Claw|p1b: Basculegion\n|-resisted|p1b: Basculegion|1\n|-damage|p1b: Basculegion|75/100\n|move|p1b: Basculegion|Last Respects|p2b: Basculegion\n|-supereffective|p2b: Basculegion|1\n|-damage|p2b: Basculegion|0 fnt\n|faint|p2b: Basculegion\n|-damage|p1b: Basculegion|65/100|[from] item: Life Orb\n|\n|-sideend|p2: mrwhquestion|move: Aurora Veil\n|upkeep\n|c| Isles19|20 mind games\n|\n|t:|1788269287\n|switch|p1a: Floette|Floette-Eternal, L50, F|100/100\n|switch|p2b: Froslass|Froslass-Mega, L50, F|100/100\n|-weather|Snowscape|[from] ability: Snow Warning|[of] p2b: Froslass\n|turn|8\n|c| Isles19|Vespii got this\n|c| SoleilAltair1|GL GUYS\n|c| Ogelectro|Good job saving sneasler\n|c| Sir AaronVGC|btw check the funny screenshot im posting in general chat guys\n|l| Ogelectro\n|j| Ogelectro\n|\n|t:|1788269403\n|detailschange|p1a: Floette|Floette-Mega, L50, F\n|-mega|p1a: Floette|Floette|Floettite\n|-ability|p1a: Floette|Fairy Aura\n|move|p1b: Basculegion|Aqua Jet|p2b: Froslass\n|-damage|p2b: Froslass|72/100\n|-damage|p1b: Basculegion|55/100|[from] item: Life Orb\n|move|p2a: Sneasler|Dire Claw|p1a: Floette\n|-supereffective|p1a: Floette|1\n|-damage|p1a: Floette|3/100\n|move|p2b: Froslass|Shadow Ball|p1b: Basculegion\n|-supereffective|p1b: Basculegion|1\n|-damage|p1b: Basculegion|0 fnt\n|faint|p1b: Basculegion\n|move|p1a: Floette|Moonblast|p2a: Sneasler\n|-damage|p2a: Sneasler|0 fnt\n|faint|p2a: Sneasler\n|\n|-weather|Snowscape|[upkeep]\n|upkeep\n|turn|9\n|c| SoleilAltair1|Wow\n|c| FlameGoddess|holy\n|c| tasty tatsu|gg\n|c|☆mrwhquestion|predicted like a book\n|c| Isles19|try Dazzling gleam atleast\n|\n|t:|1788269431\n|move|p2b: Froslass|Blizzard|p1a: Floette\n|-damage|p1a: Floette|0 fnt\n|faint|p1a: Floette\n|\n|win|mrwhquestion\n|l| Isles19\n|c|☆chandra4678|meh it would survive\n|l| ajisainoyoru\n|l| BizarreMagikarp\n|l| SoleilAltair1\n|l| Ash0777\n|l|☆chandra4678\n|player|p1|\n","uploadtime":1788269800,"views":"2","formatid":"gen9championsvgc2026regmbbo3","rating":null,"private":0,"password":null}