{"id":"gen9championsvgc2026regmbbo3-2674019806","format":"[Gen 9 Champions] VGC 2026 Reg M-B (Bo3)","players":["xFaxe","TipsyTrapinch1"],"log":"|j|☆xFaxe\n|j|☆TipsyTrapinch1\n|html|<table width=\"100%\"><tr><td align=\"left\">xFaxe</td><td align=\"right\">TipsyTrapinch1</tr><tr><td align=\"left\"><i class=\"fa fa-circle-o\"></i> <i class=\"fa fa-circle-o\"></i> </td><td align=\"right\"><i class=\"fa fa-circle-o\"></i> <i class=\"fa fa-circle-o\"></i> </tr></table>\n|uhtml|bestof|<h2><strong>Game 1</strong> of <a href=\"/game-bestof3-gen9championsvgc2026regmbbo3-2674019805\">a best-of-3</a></h2>\n|t:|1788288979\n|gametype|doubles\n|player|p1|xFaxe|2|\n|player|p2|TipsyTrapinch1|170|\n|gen|9\n|tier|[Gen 9 Champions] VGC 2026 Reg M-B (Bo3)\n|rule|Species Clause: Limit one of each Pokémon\n|rule|Item Clause: Limit 1 of each item\n|clearpoke\n|poke|p1|Drampa, L50, M|\n|poke|p1|Politoed, L50, F, shiny|\n|poke|p1|Swampert, L50, M|\n|poke|p1|Raichu-Alola, L50, M|\n|poke|p1|Staraptor, L50, M, shiny|\n|poke|p1|Trevenant, L50, F, shiny|\n|poke|p2|Liepard, L50, M|\n|poke|p2|Venusaur, L50, M|\n|poke|p2|Charizard, L50, M|\n|poke|p2|Primarina, L50, F|\n|poke|p2|Staraptor, L50, M|\n|poke|p2|Ditto, L50|\n|teampreview|4\n|showteam|p1|Drampa||Drampanite|SapSipper|HyperVoice,ShadowBall,DracoMeteor,Protect|Quiet||M|||50|]Politoed||Leftovers|Drizzle|WeatherBall,EarthPower,Protect,PerishSong|Modest||F|||50|]Swampert||Swampertite|Damp|HighHorsepower,WaveCrash,Protect,HelpingHand|Adamant||M|||50|]Raichu-Alola||FocusSash|SurgeSurfer|VoltSwitch,Nuzzle,FakeOut,Encore|Timid||M|||50|]Staraptor||MentalHerb|Reckless|BraveBird,Protect,HelpingHand,Uturn|Adamant||M|||50|]Trevenant||SitrusBerry|Harvest|HornLeech,Protect,TrickRoom,WillOWisp|Brave||F|||50|\n|showteam|p2|Liepard||FocusSash|Prankster|FakeOut,SunnyDay,Encore,FoulPlay|Jolly||M|||50|]Venusaur||Venusaurite|Chlorophyll|SludgeBomb,GigaDrain,EarthPower,Protect|Timid||M|||50|]Charizard||LifeOrb|SolarPower|HeatWave,SolarBeam,DragonPulse,Protect|Timid||M|||50|]Primarina||SitrusBerry|LiquidVoice|HyperVoice,Moonblast,EnergyBall,Protect|Modest||F|||50|]Staraptor||Staraptite|Intimidate|CloseCombat,BraveBird,Tailwind,Protect|Serious||M|||50|]Ditto||ChoiceScarf|Imposter|Transform|Serious|||||50|\n|c|☆TipsyTrapinch1|GL hf!\n|c|☆xFaxe|of duck its open team sheet i wont loock at it sry\n|c|☆xFaxe|fuck\n|c|☆xFaxe|GL\n|c|☆TipsyTrapinch1|Gentlemans agreement haha\n|c|☆xFaxe|haha\n|\n|t:|1788289078\n|teamsize|p1|4\n|teamsize|p2|4\n|start\n|switch|p1a: Better Raichu|Raichu-Alola, L50, M|100/100\n|switch|p1b: Trevenant|Trevenant, L50, F, shiny|100/100\n|switch|p2a: Liepard|Liepard, L50, M|100/100\n|switch|p2b: Staraptor|Staraptor, L50, M|100/100\n|-ability|p2b: Staraptor|Intimidate|boost\n|-unboost|p1a: Better Raichu|atk|1\n|-unboost|p1b: Trevenant|atk|1\n|turn|1\n|\n|t:|1788289138\n|detailschange|p2b: Staraptor|Staraptor-Mega, L50, M\n|-mega|p2b: Staraptor|Staraptor|Staraptite\n|move|p1b: Trevenant|Protect|p1b: Trevenant\n|-singleturn|p1b: Trevenant|Protect\n|move|p1a: Better Raichu|Fake Out|p2b: Staraptor\n|-damage|p2b: Staraptor|94/100\n|move|p2a: Liepard|Fake Out|p1a: Better Raichu\n|-damage|p1a: Better Raichu|83/100\n|cant|p2b: Staraptor|flinch\n|\n|upkeep\n|turn|2\n|\n|t:|1788289177\n|switch|p1a: Staraptor|Staraptor, L50, M, shiny|100/100\n|move|p2a: Liepard|Encore||[still]\n|-fail|p2a: Liepard\n|move|p2b: Staraptor|Tailwind|p2b: Staraptor\n|-sidestart|p2: TipsyTrapinch1|move: Tailwind\n|move|p1b: Trevenant|Trick Room|p1b: Trevenant\n|-fieldstart|move: Trick Room|[of] p1b: Trevenant\n|\n|upkeep\n|turn|3\n|\n|t:|1788289211\n|switch|p1b: Top 3 NEW Mega|Drampa, L50, M|100/100\n|move|p2a: Liepard|Encore||[still]\n|-fail|p2a: Liepard\n|move|p1a: Staraptor|Brave Bird|p2b: Staraptor\n|-supereffective|p2b: Staraptor|1\n|-damage|p2b: Staraptor|0 fnt\n|faint|p2b: Staraptor\n|-damage|p1a: Staraptor|69/100|[from] Recoil\n|\n|upkeep\n|\n|t:|1788289221\n|switch|p2b: Charizard|Charizard, L50, M|100/100\n|turn|4\n|\n|t:|1788289251\n|detailschange|p1b: Top 3 NEW Mega|Drampa-Mega, L50, M\n|-mega|p1b: Top 3 NEW Mega|Drampa|Drampanite\n|move|p2b: Charizard|Protect|p2b: Charizard\n|-singleturn|p2b: Charizard|Protect\n|move|p2a: Liepard|Sunny Day|p2a: Liepard\n|-weather|SunnyDay\n|move|p1b: Top 3 NEW Mega|Hyper Voice|p2b: Charizard|[spread] p2a\n|-activate|p2b: Charizard|move: Protect\n|-damage|p2a: Liepard|18/100\n|move|p1a: Staraptor|U-turn|p2a: Liepard\n|-supereffective|p2a: Liepard|1\n|-damage|p2a: Liepard|0 fnt\n|faint|p2a: Liepard\n|\n|t:|1788289272\n|switch|p1a: Better Raichu|Raichu-Alola, L50, M|83/100|[from] U-turn\n|\n|-weather|SunnyDay|[upkeep]\n|-damage|p2b: Charizard|87/100|[from] ability: Solar Power|[of] p2b: Charizard\n|upkeep\n|\n|t:|1788289275\n|switch|p2a: Ditto|Ditto, L50|100/100\n|-transform|p2a: Ditto|p1b: Top 3 NEW Mega|[from] ability: Imposter\n|turn|5\n|\n|t:|1788289288\n|move|p2b: Charizard|Protect|p2b: Charizard\n|-singleturn|p2b: Charizard|Protect\n|move|p1a: Better Raichu|Fake Out|p2a: Ditto\n|-damage|p2a: Ditto|92/100\n|move|p1b: Top 3 NEW Mega|Hyper Voice|p2a: Ditto|[spread] p2a\n|-activate|p2b: Charizard|move: Protect\n|-damage|p2a: Ditto|45/100\n|-ability|p2a: Ditto|Berserk|boost\n|-boost|p2a: Ditto|spa|1\n|cant|p2a: Ditto|flinch\n|\n|-weather|SunnyDay|[upkeep]\n|-damage|p2b: Charizard|75/100|[from] ability: Solar Power|[of] p2b: Charizard\n|-sideend|p2: TipsyTrapinch1|move: Tailwind\n|upkeep\n|turn|6\n|\n|t:|1788289323\n|move|p1b: Top 3 NEW Mega|Hyper Voice|p2a: Ditto|[spread] p2a,p2b\n|-damage|p2a: Ditto|4/100\n|-damage|p2b: Charizard|16/100\n|move|p2a: Ditto|Draco Meteor|p1b: Top 3 NEW Mega|[miss]\n|-miss|p2a: Ditto|p1b: Top 3 NEW Mega\n|move|p2b: Charizard|Heat Wave|p1b: Top 3 NEW Mega|[spread] p1a,p1b\n|-resisted|p1b: Top 3 NEW Mega|1\n|-damage|p1a: Better Raichu|0 fnt\n|-damage|p1b: Top 3 NEW Mega|60/100\n|faint|p1a: Better Raichu\n|-damage|p2b: Charizard|7/100|[from] item: Life Orb\n|\n|-weather|SunnyDay|[upkeep]\n|-damage|p2b: Charizard|0 fnt|[from] ability: Solar Power|[of] p2b: Charizard\n|faint|p2b: Charizard\n|-fieldend|move: Trick Room\n|upkeep\n|c|☆TipsyTrapinch1|Ggs\n|\n|t:|1788289337\n|switch|p1a: Staraptor|Staraptor, L50, M, shiny|69/100\n|turn|7\n|\n|t:|1788289344\n|move|p1a: Staraptor|Brave Bird|p2a: Ditto\n|-crit|p2a: Ditto\n|-damage|p2a: Ditto|0 fnt\n|faint|p2a: Ditto\n|-damage|p1a: Staraptor|68/100|[from] Recoil\n|\n|win|xFaxe\n|c|☆xFaxe|ggs\n||TipsyTrapinch1 is ready for game 2.\n||xFaxe is ready for game 2.\n|uhtml|next|Next: <a href=\"/battle-gen9championsvgc2026regmbbo3-2674022917\"><strong>Game 2 of 3</strong></a>\n|l|☆TipsyTrapinch1\n|player|p2|\n","uploadtime":1788290131,"views":"31","formatid":"gen9championsvgc2026regmbbo3","rating":null,"private":0,"password":null}