{"id":"gen9championsvgc2026regmbbo3-2674620411","format":"[Gen 9 Champions] VGC 2026 Reg M-B (Bo3)","players":["juanfran66","blu3falcon"],"log":"|j|☆juanfran66\n|j|☆blu3falcon\n|html|<table width=\"100%\"><tr><td align=\"left\">juanfran66</td><td align=\"right\">blu3falcon</tr><tr><td align=\"left\"><i class=\"fa fa-circle-o\"></i> <i class=\"fa fa-circle-o\"></i> </td><td align=\"right\"><i class=\"fa fa-circle-o\"></i> <i class=\"fa fa-circle-o\"></i> </tr></table>\n|uhtml|bestof|<h2><strong>Game 1</strong> of <a href=\"/game-bestof3-gen9championsvgc2026regmbbo3-2674620410\">a best-of-3</a></h2>\n|t:|1788381228\n|gametype|doubles\n|player|p1|juanfran66|1|\n|player|p2|blu3falcon|169|\n|gen|9\n|tier|[Gen 9 Champions] VGC 2026 Reg M-B (Bo3)\n|rule|Species Clause: Limit one of each Pokémon\n|rule|Item Clause: Limit 1 of each item\n|clearpoke\n|poke|p1|Sinistcha, L50|\n|poke|p1|Maushold, L50|\n|poke|p1|Delphox, L50, F|\n|poke|p1|Floette-Eternal, L50, F|\n|poke|p1|Incineroar, L50, M|\n|poke|p1|Grimmsnarl, L50, M|\n|poke|p2|Staraptor, L50, F|\n|poke|p2|Grimmsnarl, L50, M, shiny|\n|poke|p2|Basculegion, L50, M|\n|poke|p2|Kingambit, L50, M|\n|poke|p2|Floette-Eternal, L50, F|\n|poke|p2|Incineroar, L50, F|\n|teampreview|4\n|showteam|p1|Sinistcha||KasibBerry|Hospitality|MatchaGotcha,RagePowder,LifeDew,Protect|Bold|||||50|]Maushold||ChopleBerry|FriendGuard|FollowMe,SuperFang,Feint,Protect|Impish|||||50|]Delphox||Delphoxite|Blaze|HeatWave,Psychic,NastyPlot,Protect|Modest||F|||50|]Floette-Eternal||Floettite|FlowerVeil|Moonblast,DrainingKiss,CalmMind,Protect|Modest||F|||50|]Incineroar||PasshoBerry|Intimidate|PartingShot,FakeOut,ThroatChop,FlareBlitz|Careful||M|||50|]Grimmsnarl||LightClay|Prankster|FakeOut,Reflect,LightScreen,PartingShot|Careful||M|||50|\n|showteam|p2|Staraptor||Staraptite|Intimidate|CloseCombat,Tailwind,BraveBird,Protect|Jolly||F|||50|]Grimmsnarl||LightClay|Prankster|Reflect,LightScreen,PartingShot,SpiritBreak|Careful||M|||50|]Basculegion||ChoiceScarf|Adaptability|WaveCrash,FlipTurn,LastRespects,AquaJet|Jolly||M|||50|]Kingambit||ChopleBerry|Defiant|KowtowCleave,SuckerPunch,IronHead,LowKick|Adamant||M|||50|]Floette-Eternal||Floettite|FlowerVeil|Moonblast,LightofRuin,DazzlingGleam,Protect|Timid||F|||50|]Incineroar||SitrusBerry|Intimidate|FakeOut,PartingShot,ThroatChop,FlareBlitz|Impish||F|||50|\n|inactive|Battle timer is ON: inactive players will automatically lose when time's up. (requested by blu3falcon)\n|inactive|juanfran66 has 60 seconds left.\n|inactive|blu3falcon has 60 seconds left.\n|\n|t:|1788381286\n|teamsize|p1|4\n|teamsize|p2|4\n|start\n|switch|p1a: Sakura|Floette-Eternal, L50, F|100/100\n|switch|p1b: Pogui|Grimmsnarl, L50, M|100/100\n|switch|p2a: Kingambit|Kingambit, L50, M|100/100\n|switch|p2b: Grimmsnarl|Grimmsnarl, L50, M, shiny|100/100\n|turn|1\n|inactive|juanfran66 has 30 seconds left.\n|inactive|blu3falcon has 30 seconds left.\n|\n|t:|1788381314\n|detailschange|p1a: Sakura|Floette-Mega, L50, F\n|-mega|p1a: Sakura|Floette|Floettite\n|-ability|p1a: Sakura|Fairy Aura\n|move|p1b: Pogui|Fake Out|p2a: Kingambit\n|-resisted|p2a: Kingambit|1\n|-damage|p2a: Kingambit|96/100\n|move|p2b: Grimmsnarl|Light Screen|p2b: Grimmsnarl\n|-sidestart|p2: blu3falcon|move: Light Screen\n|move|p1a: Sakura|Moonblast|p2b: Grimmsnarl\n|-supereffective|p2b: Grimmsnarl|1\n|-damage|p2b: Grimmsnarl|10/100\n|cant|p2a: Kingambit|flinch\n|\n|upkeep\n|turn|2\n|\n|t:|1788381337\n|move|p1a: Sakura|Protect|p1a: Sakura\n|-singleturn|p1a: Sakura|Protect\n|move|p1b: Pogui|Reflect|p1b: Pogui\n|-sidestart|p1: juanfran66|Reflect\n|move|p2b: Grimmsnarl|Parting Shot|p1a: Sakura\n|-activate|p1a: Sakura|move: Protect\n|move|p2a: Kingambit|Iron Head|p1a: Sakura\n|-activate|p1a: Sakura|move: Protect\n|\n|upkeep\n|turn|3\n|inactive|juanfran66 has 30 seconds left.\n|\n|t:|1788381369\n|switch|p1a: Wolfe|Incineroar, L50, M|100/100\n|-ability|p1a: Wolfe|Intimidate|boost\n|-unboost|p2a: Kingambit|atk|1\n|-ability|p2a: Kingambit|Defiant|boost\n|-boost|p2a: Kingambit|atk|2\n|-unboost|p2b: Grimmsnarl|atk|1\n|move|p1b: Pogui|Parting Shot|p1a: Wolfe\n|-unboost|p1a: Wolfe|atk|1\n|-unboost|p1a: Wolfe|spa|1\n|\n|t:|1788381378\n|switch|p1b: Sakura|Floette-Mega, L50, F|100/100|[from] Parting Shot\n|-ability|p1b: Sakura|Fairy Aura\n|move|p2b: Grimmsnarl|Parting Shot|p1a: Wolfe\n|-hint|Since gen 7, Dark is immune to Prankster moves.\n|-immune|p1a: Wolfe\n|move|p2a: Kingambit|Iron Head|p1a: Wolfe\n|-resisted|p1a: Wolfe|1\n|-damage|p1a: Wolfe|79/100\n|\n|upkeep\n|turn|4\n|\n|t:|1788381400\n|switch|p2b: Basculegion|Basculegion, L50, M|100/100\n|move|p1a: Wolfe|Fake Out|p2a: Kingambit\n|-resisted|p2a: Kingambit|1\n|-damage|p2a: Kingambit|93/100\n|move|p1b: Sakura|Calm Mind|p1b: Sakura\n|-boost|p1b: Sakura|spa|1\n|-boost|p1b: Sakura|spd|1\n|cant|p2a: Kingambit|flinch\n|\n|upkeep\n|turn|5\n|inactive|juanfran66 has 30 seconds left.\n|\n|t:|1788381435\n|move|p1b: Sakura|Protect|p1b: Sakura\n|-singleturn|p1b: Sakura|Protect\n|move|p2b: Basculegion|Wave Crash|p1a: Wolfe\n|-supereffective|p1a: Wolfe|1\n|-enditem|p1a: Wolfe|Passho Berry|[eat]\n|-enditem|p1a: Wolfe|Passho Berry|[weaken]\n|-damage|p1a: Wolfe|35/100\n|-damage|p2b: Basculegion|85/100|[from] Recoil\n|move|p1a: Wolfe|Parting Shot|p2b: Basculegion\n|-unboost|p2b: Basculegion|atk|1\n|-unboost|p2b: Basculegion|spa|1\n|\n|t:|1788381445\n|switch|p1a: Pogui|Grimmsnarl, L50, M|100/100|[from] Parting Shot\n|move|p2a: Kingambit|Iron Head|p1b: Sakura\n|-activate|p1b: Sakura|move: Protect\n|\n|upkeep\n|turn|6\n|inactive|juanfran66 has 30 seconds left.\n|\n|t:|1788381471\n|move|p1a: Pogui|Fake Out|p2a: Kingambit\n|-resisted|p2a: Kingambit|1\n|-damage|p2a: Kingambit|89/100\n|move|p2b: Basculegion|Wave Crash|p1b: Sakura\n|-damage|p1b: Sakura|62/100\n|-damage|p2b: Basculegion|75/100|[from] Recoil\n|move|p1b: Sakura|Draining Kiss|p2b: Basculegion\n|-damage|p2b: Basculegion|34/100\n|-heal|p1b: Sakura|100/100|[from] drain|[of] p2b: Basculegion\n|cant|p2a: Kingambit|flinch\n|\n|upkeep\n|turn|7\n|\n|t:|1788381492\n|switch|p2b: Grimmsnarl|Grimmsnarl, L50, M, shiny|10/100\n|move|p1b: Sakura|Protect|p1b: Sakura\n|-singleturn|p1b: Sakura|Protect\n|move|p1a: Pogui|Parting Shot|p2b: Grimmsnarl\n|-hint|Since gen 7, Dark is immune to Prankster moves.\n|-immune|p2b: Grimmsnarl\n|move|p2a: Kingambit|Iron Head|p1b: Sakura\n|-activate|p1b: Sakura|move: Protect\n|\n|upkeep\n|turn|8\n|inactive|juanfran66 has 30 seconds left.\n|\n|t:|1788381522\n|switch|p1a: Familia Pogui|Maushold, L50|100/100\n|move|p2b: Grimmsnarl|Parting Shot|p1b: Sakura\n|-unboost|p1b: Sakura|atk|1\n|-unboost|p1b: Sakura|spa|1\n|\n|t:|1788381528\n|switch|p2b: Basculegion|Basculegion, L50, M|34/100|[from] Parting Shot\n|move|p1b: Sakura|Draining Kiss|p2a: Kingambit\n|-damage|p2a: Kingambit|63/100\n|move|p2a: Kingambit|Iron Head|p1b: Sakura\n|-supereffective|p1b: Sakura|1\n|-damage|p1b: Sakura|24/100\n|\n|-sideend|p2: blu3falcon|move: Light Screen\n|upkeep\n|turn|9\n|\n|t:|1788381548\n|move|p1a: Familia Pogui|Follow Me|p1a: Familia Pogui\n|-singleturn|p1a: Familia Pogui|move: Follow Me\n|move|p2b: Basculegion|Flip Turn|p1a: Familia Pogui\n|-damage|p1a: Familia Pogui|77/100\n|\n|t:|1788381553\n|switch|p2b: Grimmsnarl|Grimmsnarl, L50, M, shiny|10/100|[from] Flip Turn\n|move|p1b: Sakura|Moonblast|p2b: Grimmsnarl\n|-supereffective|p2b: Grimmsnarl|1\n|-damage|p2b: Grimmsnarl|0 fnt\n|faint|p2b: Grimmsnarl\n|move|p2a: Kingambit|Low Kick|p1a: Familia Pogui\n|-supereffective|p1a: Familia Pogui|1\n|-enditem|p1a: Familia Pogui|Chople Berry|[eat]\n|-enditem|p1a: Familia Pogui|Chople Berry|[weaken]\n|-damage|p1a: Familia Pogui|69/100\n|\n|-sideend|p1: juanfran66|Reflect\n|upkeep\n|\n|t:|1788381565\n|switch|p2b: Floette|Floette-Eternal, L50, F|100/100\n|turn|10\n|\n|t:|1788381582\n|switch|p1b: Pogui|Grimmsnarl, L50, M|100/100\n|detailschange|p2b: Floette|Floette-Mega, L50, F\n|-mega|p2b: Floette|Floette|Floettite\n|-ability|p2b: Floette|Fairy Aura\n|move|p2b: Floette|Dazzling Gleam|p1b: Pogui|[spread] p1a,p1b\n|-supereffective|p1b: Pogui|1\n|-damage|p1a: Familia Pogui|20/100y\n|-damage|p1b: Pogui|37/100\n|move|p1a: Familia Pogui|Super Fang|p2b: Floette\n|-damage|p2b: Floette|50/100g\n|move|p2a: Kingambit|Kowtow Cleave|p1a: Familia Pogui\n|-damage|p1a: Familia Pogui|0 fnt\n|faint|p1a: Familia Pogui\n|\n|upkeep\n|\n|t:|1788381596\n|switch|p1a: Sakura|Floette-Mega, L50, F|24/100\n|-ability|p1a: Sakura|Fairy Aura\n|turn|11\n|\n|t:|1788381620\n|move|p1b: Pogui|Fake Out|p2a: Kingambit\n|-resisted|p2a: Kingambit|1\n|-damage|p2a: Kingambit|59/100\n|move|p2b: Floette|Dazzling Gleam|p1a: Sakura|[spread] p1a,p1b\n|-supereffective|p1b: Pogui|1\n|-damage|p1a: Sakura|0 fnt\n|-damage|p1b: Pogui|0 fnt\n|faint|p1a: Sakura\n|faint|p1b: Pogui\n|cant|p2a: Kingambit|flinch\n|\n|upkeep\n|c|☆blu3falcon|gg\n|-message|juanfran66 forfeited.\n|\n|win|blu3falcon\n||blu3falcon is ready for game 2.\n","uploadtime":1788381633,"views":"0","formatid":"gen9championsvgc2026regmbbo3","rating":null,"private":0,"password":null}