{"id":"gen9championsvgc2026regmbbo3-2674101061","format":"[Gen 9 Champions] VGC 2026 Reg M-B (Bo3)","players":["bartcr0987","Mashuno"],"log":"|j|☆bartcr0987\n|j|☆Mashuno\n|html|<table width=\"100%\"><tr><td align=\"left\">bartcr0987</td><td align=\"right\">Mashuno</tr><tr><td align=\"left\"><i class=\"fa fa-circle-o\"></i> <i class=\"fa fa-circle-o\"></i> </td><td align=\"right\"><i class=\"fa fa-circle-o\"></i> <i class=\"fa fa-circle-o\"></i> </tr></table>\n|uhtml|bestof|<h2><strong>Game 1</strong> of <a href=\"/game-bestof3-gen9championsvgc2026regmbbo3-2674101060\">a best-of-3</a></h2>\n|t:|1788299259\n|gametype|doubles\n|player|p1|bartcr0987|2|1270\n|player|p2|Mashuno|harlequin|1206\n|gen|9\n|tier|[Gen 9 Champions] VGC 2026 Reg M-B (Bo3)\n|rated|\n|rule|Species Clause: Limit one of each Pokémon\n|rule|Item Clause: Limit 1 of each item\n|clearpoke\n|poke|p1|Charizard, L50, M, shiny|\n|poke|p1|Sneasler, L50, M, shiny|\n|poke|p1|Floette-Eternal, L50, F|\n|poke|p1|Kingambit, L50, F, shiny|\n|poke|p1|Farigiraf, L50, M|\n|poke|p1|Gliscor, L50, F|\n|poke|p2|Pelipper, L50, M|\n|poke|p2|Archaludon, L50, F|\n|poke|p2|Blastoise, L50, M|\n|poke|p2|Sinistcha, L50|\n|poke|p2|Sableye, L50, M|\n|poke|p2|Sneasler, L50, M|\n|teampreview|4\n|showteam|p1|Charizard||CharizarditeY|SolarPower|HeatWave,SolarBeam,WeatherBall,Protect|Modest||M|||50|]Sneasler||FocusSash|Unburden|DireClaw,CloseCombat,Protect,RockSlide|Jolly||M|||50|]Floette-Eternal||Floettite|FlowerVeil|Moonblast,DazzlingGleam,LightofRuin,Protect|Modest||F|||50|]Kingambit||ChopleBerry|Defiant|KowtowCleave,SuckerPunch,LowKick,Protect|Brave||F|||50|]Farigiraf||SitrusBerry|ArmorTail|TrickRoom,Protect,Psychic,Thunderbolt|Calm||M|||50|]Gliscor||LifeOrb|HyperCutter|Protect,HighHorsepower,Tailwind,DualWingbeat|Careful||F|||50|\n|showteam|p2|Pelipper||FocusSash|Drizzle|WeatherBall,Hurricane,Tailwind,RainDance|Timid||M|||50|]Archaludon||Leftovers|Stamina|Protect,DracoMeteor,FlashCannon,ElectroShot|Modest||F|||50|]Blastoise||Blastoisinite|RainDish|Protect,WaterSpout,DarkPulse,IceBeam|Modest||M|||50|]Sinistcha||SitrusBerry|Hospitality|MatchaGotcha,RagePowder,LifeDew,TrickRoom|Bold|||||50|]Sableye||LightClay|Prankster|FoulPlay,LightScreen,Reflect,RainDance|Impish||M|||50|]Sneasler||WhiteHerb|Unburden|FakeOut,DireClaw,CloseCombat,RockSlide|Jolly||M|||50|\n|c|☆Mashuno|gl hf <3\n|inactive|Battle timer is ON: inactive players will automatically lose when time's up. (requested by bartcr0987)\n|\n|t:|1788299316\n|teamsize|p1|4\n|teamsize|p2|4\n|start\n|switch|p1a: Sneasler|Sneasler, L50, M, shiny|100/100\n|switch|p1b: Kingambit|Kingambit, L50, F, shiny|100/100\n|switch|p2a: Blastoise|Blastoise, L50, M|100/100\n|switch|p2b: Sableye|Sableye, L50, M|100/100\n|turn|1\n|\n|t:|1788299337\n|move|p2a: Blastoise|Protect|p2a: Blastoise\n|-singleturn|p2a: Blastoise|Protect\n|move|p2b: Sableye|Reflect|p2b: Sableye\n|-sidestart|p2: Mashuno|Reflect\n|move|p1b: Kingambit|Sucker Punch||[still]\n|-fail|p1b: Kingambit\n|move|p1a: Sneasler|Close Combat|p2a: Blastoise\n|-activate|p2a: Blastoise|move: Protect\n|\n|upkeep\n|turn|2\n|\n|t:|1788299356\n|switch|p2a: Kocho|Sneasler, L50, M|100/100\n|move|p1a: Sneasler|Close Combat|p2a: Kocho\n|-resisted|p2a: Kocho|1\n|-damage|p2a: Kocho|63/100\n|-unboost|p1a: Sneasler|def|1\n|-unboost|p1a: Sneasler|spd|1\n|move|p2b: Sableye|Foul Play|p1a: Sneasler\n|-resisted|p1a: Sneasler|1\n|-damage|p1a: Sneasler|38/100\n|move|p1b: Kingambit|Kowtow Cleave|p2a: Kocho\n|-resisted|p2a: Kocho|1\n|-damage|p2a: Kocho|36/100\n|\n|upkeep\n|turn|3\n|inactive|bartcr0987 has 30 seconds left.\n|inactive|Mashuno has 30 seconds left.\n|inactive|Mashuno has 20 seconds left.\n|inactive|Mashuno has 15 seconds left.\n|\n|t:|1788299398\n|move|p1a: Sneasler|Protect|p1a: Sneasler\n|-singleturn|p1a: Sneasler|Protect\n|move|p1b: Kingambit|Protect|p1b: Kingambit\n|-singleturn|p1b: Kingambit|Protect\n|move|p2a: Kocho|Fake Out|p1a: Sneasler\n|-activate|p1a: Sneasler|move: Protect\n|move|p2b: Sableye|Foul Play|p1a: Sneasler\n|-activate|p1a: Sneasler|move: Protect\n|\n|upkeep\n|turn|4\n|\n|t:|1788299414\n|switch|p2a: Dai News|Pelipper, L50, M|100/100\n|-weather|RainDance|[from] ability: Drizzle|[of] p2a: Dai News\n|move|p1a: Sneasler|Close Combat|p2a: Dai News\n|-resisted|p2a: Dai News|1\n|-damage|p2a: Dai News|72/100\n|-unboost|p1a: Sneasler|def|1\n|-unboost|p1a: Sneasler|spd|1\n|move|p2b: Sableye|Foul Play|p1a: Sneasler\n|-resisted|p1a: Sneasler|1\n|-damage|p1a: Sneasler|0 fnt\n|faint|p1a: Sneasler\n|move|p1b: Kingambit|Kowtow Cleave|p2b: Sableye\n|-damage|p2b: Sableye|55/100\n|\n|-weather|RainDance|[upkeep]\n|upkeep\n|\n|t:|1788299421\n|switch|p1a: Farigiraf|Farigiraf, L50, M|100/100\n|turn|5\n|inactive|Mashuno has 30 seconds left.\n|\n|t:|1788299452\n|move|p2a: Dai News|Weather Ball|p1a: Farigiraf\n|-damage|p1a: Farigiraf|40/100\n|-enditem|p1a: Farigiraf|Sitrus Berry|[eat]\n|-heal|p1a: Farigiraf|65/100|[from] item: Sitrus Berry\n|move|p1a: Farigiraf|Thunderbolt|p2a: Dai News\n|-supereffective|p2a: Dai News|2\n|-damage|p2a: Dai News|0 fnt\n|faint|p2a: Dai News\n|move|p2b: Sableye|Foul Play|p1a: Farigiraf\n|-supereffective|p1a: Farigiraf|1\n|-damage|p1a: Farigiraf|21/100\n|move|p1b: Kingambit|Kowtow Cleave|p2b: Sableye\n|-damage|p2b: Sableye|12/100\n|\n|-weather|RainDance|[upkeep]\n|upkeep\n|\n|t:|1788299462\n|switch|p2a: Blastoise|Blastoise, L50, M|100/100\n|turn|6\n|\n|t:|1788299475\n|detailschange|p2a: Blastoise|Blastoise-Mega, L50, M\n|-mega|p2a: Blastoise|Blastoise|Blastoisinite\n|move|p1a: Farigiraf|Protect|p1a: Farigiraf\n|-singleturn|p1a: Farigiraf|Protect\n|move|p2a: Blastoise|Water Spout|p1a: Farigiraf|[spread] p1b\n|-activate|p1a: Farigiraf|move: Protect\n|-damage|p1b: Kingambit|0 fnt\n|faint|p1b: Kingambit\n|move|p2b: Sableye|Foul Play|p1a: Farigiraf\n|-activate|p1a: Farigiraf|move: Protect\n|\n|-weather|RainDance|[upkeep]\n|upkeep\n|\n|t:|1788299486\n|switch|p1b: Charizard|Charizard, L50, M, shiny|100/100\n|turn|7\n|\n|t:|1788299496\n|move|p1b: Charizard|Protect|p1b: Charizard\n|-singleturn|p1b: Charizard|Protect\n|move|p2b: Sableye|Rain Dance||[still]\n|-fail|p2b: Sableye\n|move|p2a: Blastoise|Water Spout|p1a: Farigiraf|[spread] p1a\n|-activate|p1b: Charizard|move: Protect\n|-damage|p1a: Farigiraf|0 fnt\n|faint|p1a: Farigiraf\n|\n|-weather|RainDance|[upkeep]\n|upkeep\n|turn|8\n|\n|t:|1788299513\n|detailschange|p1b: Charizard|Charizard-Mega-Y, L50, M, shiny\n|-mega|p1b: Charizard|Charizard|Charizardite Y\n|-weather|SunnyDay|[from] ability: Drought|[of] p1b: Charizard\n|move|p2b: Sableye|Rain Dance|p2b: Sableye\n|-weather|RainDance\n|move|p1b: Charizard|Solar Beam||[still]\n|-prepare|p1b: Charizard|Solar Beam\n|move|p2a: Blastoise|Water Spout|p1b: Charizard\n|-supereffective|p1b: Charizard|1\n|-damage|p1b: Charizard|0 fnt\n|faint|p1b: Charizard\n|\n|win|Mashuno\n||bartcr0987 is ready for game 2.\n||Mashuno is ready for game 2.\n|uhtml|next|Next: <a href=\"/battle-gen9championsvgc2026regmbbo3-2674102961\"><strong>Game 2 of 3</strong></a>\n","uploadtime":1788300033,"views":"5","formatid":"gen9championsvgc2026regmbbo3","rating":null,"private":0,"password":null}