{"id":"gen9championsvgc2026regmbbo3-2674664215","format":"[Gen 9 Champions] VGC 2026 Reg M-B (Bo3)","players":["eldanger10","Lxtar17"],"log":"|j|☆eldanger10\n|j|☆Lxtar17\n|html|<table width=\"100%\"><tr><td align=\"left\">eldanger10</td><td align=\"right\">Lxtar17</tr><tr><td align=\"left\"><i class=\"fa fa-circle\"></i> <i class=\"fa fa-circle-o\"></i> </td><td align=\"right\"><i class=\"fa fa-circle-o\"></i> <i class=\"fa fa-circle-o\"></i> </tr></table>\n|uhtml|bestof|<h2><strong>Game 2</strong> of <a href=\"/game-bestof3-gen9championsvgc2026regmbbo3-2674661787\">a best-of-3</a></h2>\n|t:|1788387114\n|gametype|doubles\n|player|p1|eldanger10|266|1135\n|player|p2|Lxtar17|266|1306\n|gen|9\n|tier|[Gen 9 Champions] VGC 2026 Reg M-B (Bo3)\n|rated|\n|rule|Species Clause: Limit one of each Pokémon\n|rule|Item Clause: Limit 1 of each item\n|clearpoke\n|poke|p1|Scovillain, L50, M, shiny|\n|poke|p1|Basculegion, L50, M|\n|poke|p1|Kingambit, L50, M|\n|poke|p1|Sneasler, L50, M|\n|poke|p1|Lycanroc-Dusk, L50, M|\n|poke|p1|Froslass, L50, F|\n|poke|p2|Charizard, L50, F|\n|poke|p2|Garchomp, L50, F|\n|poke|p2|Incineroar, L50, F|\n|poke|p2|Venusaur, L50, M|\n|poke|p2|Toxapex, L50, F|\n|poke|p2|Sylveon, L50, F|\n|teampreview|4\n|showteam|p1|Scovillain||Scovillainite|Moody|GigaDrain,Overheat,RagePowder,Protect|Bold||M|||50|]Basculegion||LifeOrb|Adaptability|WaveCrash,LastRespects,AquaJet,Protect|Adamant||M|||50|]Kingambit||BlackGlasses|Defiant|KowtowCleave,SuckerPunch,SwordsDance,Protect|Adamant||M|||50|]Sneasler||WhiteHerb|Unburden|CloseCombat,DireClaw,Protect,FakeOut|Adamant||M|||50|]Lycanroc-Dusk||FocusSash|ToughClaws|CloseCombat,Accelerock,RockSlide,Protect|Adamant||M|||50|]Froslass||Froslassite|CursedBody|Blizzard,ShadowBall,AuroraVeil,Protect|Timid||F|||50|\n|showteam|p2|Charizard||CharizarditeY|Blaze|WeatherBall,SolarBeam,Protect,HeatWave|Timid||F|||50|]Garchomp||ChoiceScarf|RoughSkin|Earthquake,DragonClaw,StompingTantrum,RockSlide|Jolly||F|||50|]Incineroar||SitrusBerry|Intimidate|FlareBlitz,FakeOut,Protect,PartingShot|Impish||F|||50|]Venusaur||FocusSash|Chlorophyll|Protect,SludgeBomb,EarthPower,SleepPowder|Modest||M|||50|]Toxapex||Leftovers|Regenerator|Infestation,Toxic,BanefulBunker,WideGuard|Bold||F|||50|]Sylveon||FairyFeather|Pixilate|HyperVoice,QuickAttack,HyperBeam,Detect|Modest||F|||50|\n|inactive|Battle timer is ON: inactive players will automatically lose when time's up. (requested by eldanger10)\n|\n|t:|1788387137\n|teamsize|p1|4\n|teamsize|p2|4\n|start\n|switch|p1a: DDee|Lycanroc-Dusk, L50, M|100/100\n|switch|p1b: Cisco|Sneasler, L50, M|100/100\n|switch|p2a: Garchomp|Garchomp, L50, F|100/100\n|switch|p2b: Charizard|Charizard, L50, F|100/100\n|turn|1\n|\n|t:|1788387157\n|move|p2b: Charizard|Protect|p2b: Charizard\n|-singleturn|p2b: Charizard|Protect\n|move|p1b: Cisco|Fake Out|p2a: Garchomp\n|-damage|p2a: Garchomp|86/100\n|-damage|p1b: Cisco|87/100|[from] ability: Rough Skin|[of] p2a: Garchomp\n|cant|p2a: Garchomp|flinch\n|move|p1a: DDee|Rock Slide|p2a: Garchomp|[spread] p2a\n|-activate|p2b: Charizard|move: Protect\n|-resisted|p2a: Garchomp|1\n|-damage|p2a: Garchomp|72/100\n|\n|upkeep\n|turn|2\n|\n|t:|1788387174\n|switch|p1b: Koala|Froslass, L50, F|100/100\n|switch|p2b: Toxapex|Toxapex, L50, F|100/100\n|move|p1a: DDee|Accelerock|p2b: Toxapex\n|-damage|p2b: Toxapex|80/100\n|move|p2a: Garchomp|Earthquake|p1b: Koala|[spread] p2b,p1a,p1b\n|-supereffective|p2b: Toxapex|1\n|-supereffective|p1a: DDee|1\n|-damage|p2b: Toxapex|31/100\n|-enditem|p1a: DDee|Focus Sash\n|-damage|p1a: DDee|1/100\n|-damage|p1b: Koala|45/100\n|-start|p2a: Garchomp|Disable|Earthquake|[from] ability: Cursed Body|[of] p1b: Koala\n|\n|-heal|p2b: Toxapex|36/100|[from] item: Leftovers\n|upkeep\n|turn|3\n|inactive|eldanger10 has 30 seconds left.\n|inactive|eldanger10 has 20 seconds left.\n|inactive|eldanger10 has 15 seconds left.\n|inactive|eldanger10 has 10 seconds left.\n|\n|t:|1788387220\n|switch|p2a: Charizard|Charizard, L50, F|100/100\n|switch|p1a: Kids|Kingambit, L50, M|100/100\n|detailschange|p1b: Koala|Froslass-Mega, L50, F\n|-mega|p1b: Koala|Froslass|Froslassite\n|-weather|Snowscape|[from] ability: Snow Warning|[of] p1b: Koala\n|move|p2b: Toxapex|Baneful Bunker|p2b: Toxapex\n|-singleturn|p2b: Toxapex|move: Protect\n|move|p1b: Koala|Aurora Veil|p1b: Koala\n|-sidestart|p1: eldanger10|move: Aurora Veil\n|\n|-weather|Snowscape|[upkeep]\n|-heal|p2b: Toxapex|42/100|[from] item: Leftovers\n|upkeep\n|turn|4\n|inactive|Lxtar17 has 30 seconds left.\n|\n|t:|1788387248\n|detailschange|p2a: Charizard|Charizard-Mega-Y, L50, F\n|-mega|p2a: Charizard|Charizard|Charizardite Y\n|-weather|SunnyDay|[from] ability: Drought|[of] p2a: Charizard\n|move|p1a: Kids|Sucker Punch|p2a: Charizard\n|-damage|p2a: Charizard|49/100\n|move|p1b: Koala|Blizzard|p2b: Toxapex|[spread] p2a,p2b\n|-resisted|p2b: Toxapex|1\n|-damage|p2a: Charizard|15/100\n|-damage|p2b: Toxapex|28/100\n|move|p2a: Charizard|Heat Wave|p1b: Koala|[spread] p1a,p1b\n|-supereffective|p1a: Kids|1\n|-supereffective|p1b: Koala|1\n|-damage|p1a: Kids|29/100\n|-damage|p1b: Koala|0 fnt\n|faint|p1b: Koala\n|move|p2b: Toxapex|Infestation|p1a: Kids\n|-damage|p1a: Kids|27/100\n|-activate|p1a: Kids|move: Infestation|[of] p2b: Toxapex\n|\n|-weather|SunnyDay|[upkeep]\n|-heal|p2b: Toxapex|33/100|[from] item: Leftovers\n|-damage|p1a: Kids|15/100|[from] move: Infestation|[partiallytrapped]\n|upkeep\n|\n|t:|1788387272\n|switch|p1b: Cisco|Sneasler, L50, M|87/100\n|turn|5\n|\n|t:|1788387287\n|move|p2a: Charizard|Protect|p2a: Charizard\n|-singleturn|p2a: Charizard|Protect\n|move|p2b: Toxapex|Baneful Bunker|p2b: Toxapex\n|-singleturn|p2b: Toxapex|move: Protect\n|move|p1b: Cisco|Close Combat|p2a: Charizard\n|-activate|p2a: Charizard|move: Protect\n|move|p1a: Kids|Swords Dance|p1a: Kids\n|-boost|p1a: Kids|atk|2\n|\n|-weather|SunnyDay|[upkeep]\n|-heal|p2b: Toxapex|39/100|[from] item: Leftovers\n|-damage|p1a: Kids|3/100|[from] move: Infestation|[partiallytrapped]\n|upkeep\n|turn|6\n|\n|t:|1788387307\n|switch|p2a: Garchomp|Garchomp, L50, F|72/100\n|move|p1b: Cisco|Close Combat|p2a: Garchomp\n|-damage|p2a: Garchomp|9/100\n|-unboost|p1b: Cisco|def|1\n|-unboost|p1b: Cisco|spd|1\n|-damage|p1b: Cisco|75/100|[from] ability: Rough Skin|[of] p2a: Garchomp\n|-enditem|p1b: Cisco|White Herb\n|-clearnegativeboost|p1b: Cisco|[silent]\n|move|p1a: Kids|Kowtow Cleave|p2b: Toxapex\n|-damage|p2b: Toxapex|0 fnt\n|faint|p2b: Toxapex\n|\n|-weather|SunnyDay|[upkeep]\n|-end|p1a: Kids|Infestation|[partiallytrapped]|[silent]\n|upkeep\n|\n|t:|1788387319\n|switch|p2b: Charizard|Charizard-Mega-Y, L50, F|15/100\n|turn|7\n|inactive|Lxtar17 has 30 seconds left.\n|\n|t:|1788387346\n|switch|p2b: Venusaur|Venusaur, L50, M|100/100\n|move|p1a: Kids|Sucker Punch||[still]\n|-fail|p1a: Kids\n|move|p1b: Cisco|Dire Claw|p2a: Garchomp\n|-resisted|p2a: Garchomp|1\n|-damage|p2a: Garchomp|0 fnt\n|-damage|p1b: Cisco|63/100|[from] ability: Rough Skin|[of] p2a: Garchomp\n|faint|p2a: Garchomp\n|\n|-weather|SunnyDay|[upkeep]\n|-sideend|p1: eldanger10|move: Aurora Veil\n|upkeep\n|\n|t:|1788387354\n|switch|p2a: Charizard|Charizard-Mega-Y, L50, F|15/100\n|turn|8\n|\n|t:|1788387369\n|move|p2a: Charizard|Protect|p2a: Charizard\n|-singleturn|p2a: Charizard|Protect\n|move|p1a: Kids|Protect|p1a: Kids\n|-singleturn|p1a: Kids|Protect\n|move|p1b: Cisco|Dire Claw|p2b: Venusaur\n|-damage|p2b: Venusaur|48/100\n|-status|p2b: Venusaur|par\n|move|p2b: Venusaur|Sleep Powder|p1b: Cisco|[miss]\n|-miss|p2b: Venusaur|p1b: Cisco\n|\n|-weather|none\n|upkeep\n|turn|9\n|\n|t:|1788387391\n|move|p1a: Kids|Sucker Punch|p2a: Charizard\n|-damage|p2a: Charizard|0 fnt\n|faint|p2a: Charizard\n|move|p1b: Cisco|Dire Claw|p2b: Venusaur\n|-damage|p2b: Venusaur|0 fnt\n|faint|p2b: Venusaur\n|\n|win|eldanger10\n|raw|eldanger10's rating: 1135 &rarr; <strong>1171</strong><br />(+36 for winning)\n|raw|Lxtar17's rating: 1306 &rarr; <strong>1277</strong><br />(-29 for losing)\n|l|☆Lxtar17\n|player|p2|\n","uploadtime":1788387441,"views":"2","formatid":"gen9championsvgc2026regmbbo3","rating":1171,"private":0,"password":null}