{"id":"gen9championsvgc2026regmb-2674720288","format":"[Gen 9 Champions] VGC 2026 Reg M-B","players":["tmacp","king angu"],"log":"|j|☆tmacp\n|j|☆king angu\n|html|<table width=\"100%\"><tr><td align=\"left\">tmacp</td><td align=\"right\">king angu</tr><tr><td align=\"left\"><i class=\"fa fa-circle-o\"></i> <i class=\"fa fa-circle-o\"></i> </td><td align=\"right\"><i class=\"fa fa-circle-o\"></i> <i class=\"fa fa-circle-o\"></i> </tr></table>\n|uhtml|bestof|<h2><strong>Game 1</strong> of <a href=\"/game-bestof3-gen9championsvgc2026regmb-2674720287\">a best-of-3</a></h2>\n|t:|1788395669\n|gametype|doubles\n|player|p1|tmacp|2|\n|player|p2|king angu|169|\n|gen|9\n|tier|[Gen 9 Champions] VGC 2026 Reg M-B\n|rule|Species Clause: Limit one of each Pokémon\n|rule|Item Clause: Limit 1 of each item\n|raw|<div class=\"infobox\"><details class=\"readmore\" open><summary><strong>1 custom rule:</strong></summary> Best of = 3</details></div>\n|clearpoke\n|poke|p1|Metagross, L50, shiny|\n|poke|p1|Grimmsnarl, L50, M, shiny|\n|poke|p1|Pelipper, L50, F, shiny|\n|poke|p1|Archaludon, L50, M, shiny|\n|poke|p1|Flareon, L50, M, shiny|\n|poke|p1|Clawitzer, L50, M, shiny|\n|poke|p2|Floette-Eternal, L50, F|\n|poke|p2|Kingambit, L50, M|\n|poke|p2|Kleavor, L50, M|\n|poke|p2|Torkoal, L50, F|\n|poke|p2|Vileplume, L50, M|\n|poke|p2|Farigiraf, L50, F|\n|teampreview|4\n|inactive|Battle timer is ON: inactive players will automatically lose when time's up. (requested by king angu)\n|j| jackofharts9\n|j| brehio11\ntmacp rejected open team sheets.\n|j| ripley98\n|inactive|tmacp has 60 seconds left.\n|inactive|king angu has 60 seconds left.\n|j| shinypantss\n|j| rileyjawn baby\n|inactive|king angu has 30 seconds left.\n|inactive|king angu has 20 seconds left.\n|inactive|king angu has 15 seconds left.\n|inactive|king angu has 10 seconds left.\n|inactive|king angu has 5 seconds left.\n|\n|t:|1788395757\n|teamsize|p1|4\n|teamsize|p2|4\n|start\n|switch|p1a: Mom I'm on TV|Grimmsnarl, L50, M, shiny|100/100\n|switch|p1b: Maine Local|Clawitzer, L50, M, shiny|100/100\n|switch|p2a: Kleavor|Kleavor, L50, M|100/100\n|switch|p2b: Floette|Floette-Eternal, L50, F|100/100\n|turn|1\n|inactive|tmacp has 30 seconds left.\n|inactive|king angu has 30 seconds left.\n|inactive|king angu has 20 seconds left.\n|inactive|king angu has 15 seconds left.\n|\n|t:|1788395798\n|detailschange|p2b: Floette|Floette-Mega, L50, F\n|-mega|p2b: Floette|Floette|Floettite\n|-ability|p2b: Floette|Fairy Aura\n|move|p1a: Mom I'm on TV|Light Screen|p1a: Mom I'm on TV\n|-sidestart|p1: tmacp|move: Light Screen\n|move|p2b: Floette|Calm Mind|p2b: Floette\n|-boost|p2b: Floette|spa|1\n|-boost|p2b: Floette|spd|1\n|move|p2a: Kleavor|Tailwind|p2a: Kleavor\n|-sidestart|p2: king angu|move: Tailwind\n|move|p1b: Maine Local|Water Pulse|p2a: Kleavor\n|-supereffective|p2a: Kleavor|1\n|-enditem|p2a: Kleavor|Focus Sash\n|-damage|p2a: Kleavor|1/100\n|-damage|p1b: Maine Local|90/100|[from] item: Life Orb\n|\n|upkeep\n|turn|2\n|inactive|king angu has 30 seconds left.\n|inactive|king angu has 20 seconds left.\n|\n|t:|1788395836\n|move|p1b: Maine Local|Protect|p1b: Maine Local\n|-singleturn|p1b: Maine Local|Protect\n|move|p1a: Mom I'm on TV|Parting Shot|p2b: Floette\n|-unboost|p2b: Floette|atk|1\n|-unboost|p2b: Floette|spa|1\n|\n|t:|1788395848\n|switch|p1a: Claw+|Metagross, L50, shiny|100/100|[from] Parting Shot\n|move|p2b: Floette|Dazzling Gleam|p1a: Claw+|[spread] p1a\n|-activate|p1b: Maine Local|move: Protect\n|-resisted|p1a: Claw+|1\n|-damage|p1a: Claw+|81/100\n|move|p2a: Kleavor|Rock Slide|p1b: Maine Local|[spread] p1a\n|-activate|p1b: Maine Local|move: Protect\n|-resisted|p1a: Claw+|1\n|-damage|p1a: Claw+|68/100\n|\n|upkeep\n|turn|3\n|inactive|tmacp has 30 seconds left.\n|inactive|king angu has 30 seconds left.\n|inactive|king angu has 20 seconds left.\n|inactive|king angu has 15 seconds left.\n|inactive|king angu has 10 seconds left.\n|inactive|king angu has 5 seconds left.\n|\n|t:|1788395903\n|detailschange|p1a: Claw+|Metagross-Mega, L50, shiny\n|-mega|p1a: Claw+|Metagross|Metagrossite\n|move|p2b: Floette|Dazzling Gleam|p1b: Maine Local|[spread] p1a,p1b\n|-resisted|p1a: Claw+|1\n|-damage|p1a: Claw+|52/100\n|-damage|p1b: Maine Local|57/100\n|move|p2a: Kleavor|Tailwind||[still]\n|-fail|p2a: Kleavor\n|move|p1a: Claw+|Iron Head|p2b: Floette\n|-supereffective|p2b: Floette|1\n|-damage|p2b: Floette|0 fnt\n|faint|p2b: Floette\n|move|p1b: Maine Local|Water Pulse|p2a: Kleavor\n|-supereffective|p2a: Kleavor|1\n|-damage|p2a: Kleavor|0 fnt\n|faint|p2a: Kleavor\n|-damage|p1b: Maine Local|48/100|[from] item: Life Orb\n|\n|upkeep\n|\n|t:|1788395920\n|switch|p2b: Farigiraf|Farigiraf, L50, F|100/100\n|switch|p2a: Kingambit|Kingambit, L50, M|100/100\n|turn|4\n|inactive|tmacp has 30 seconds left.\n|\n|t:|1788395950\n|move|p2a: Kingambit|Sucker Punch|p1a: Claw+\n|-supereffective|p1a: Claw+|1\n|-damage|p1a: Claw+|0 fnt\n|faint|p1a: Claw+\n|move|p2b: Farigiraf|Thunderbolt|p1b: Maine Local\n|-supereffective|p1b: Maine Local|1\n|-damage|p1b: Maine Local|1/100\n|move|p1b: Maine Local|Aura Sphere|p2a: Kingambit\n|-supereffective|p2a: Kingambit|2\n|-damage|p2a: Kingambit|0 fnt\n|faint|p2a: Kingambit\n|-damage|p1b: Maine Local|0 fnt|[from] item: Life Orb\n|faint|p1b: Maine Local\n|\n|-sideend|p2: king angu|move: Tailwind\n|upkeep\n|\n|t:|1788395963\n|switch|p1a: Mom I'm on TV|Grimmsnarl, L50, M, shiny|100/100\n|switch|p1b: Special Delivery|Pelipper, L50, F, shiny|100/100\n|-weather|RainDance|[from] ability: Drizzle|[of] p1b: Special Delivery\n|turn|5\n|\n|t:|1788395984\n|move|p1a: Mom I'm on TV|Parting Shot||[still]\n|cant|p2b: Farigiraf|ability: Armor Tail|Parting Shot|[of] p1a: Mom I'm on TV\n|move|p1b: Special Delivery|Hurricane|p2b: Farigiraf\n|-damage|p2b: Farigiraf|44/100\n|move|p2b: Farigiraf|Thunderbolt|p1b: Special Delivery\n|-supereffective|p1b: Special Delivery|2\n|-crit|p1b: Special Delivery\n|-damage|p1b: Special Delivery|0 fnt\n|faint|p1b: Special Delivery\n|\n|-weather|RainDance|[upkeep]\n|upkeep\n|turn|6\n|\n|t:|1788396007\n|move|p1a: Mom I'm on TV|Parting Shot||[still]\n|cant|p2b: Farigiraf|ability: Armor Tail|Parting Shot|[of] p1a: Mom I'm on TV\n|move|p2b: Farigiraf|Dazzling Gleam|p1a: Mom I'm on TV\n|-supereffective|p1a: Mom I'm on TV|1\n|-damage|p1a: Mom I'm on TV|69/100\n|\n|-weather|RainDance|[upkeep]\n|upkeep\n|turn|7\n|\n|t:|1788396016\n|move|p1a: Mom I'm on TV|Parting Shot||[still]\n|cant|p2b: Farigiraf|ability: Armor Tail|Parting Shot|[of] p1a: Mom I'm on TV\n|move|p2b: Farigiraf|Dazzling Gleam|p1a: Mom I'm on TV\n|-supereffective|p1a: Mom I'm on TV|1\n|-crit|p1a: Mom I'm on TV\n|-damage|p1a: Mom I'm on TV|6/100\n|\n|-weather|RainDance|[upkeep]\n|upkeep\n|turn|8\n|\n|t:|1788396024\n|move|p1a: Mom I'm on TV|Parting Shot||[still]\n|cant|p2b: Farigiraf|ability: Armor Tail|Parting Shot|[of] p1a: Mom I'm on TV\n|move|p2b: Farigiraf|Dazzling Gleam|p1a: Mom I'm on TV\n|-supereffective|p1a: Mom I'm on TV|1\n|-damage|p1a: Mom I'm on TV|0 fnt\n|faint|p1a: Mom I'm on TV\n|\n|win|king angu\n||tmacp is ready for game 2.\n|inactive|king angu has 30 seconds to confirm battle start!\n||king angu is ready for game 2.\n|uhtml|next|Next: <a href=\"/battle-gen9championsvgc2026regmb-2674722692\"><strong>Game 2 of 3</strong></a>\n","uploadtime":1788396044,"views":"8","formatid":"gen9championsvgc2026regmb","rating":null,"private":0,"password":null}