{"id":"gen9championsvgc2026regmbbo3-2673392526","format":"[Gen 9 Champions] VGC 2026 Reg M-B (Bo3)","players":["Master M-rada","humania1"],"log":"|j|☆Master M-rada\n|j|☆humania1\n|html|<table width=\"100%\"><tr><td align=\"left\">Master M-rada</td><td align=\"right\">humania1</tr><tr><td align=\"left\"><i class=\"fa fa-circle\"></i> <i class=\"fa fa-circle-o\"></i> </td><td align=\"right\"><i class=\"fa fa-circle-o\"></i> <i class=\"fa fa-circle-o\"></i> </tr></table>\n|uhtml|bestof|<h2><strong>Game 2</strong> of <a href=\"/game-bestof3-gen9championsvgc2026regmbbo3-2673390311\">a best-of-3</a></h2>\n|t:|1788192246\n|gametype|doubles\n|player|p1|Master M-rada|miku-ice|1248\n|player|p2|humania1|170|1097\n|gen|9\n|tier|[Gen 9 Champions] VGC 2026 Reg M-B (Bo3)\n|rated|\n|rule|Species Clause: Limit one of each Pokémon\n|rule|Item Clause: Limit 1 of each item\n|clearpoke\n|poke|p1|Gengar, L50, M, shiny|\n|poke|p1|Snorlax, L50, F|\n|poke|p1|Incineroar, L50, M|\n|poke|p1|Scrafty, L50, F, shiny|\n|poke|p1|Dragonite, L50, M|\n|poke|p1|Altaria, L50, F, shiny|\n|poke|p2|Blastoise, L50, F|\n|poke|p2|Delphox, L50, M, shiny|\n|poke|p2|Incineroar, L50, F|\n|poke|p2|Sinistcha, L50|\n|poke|p2|Sneasler, L50, M|\n|poke|p2|Vivillon, L50, F|\n|teampreview|4\n|showteam|p1|Gengar||Gengarite|CursedBody|PerishSong,ShadowBall,SludgeBomb,Protect|Modest||M|||50|]Snorlax||Leftovers|ThickFat|Yawn,Encore,Fissure,Protect|Relaxed||F|||50|]Incineroar||SitrusBerry|Intimidate|FlareBlitz,PartingShot,FakeOut,Protect|Relaxed||M|||50|]Scrafty||FocusSash|Intimidate|CloseCombat,KnockOff,FakeOut,Protect|Impish||F|||50|]Dragonite||LifeOrb|InnerFocus|DragonClaw,LowKick,ExtremeSpeed,Protect|Adamant||M|||50|]Altaria||HabanBerry|CloudNine|FireSpin,Roost,PerishSong,Protect|Calm||F|||50|\n|showteam|p2|Blastoise||Blastoisinite|Torrent|Protect,ShellSmash,WaterSpout,DarkPulse|Modest||F|||50|]Delphox||Delphoxite|Blaze|Protect,HeatWave,Psyshock,NastyPlot|Timid||M|||50|]Incineroar||PasshoBerry|Intimidate|FakeOut,PartingShot,FlareBlitz,ThroatChop|Impish||F|||50|]Sinistcha||SitrusBerry|Hospitality|Protect,MatchaGotcha,TrickRoom,RagePowder|Bold|||||50|]Sneasler||FocusSash|PoisonTouch|QuickGuard,FakeOut,CloseCombat,DireClaw|Jolly||M|||50|]Vivillon||ChoiceScarf|CompoundEyes|Hurricane,SleepPowder,RagePowder,Uturn|Timid||F|||50|\n|inactive|Battle timer is ON: inactive players will automatically lose when time's up. (requested by humania1)\n|inactive|Master M-rada also wants the timer to be on.\n|\n|t:|1788192252\n|teamsize|p1|4\n|teamsize|p2|4\n|start\n|switch|p1a: Gengar|Gengar, L50, M, shiny|100/100\n|switch|p1b: Dragonite|Dragonite, L50, M|100/100\n|switch|p2a: Blastoise|Blastoise, L50, F|100/100\n|switch|p2b: Incineroar|Incineroar, L50, F|100/100\n|-ability|p2b: Incineroar|Intimidate|boost\n|-unboost|p1a: Gengar|atk|1\n|-fail|p1b: Dragonite|unboost|Attack|[from] ability: Inner Focus|[of] p1b: Dragonite\n|turn|1\n|inactive|Master M-rada has 30 seconds left.\n|inactive|Master M-rada has 20 seconds left.\n|\n|t:|1788192287\n|detailschange|p1a: Gengar|Gengar-Mega, L50, M, shiny\n|-mega|p1a: Gengar|Gengar|Gengarite\n|detailschange|p2a: Blastoise|Blastoise-Mega, L50, F\n|-mega|p2a: Blastoise|Blastoise|Blastoisinite\n|move|p1a: Gengar|Protect|p1a: Gengar\n|-singleturn|p1a: Gengar|Protect\n|move|p2a: Blastoise|Water Spout|p1a: Gengar|[spread] p1b\n|-activate|p1a: Gengar|move: Protect\n|-resisted|p1b: Dragonite|1\n|-damage|p1b: Dragonite|69/100\n|move|p1b: Dragonite|Dragon Claw|p2a: Blastoise\n|-damage|p2a: Blastoise|44/100\n|-damage|p1b: Dragonite|59/100|[from] item: Life Orb\n|move|p2b: Incineroar|Throat Chop|p1a: Gengar\n|-activate|p1a: Gengar|move: Protect\n|\n|upkeep\n|turn|2\n|j| nosehabladebruno\n|\n|t:|1788192305\n|move|p1a: Gengar|Sludge Bomb|p2a: Blastoise\n|-damage|p2a: Blastoise|0 fnt\n|faint|p2a: Blastoise\n|move|p1b: Dragonite|Low Kick|p2b: Incineroar\n|-supereffective|p2b: Incineroar|1\n|-damage|p2b: Incineroar|37/100\n|-damage|p1b: Dragonite|49/100|[from] item: Life Orb\n|move|p2b: Incineroar|Throat Chop|p1a: Gengar\n|-supereffective|p1a: Gengar|1\n|-damage|p1a: Gengar|30/100\n|-start|p1a: Gengar|Throat Chop|[silent]\n|\n|upkeep\n|\n|t:|1788192305\n|switch|p2a: Sinistcha|Sinistcha, L50|100/100\n|-heal|p2b: Incineroar|61/100|[from] ability: Hospitality|[of] p2a: Sinistcha\n|turn|3\n|inactive|Master M-rada has 30 seconds left.\n|inactive|Master M-rada has 20 seconds left.\n|\n|t:|1788192341\n|move|p1a: Gengar|Protect|p1a: Gengar\n|-singleturn|p1a: Gengar|Protect\n|move|p1b: Dragonite|Protect|p1b: Dragonite\n|-singleturn|p1b: Dragonite|Protect\n|move|p2b: Incineroar|Throat Chop|p1a: Gengar\n|-activate|p1a: Gengar|move: Protect\n|move|p2a: Sinistcha|Trick Room|p2a: Sinistcha\n|-fieldstart|move: Trick Room|[of] p2a: Sinistcha\n|\n|-end|p1a: Gengar|Throat Chop|[silent]\n|upkeep\n|turn|4\n|\n|t:|1788192357\n|switch|p1a: Incineroar|Incineroar, L50, M|100/100\n|-ability|p1a: Incineroar|Intimidate|boost\n|-unboost|p2a: Sinistcha|atk|1\n|-unboost|p2b: Incineroar|atk|1\n|move|p2a: Sinistcha|Rage Powder|p2a: Sinistcha\n|-singleturn|p2a: Sinistcha|move: Rage Powder\n|move|p2b: Incineroar|Throat Chop|p1a: Incineroar\n|-resisted|p1a: Incineroar|1\n|-damage|p1a: Incineroar|93/100\n|-start|p1a: Incineroar|Throat Chop|[silent]\n|move|p1b: Dragonite|Dragon Claw|p2a: Sinistcha\n|-damage|p2a: Sinistcha|50/100g\n|-damage|p1b: Dragonite|40/100|[from] item: Life Orb\n|\n|upkeep\n|turn|5\n|\n|t:|1788192371\n|move|p1a: Incineroar|Flare Blitz|p2a: Sinistcha\n|-supereffective|p2a: Sinistcha|1\n|-damage|p2a: Sinistcha|0 fnt\n|faint|p2a: Sinistcha\n|-damage|p1a: Incineroar|78/100|[from] Recoil\n|move|p2b: Incineroar|Parting Shot|p1a: Incineroar\n|-unboost|p1a: Incineroar|atk|1\n|-unboost|p1a: Incineroar|spa|1\n|\n|t:|1788192371\n|switch|p2b: Delphox|Delphox, L50, M, shiny|100/100|[from] Parting Shot\n|move|p1b: Dragonite|Low Kick|p2b: Delphox\n|-resisted|p2b: Delphox|1\n|-damage|p2b: Delphox|76/100\n|-damage|p1b: Dragonite|30/100|[from] item: Life Orb\n|\n|-end|p1a: Incineroar|Throat Chop|[silent]\n|upkeep\n|\n|t:|1788192372\n|switch|p2a: Incineroar|Incineroar, L50, F|61/100\n|-ability|p2a: Incineroar|Intimidate|boost\n|-unboost|p1a: Incineroar|atk|1\n|-fail|p1b: Dragonite|unboost|Attack|[from] ability: Inner Focus|[of] p1b: Dragonite\n|turn|6\n|\n|t:|1788192391\n|move|p1b: Dragonite|Extreme Speed|p2b: Delphox\n|-damage|p2b: Delphox|20/100y\n|-damage|p1b: Dragonite|20/100y|[from] item: Life Orb\n|move|p1a: Incineroar|Parting Shot|p2b: Delphox\n|-unboost|p2b: Delphox|atk|1\n|-unboost|p2b: Delphox|spa|1\n|\n|t:|1788192397\n|switch|p1a: Snorlax|Snorlax, L50, F|100/100|[from] Parting Shot\n|move|p2a: Incineroar|Throat Chop|p1b: Dragonite\n|-damage|p1b: Dragonite|0 fnt\n|faint|p1b: Dragonite\n|move|p2b: Delphox|Nasty Plot|p2b: Delphox\n|-boost|p2b: Delphox|spa|2\n|\n|upkeep\n|\n|t:|1788192410\n|switch|p1b: Incineroar|Incineroar, L50, M|78/100\n|-ability|p1b: Incineroar|Intimidate|boost\n|-unboost|p2a: Incineroar|atk|1\n|-unboost|p2b: Delphox|atk|1\n|turn|7\n|\n|t:|1788192424\n|move|p1b: Incineroar|Fake Out|p2a: Incineroar\n|-damage|p2a: Incineroar|52/100\n|move|p1a: Snorlax|Yawn|p2a: Incineroar\n|-start|p2a: Incineroar|move: Yawn|[of] p1a: Snorlax\n|cant|p2a: Incineroar|flinch\n|move|p2b: Delphox|Nasty Plot|p2b: Delphox\n|-boost|p2b: Delphox|spa|2\n|\n|-fieldend|move: Trick Room\n|upkeep\n|turn|8\n|\n|t:|1788192440\n|move|p2b: Delphox|Psyshock|p1a: Snorlax\n|-damage|p1a: Snorlax|38/100\n|move|p2a: Incineroar|Flare Blitz|p1a: Snorlax\n|-damage|p1a: Snorlax|27/100\n|-damage|p2a: Incineroar|48/100|[from] Recoil\n|move|p1b: Incineroar|Flare Blitz|p2b: Delphox\n|-resisted|p2b: Delphox|1\n|-damage|p2b: Delphox|0 fnt\n|faint|p2b: Delphox\n|-damage|p1b: Incineroar|73/100|[from] Recoil\n|move|p1a: Snorlax|Yawn||[still]\n|-fail|p1a: Snorlax\n|\n|-heal|p1a: Snorlax|33/100|[from] item: Leftovers\n|-end|p2a: Incineroar|move: Yawn|[silent]\n|-status|p2a: Incineroar|slp\n|upkeep\n|turn|9\n|\n|t:|1788192455\n|switch|p1a: Gengar|Gengar-Mega, L50, M, shiny|30/100\n|cant|p2a: Incineroar|slp\n|move|p1b: Incineroar|Parting Shot|p2a: Incineroar\n|-unboost|p2a: Incineroar|atk|1\n|-unboost|p2a: Incineroar|spa|1\n|\n|t:|1788192461\n|switch|p1b: Snorlax|Snorlax, L50, F|33/100|[from] Parting Shot\n|\n|-heal|p1b: Snorlax|40/100|[from] item: Leftovers\n|upkeep\n|turn|10\n|\n|t:|1788192471\n|move|p1a: Gengar|Perish Song|p1a: Gengar\n|-start|p1a: Gengar|perish3|[silent]\n|-start|p1b: Snorlax|perish3|[silent]\n|-start|p2a: Incineroar|perish3|[silent]\n|-fieldactivate|move: Perish Song\n|cant|p2a: Incineroar|slp\n|move|p1b: Snorlax|Fissure|p2a: Incineroar\n|-damage|p2a: Incineroar|0 fnt\n|faint|p2a: Incineroar\n|-ohko\n|\n|win|Master M-rada\n|raw|Master M-rada's rating: 1248 &rarr; <strong>1263</strong><br />(+15 for winning)\n|raw|humania1's rating: 1097 &rarr; <strong>1082</strong><br />(-15 for losing)\n","uploadtime":1788192471,"views":"8","formatid":"gen9championsvgc2026regmbbo3","rating":1082,"private":0,"password":null}