{"id":"gen9championsvgc2026regmbbo3-2674885620","format":"[Gen 9 Champions] VGC 2026 Reg M-B (Bo3)","players":["DINOLONK","jule22"],"log":"|j|☆DINOLONK\n|j|☆jule22\n|html|<table width=\"100%\"><tr><td align=\"left\">DINOLONK</td><td align=\"right\">jule22</tr><tr><td align=\"left\"><i class=\"fa fa-circle-o\"></i> <i class=\"fa fa-circle-o\"></i> </td><td align=\"right\"><i class=\"fa fa-circle-o\"></i> <i class=\"fa fa-circle-o\"></i> </tr></table>\n|uhtml|bestof|<h2><strong>Game 1</strong> of <a href=\"/game-bestof3-gen9championsvgc2026regmbbo3-2674885619\">a best-of-3</a></h2>\n|t:|1788429090\n|gametype|doubles\n|player|p1|DINOLONK|parasollady-gen4|1451\n|player|p2|jule22|169|1451\n|gen|9\n|tier|[Gen 9 Champions] VGC 2026 Reg M-B (Bo3)\n|rated|\n|rule|Species Clause: Limit one of each Pokémon\n|rule|Item Clause: Limit 1 of each item\n|clearpoke\n|poke|p1|Dragonite, L50, M|\n|poke|p1|Sneasler, L50, M|\n|poke|p1|Kingambit, L50, F|\n|poke|p1|Basculegion, L50, M|\n|poke|p1|Whimsicott, L50, M|\n|poke|p1|Floette-Eternal, L50, F|\n|poke|p2|Delphox, L50, M|\n|poke|p2|Sneasler, L50, F|\n|poke|p2|Sinistcha, L50|\n|poke|p2|Blastoise, L50, F|\n|poke|p2|Incineroar, L50, M|\n|poke|p2|Maushold-Four, L50|\n|teampreview|4\n|showteam|p1|Dragonite||Dragoninite|InnerFocus|DragonPulse,HeatWave,Thunderbolt,Protect|Modest||M|||50|]Sneasler||WhiteHerb|Unburden|DireClaw,CloseCombat,RockSlide,FakeOut|Jolly||M|||50|]Kingambit||ChopleBerry|Defiant|KowtowCleave,SuckerPunch,LowKick,IronHead|Adamant||F|||50|]Basculegion||LifeOrb|Adaptability|WaveCrash,LastRespects,AquaJet,Protect|Adamant||M|||50|]Whimsicott||FocusSash|Prankster|Moonblast,Tailwind,Encore,Protect|Timid||M|||50|]Floette-Eternal||Floettite|FlowerVeil|Moonblast,DazzlingGleam,LightofRuin,Protect|Timid||F|||50|\n|showteam|p2|Delphox||Delphoxite|Blaze|HeatWave,Psyshock,NastyPlot,Protect|Timid||M|||50|]Sneasler||FocusSash|PoisonTouch|PoisonJab,CloseCombat,FakeOut,QuickGuard|Jolly||F|||50|]Sinistcha||OccaBerry|Hospitality|MatchaGotcha,RagePowder,LifeDew,Protect|Relaxed|||||50|]Blastoise||Blastoisinite|Torrent|WaterSpout,DarkPulse,ShellSmash,Protect|Modest||F|||50|]Incineroar||SitrusBerry|Intimidate|FlareBlitz,DarkestLariat,PartingShot,FakeOut|Impish||M|||50|]Maushold-Four||ChopleBerry|FriendGuard|FollowMe,SuperFang,Protect,Feint|Impish|||||50|\n|inactive|Battle timer is ON: inactive players will automatically lose when time's up. (requested by jule22)\n|inactive|DINOLONK also wants the timer to be on.\n|\n|t:|1788429107\n|teamsize|p1|4\n|teamsize|p2|4\n|start\n|switch|p1a: Dragonite|Dragonite, L50, M|100/100\n|switch|p1b: Sneasler|Sneasler, L50, M|100/100\n|switch|p2a: Sneasler|Sneasler, L50, F|100/100\n|switch|p2b: Blastoise|Blastoise, L50, F|100/100\n|turn|1\n|\n|t:|1788429126\n|detailschange|p1a: Dragonite|Dragonite-Mega, L50, M\n|-mega|p1a: Dragonite|Dragonite|Dragoninite\n|move|p2b: Blastoise|Protect|p2b: Blastoise\n|-singleturn|p2b: Blastoise|Protect\n|move|p2a: Sneasler|Poison Jab|p1b: Sneasler\n|-resisted|p1b: Sneasler|1\n|-damage|p1b: Sneasler|65/100\n|move|p1b: Sneasler|Dire Claw|p2b: Blastoise\n|-activate|p2b: Blastoise|move: Protect\n|move|p1a: Dragonite|Thunderbolt|p2b: Blastoise\n|-activate|p2b: Blastoise|move: Protect\n|\n|upkeep\n|turn|2\n|\n|t:|1788429136\n|switch|p2b: Sinistcha|Sinistcha, L50|100/100\n|move|p2a: Sneasler|Poison Jab|p1a: Dragonite\n|-crit|p1a: Dragonite\n|-damage|p1a: Dragonite|72/100\n|move|p1b: Sneasler|Close Combat|p2a: Sneasler\n|-resisted|p2a: Sneasler|1\n|-damage|p2a: Sneasler|47/100\n|-unboost|p1b: Sneasler|def|1\n|-unboost|p1b: Sneasler|spd|1\n|-enditem|p1b: Sneasler|White Herb\n|-clearnegativeboost|p1b: Sneasler|[silent]\n|move|p1a: Dragonite|Thunderbolt|p2b: Sinistcha\n|-resisted|p2b: Sinistcha|1\n|-damage|p2b: Sinistcha|80/100\n|\n|upkeep\n|turn|3\n|\n|t:|1788429160\n|move|p1b: Sneasler|Dire Claw|p2b: Sinistcha\n|-damage|p2b: Sinistcha|46/100\n|-status|p2b: Sinistcha|par\n|move|p2a: Sneasler|Poison Jab|p1a: Dragonite\n|-damage|p1a: Dragonite|30/100\n|-status|p1a: Dragonite|psn|[from] ability: Poison Touch|[of] p2a: Sneasler\n|move|p1a: Dragonite|Heat Wave|p2a: Sneasler|[spread] p2a,p2b\n|-supereffective|p2b: Sinistcha|1\n|-crit|p2b: Sinistcha\n|-enditem|p2b: Sinistcha|Occa Berry|[eat]\n|-enditem|p2b: Sinistcha|Occa Berry|[weaken]\n|-damage|p2a: Sneasler|6/100\n|-damage|p2b: Sinistcha|1/100 par\n|move|p2b: Sinistcha|Matcha Gotcha|p1a: Dragonite|[spread] p1a,p1b\n|-resisted|p1a: Dragonite|2\n|-resisted|p1b: Sneasler|1\n|-damage|p1a: Dragonite|24/100 psn\n|-heal|p2b: Sinistcha|4/100 par|[from] drain|[of] p1a: Dragonite\n|-damage|p1b: Sneasler|51/100\n|-heal|p2b: Sinistcha|11/100 par|[from] drain|[of] p1b: Sneasler\n|\n|-damage|p1a: Dragonite|12/100 psn|[from] psn\n|upkeep\n|turn|4\n|\n|t:|1788429179\n|switch|p1a: Whimsicott|Whimsicott, L50, M|100/100\n|move|p2b: Sinistcha|Rage Powder|p2b: Sinistcha\n|-singleturn|p2b: Sinistcha|move: Rage Powder\n|move|p1b: Sneasler|Rock Slide|p2a: Sneasler|[spread] p2a,p2b\n|-resisted|p2a: Sneasler|1\n|-damage|p2a: Sneasler|0 fnt\n|-damage|p2b: Sinistcha|0 fnt\n|faint|p2a: Sneasler\n|faint|p2b: Sinistcha\n|\n|upkeep\n|\n|t:|1788429183\n|switch|p2a: Maushold|Maushold-Four, L50|100/100\n|switch|p2b: Blastoise|Blastoise, L50, F|100/100\n|turn|5\n|\n|t:|1788429191\n|detailschange|p2b: Blastoise|Blastoise-Mega, L50, F\n|-mega|p2b: Blastoise|Blastoise|Blastoisinite\n|move|p2a: Maushold|Follow Me|p2a: Maushold\n|-singleturn|p2a: Maushold|move: Follow Me\n|move|p1a: Whimsicott|Tailwind|p1a: Whimsicott\n|-sidestart|p1: DINOLONK|move: Tailwind\n|move|p1b: Sneasler|Rock Slide|p2b: Blastoise|[spread] p2a,p2b\n|-damage|p2a: Maushold|80/100\n|-damage|p2b: Blastoise|85/100\n|move|p2b: Blastoise|Shell Smash|p2b: Blastoise\n|-unboost|p2b: Blastoise|def|1\n|-unboost|p2b: Blastoise|spd|1\n|-boost|p2b: Blastoise|atk|2\n|-boost|p2b: Blastoise|spa|2\n|-boost|p2b: Blastoise|spe|2\n|\n|upkeep\n|turn|6\n|\n|t:|1788429209\n|move|p1a: Whimsicott|Protect|p1a: Whimsicott\n|-singleturn|p1a: Whimsicott|Protect\n|move|p2a: Maushold|Follow Me|p2a: Maushold\n|-singleturn|p2a: Maushold|move: Follow Me\n|move|p1b: Sneasler|Dire Claw|p2a: Maushold\n|-damage|p2a: Maushold|37/100\n|move|p2b: Blastoise|Water Spout|p1b: Sneasler|[spread] p1b\n|-activate|p1a: Whimsicott|move: Protect\n|-damage|p1b: Sneasler|0 fnt\n|faint|p1b: Sneasler\n|\n|upkeep\n|\n|t:|1788429219\n|switch|p1b: Dragonite|Dragonite-Mega, L50, M|12/100 psn\n|turn|7\n|\n|t:|1788429235\n|move|p2b: Blastoise|Protect|p2b: Blastoise\n|-singleturn|p2b: Blastoise|Protect\n|move|p2a: Maushold|Feint|p1b: Dragonite\n|-damage|p1b: Dragonite|3/100 psn\n|move|p1a: Whimsicott|Moonblast|p2b: Blastoise\n|-activate|p2b: Blastoise|move: Protect\n|move|p1b: Dragonite|Dragon Pulse|p2a: Maushold\n|-damage|p2a: Maushold|0 fnt\n|faint|p2a: Maushold\n|\n|-damage|p1b: Dragonite|0 fnt|[from] psn\n|faint|p1b: Dragonite\n|upkeep\n|\n|t:|1788429243\n|switch|p1b: Basculegion|Basculegion, L50, M|100/100\n|turn|8\n|-message|jule22 forfeited.\n|\n|win|DINOLONK\n","uploadtime":1788429247,"views":"0","formatid":"gen9championsvgc2026regmbbo3","rating":null,"private":0,"password":null}