{"id":"gen9championsvgc2026regmbbo3-2674067201","format":"[Gen 9 Champions] VGC 2026 Reg M-B (Bo3)","players":["Buggy00k","4nye"],"log":"|j|☆Buggy00k\n|j|☆4nye\n|html|<table width=\"100%\"><tr><td align=\"left\">Buggy00k</td><td align=\"right\">4nye</tr><tr><td align=\"left\"><i class=\"fa fa-circle\"></i> <i class=\"fa fa-circle-o\"></i> </td><td align=\"right\"><i class=\"fa fa-circle-o\"></i> <i class=\"fa fa-circle\"></i> </tr></table>\n|uhtml|bestof|<h2><strong>Game 3</strong> of <a href=\"/game-bestof3-gen9championsvgc2026regmbbo3-2674062721\">a best-of-3</a></h2>\n|t:|1788294709\n|gametype|doubles\n|player|p1|Buggy00k|101|1086\n|player|p2|4nye|lyra|1164\n|gen|9\n|tier|[Gen 9 Champions] VGC 2026 Reg M-B (Bo3)\n|rated|\n|rule|Species Clause: Limit one of each Pokémon\n|rule|Item Clause: Limit 1 of each item\n|clearpoke\n|poke|p1|Froslass, L50, F|\n|poke|p1|Blaziken, L50, F, shiny|\n|poke|p1|Kingambit, L50, F, shiny|\n|poke|p1|Basculegion, L50, M|\n|poke|p1|Dragonite, L50, F, shiny|\n|poke|p1|Farigiraf, L50, M, shiny|\n|poke|p2|Incineroar, L50, M|\n|poke|p2|Farigiraf, L50, F|\n|poke|p2|Mawile, L50, F|\n|poke|p2|Basculegion, L50, M|\n|poke|p2|Ninetales-Alola, L50, F|\n|poke|p2|Raichu, L50, M|\n|teampreview|4\n|showteam|p1|Froslass||Froslassite|SnowCloak|ShadowBall,Blizzard,AuroraVeil,Protect|Timid||F|||50|]Blaziken||Blazikenite|SpeedBoost|FlareBlitz,CloseCombat,RockSlide,Detect|Adamant||F|||50|]Kingambit||ChopleBerry|Defiant|KowtowCleave,SuckerPunch,IronHead,Protect|Adamant||F|||50|]Basculegion||ChoiceScarf|Adaptability|FlipTurn,AquaJet,WaveCrash,LastRespects|Jolly||M|||50|]Dragonite||LifeOrb|InnerFocus|DragonClaw,ExtremeSpeed,LowKick,Protect|Adamant||F|||50|]Farigiraf||SitrusBerry|ArmorTail|Psychic,Thunderbolt,TrickRoom,NastyPlot|Relaxed||M|||50|\n|showteam|p2|Incineroar||PasshoBerry|Intimidate|FakeOut,FlareBlitz,PartingShot,Assurance|Impish||M|||50|]Farigiraf||SitrusBerry|ArmorTail|TrickRoom,Psychic,Thunderbolt,HelpingHand|Bold||F|||50|]Mawile||Mawilite|HyperCutter|Protect,SuckerPunch,PlayRough,IronHead|Brave||F|||50|]Basculegion||ChoiceScarf|Adaptability|WaveCrash,LastRespects,AquaJet,FlipTurn|Jolly||M|||50|]Ninetales-Alola||FocusSash|SnowWarning|Protect,Blizzard,FreezeDry,Moonblast|Timid||F|||50|]Raichu||RaichuniteY|LightningRod|Protect,ZapCannon,FocusBlast,VoltSwitch|Timid||M|||50|\n|c|☆4nye|o7\n|\n|t:|1788294757\n|teamsize|p1|4\n|teamsize|p2|4\n|start\n|switch|p1a: Farigiraf|Farigiraf, L50, M, shiny|100/100\n|switch|p1b: Blaziken|Blaziken, L50, F, shiny|100/100\n|switch|p2a: Mawile|Mawile, L50, F|100/100\n|switch|p2b: Farigiraf|Farigiraf, L50, F|100/100\n|turn|1\n|\n|t:|1788294784\n|detailschange|p1b: Blaziken|Blaziken-Mega, L50, F, shiny\n|-mega|p1b: Blaziken|Blaziken|Blazikenite\n|detailschange|p2a: Mawile|Mawile-Mega, L50, F\n|-mega|p2a: Mawile|Mawile|Mawilite\n|move|p1b: Blaziken|Detect|p1b: Blaziken\n|-singleturn|p1b: Blaziken|Protect\n|move|p2a: Mawile|Play Rough|p1a: Farigiraf\n|-damage|p1a: Farigiraf|33/100\n|-enditem|p1a: Farigiraf|Sitrus Berry|[eat]\n|-heal|p1a: Farigiraf|58/100|[from] item: Sitrus Berry\n|move|p2b: Farigiraf|Trick Room|p2b: Farigiraf\n|-fieldstart|move: Trick Room|[of] p2b: Farigiraf\n|move|p1a: Farigiraf|Trick Room|p1a: Farigiraf\n|-fieldend|move: Trick Room\n|\n|-ability|p1b: Blaziken|Speed Boost|boost\n|-boost|p1b: Blaziken|spe|1\n|upkeep\n|turn|2\n|\n|t:|1788294823\n|switch|p2a: Raichu|Raichu, L50, M|100/100\n|move|p1b: Blaziken|Flare Blitz|p2b: Farigiraf\n|-damage|p2b: Farigiraf|39/100\n|-enditem|p2b: Farigiraf|Sitrus Berry|[eat]\n|-heal|p2b: Farigiraf|63/100|[from] item: Sitrus Berry\n|-damage|p1b: Blaziken|73/100|[from] Recoil\n|move|p2b: Farigiraf|Psychic|p1b: Blaziken\n|-supereffective|p1b: Blaziken|1\n|-damage|p1b: Blaziken|0 fnt\n|faint|p1b: Blaziken\n|move|p1a: Farigiraf|Thunderbolt|p2a: Raichu\n|-activate|p2a: Raichu|ability: Lightning Rod\n|-ability|p2a: Raichu|Lightning Rod|boost\n|-boost|p2a: Raichu|spa|1\n|\n|upkeep\n|\n|t:|1788294849\n|switch|p1b: Basculegion|Basculegion, L50, M|100/100\n|turn|3\n|\n|t:|1788294874\n|move|p2a: Raichu|Protect|p2a: Raichu\n|-singleturn|p2a: Raichu|Protect\n|move|p1b: Basculegion|Last Respects|p2a: Raichu\n|-activate|p2a: Raichu|move: Protect\n|move|p2b: Farigiraf|Thunderbolt|p2a: Raichu\n|-activate|p2a: Raichu|ability: Lightning Rod\n|-activate|p2a: Raichu|move: Protect\n|move|p1a: Farigiraf|Nasty Plot|p1a: Farigiraf\n|-boost|p1a: Farigiraf|spa|2\n|\n|upkeep\n|turn|4\n|\n|t:|1788294910\n|switch|p2a: Basculegion|Basculegion, L50, M|100/100\n|move|p1b: Basculegion|Last Respects|p2a: Basculegion\n|-supereffective|p2a: Basculegion|1\n|-damage|p2a: Basculegion|0 fnt\n|faint|p2a: Basculegion\n|move|p1a: Farigiraf|Psychic|p2b: Farigiraf\n|-resisted|p2b: Farigiraf|1\n|-damage|p2b: Farigiraf|32/100\n|move|p2b: Farigiraf|Trick Room|p2b: Farigiraf\n|-fieldstart|move: Trick Room|[of] p2b: Farigiraf\n|\n|upkeep\n|\n|t:|1788294920\n|switch|p2a: Raichu|Raichu, L50, M|100/100\n|turn|5\n|\n|t:|1788294935\n|switch|p1b: Kingambit|Kingambit, L50, F, shiny|100/100\n|move|p1a: Farigiraf|Psychic|p2a: Raichu\n|-crit|p2a: Raichu\n|-damage|p2a: Raichu|0 fnt\n|faint|p2a: Raichu\n|move|p2b: Farigiraf|Trick Room|p2b: Farigiraf\n|-fieldend|move: Trick Room\n|\n|upkeep\n|\n|t:|1788294944\n|switch|p2a: Mawile|Mawile-Mega, L50, F|100/100\n|turn|6\n|\n|t:|1788294986\n|move|p1b: Kingambit|Kowtow Cleave|p2b: Farigiraf\n|-supereffective|p2b: Farigiraf|1\n|-damage|p2b: Farigiraf|0 fnt\n|faint|p2b: Farigiraf\n|move|p1a: Farigiraf|Thunderbolt|p2a: Mawile\n|-damage|p2a: Mawile|43/100\n|move|p2a: Mawile|Play Rough|p1a: Farigiraf\n|-damage|p1a: Farigiraf|0 fnt\n|faint|p1a: Farigiraf\n|\n|upkeep\n|\n|t:|1788294997\n|switch|p1a: Basculegion|Basculegion, L50, M|100/100\n|turn|7\n|\n|t:|1788295020\n|move|p2a: Mawile|Protect|p2a: Mawile\n|-singleturn|p2a: Mawile|Protect\n|move|p1a: Basculegion|Last Respects|p2a: Mawile\n|-activate|p2a: Mawile|move: Protect\n|move|p1b: Kingambit|Iron Head|p2a: Mawile\n|-activate|p2a: Mawile|move: Protect\n|\n|upkeep\n|turn|8\n|\n|t:|1788295032\n|move|p2a: Mawile|Sucker Punch|p1a: Basculegion\n|-supereffective|p1a: Basculegion|1\n|-damage|p1a: Basculegion|0 fnt\n|faint|p1a: Basculegion\n|move|p1b: Kingambit|Iron Head|p2a: Mawile\n|-damage|p2a: Mawile|1/100\n|\n|upkeep\n|turn|9\n|\n|t:|1788295040\n|move|p2a: Mawile|Protect|p2a: Mawile\n|-singleturn|p2a: Mawile|Protect\n|move|p1b: Kingambit|Sucker Punch||[still]\n|-fail|p1b: Kingambit\n|\n|upkeep\n|turn|10\n|\n|t:|1788295057\n|move|p2a: Mawile|Protect||[still]\n|-fail|p2a: Mawile\n|move|p1b: Kingambit|Iron Head|p2a: Mawile\n|-damage|p2a: Mawile|0 fnt\n|faint|p2a: Mawile\n|\n|win|Buggy00k\n|raw|Buggy00k's rating: 1086 &rarr; <strong>1119</strong><br />(+33 for winning)\n|raw|4nye's rating: 1164 &rarr; <strong>1133</strong><br />(-31 for losing)\n|c|☆4nye|gg\n|c|☆Buggy00k|gg\n|l|☆4nye\n|player|p2|\n","uploadtime":1788295074,"views":"5","formatid":"gen9championsvgc2026regmbbo3","rating":1119,"private":0,"password":null}