{"id":"gen9championsvgc2026regmb-2674006712","format":"[Gen 9 Champions] VGC 2026 Reg M-B","players":["TJRaynes","fun isnt fun"],"log":"|j|☆TJRaynes\n|j|☆fun isnt fun\n|t:|1788287433\n|gametype|doubles\n|player|p1|TJRaynes|marley|1406\n|player|p2|fun isnt fun|101|1355\n|gen|9\n|tier|[Gen 9 Champions] VGC 2026 Reg M-B\n|rated|\n|rule|Species Clause: Limit one of each Pokémon\n|rule|Item Clause: Limit 1 of each item\n|clearpoke\n|poke|p1|Gholdengo, L50|\n|poke|p1|Tyranitar, L50, F|\n|poke|p1|Incineroar, L50, F|\n|poke|p1|Excadrill, L50, F|\n|poke|p1|Rotom-Wash, L50|\n|poke|p1|Sinistcha, L50|\n|poke|p2|Houndoom, L50, M|\n|poke|p2|Venusaur, L50, M|\n|poke|p2|Torkoal, L50, M|\n|poke|p2|Farigiraf, L50, M|\n|poke|p2|Garchomp, L50, F|\n|poke|p2|Hatterene, L50, F|\n|teampreview|4\n|\n|t:|1788287487\n|teamsize|p1|4\n|teamsize|p2|4\n|start\n|switch|p1a: Tyranitar|Tyranitar, L50, F|100/100\n|switch|p1b: Excadrill|Excadrill, L50, F|100/100\n|switch|p2a: Garchomp|Garchomp, L50, F|100/100\n|switch|p2b: Venusaur|Venusaur, L50, M|100/100\n|-weather|Sandstorm|[from] ability: Sand Stream|[of] p1a: Tyranitar\n|turn|1\n|\n|t:|1788287509\n|switch|p1a: Incineroar|Incineroar, L50, F|100/100\n|-ability|p1a: Incineroar|Intimidate|boost\n|-unboost|p2a: Garchomp|atk|1\n|-unboost|p2b: Venusaur|atk|1\n|detailschange|p2b: Venusaur|Venusaur-Mega, L50, M\n|-mega|p2b: Venusaur|Venusaur|Venusaurite\n|move|p1b: Excadrill|Iron Head|p2b: Venusaur\n|-damage|p2b: Venusaur|58/100\n|move|p2a: Garchomp|Stomping Tantrum|p1a: Incineroar\n|-supereffective|p1a: Incineroar|1\n|-damage|p1a: Incineroar|42/100\n|-enditem|p1a: Incineroar|Sitrus Berry|[eat]\n|-heal|p1a: Incineroar|66/100|[from] item: Sitrus Berry\n|-damage|p2a: Garchomp|90/100|[from] item: Life Orb\n|move|p2b: Venusaur|Sleep Powder|p1b: Excadrill\n|-status|p1b: Excadrill|slp|[from] move: Sleep Powder\n|\n|-weather|Sandstorm|[upkeep]\n|-damage|p2b: Venusaur|52/100|[from] Sandstorm\n|-damage|p1a: Incineroar|60/100|[from] Sandstorm\n|upkeep\n|turn|2\n|\n|t:|1788287533\n|cant|p1b: Excadrill|slp\n|move|p2a: Garchomp|Stomping Tantrum|p1a: Incineroar\n|-supereffective|p1a: Incineroar|1\n|-damage|p1a: Incineroar|0 fnt\n|faint|p1a: Incineroar\n|-damage|p2a: Garchomp|80/100|[from] item: Life Orb\n|move|p2b: Venusaur|Sleep Powder|p1b: Excadrill\n|-fail|p1b: Excadrill|slp\n|\n|-weather|Sandstorm|[upkeep]\n|-damage|p2b: Venusaur|46/100|[from] Sandstorm\n|upkeep\n|\n|t:|1788287542\n|switch|p1a: Rotom|Rotom-Wash, L50|100/100\n|turn|3\n|\n|t:|1788287558\n|cant|p1b: Excadrill|slp\n|move|p2a: Garchomp|Stomping Tantrum|p1b: Excadrill\n|-supereffective|p1b: Excadrill|1\n|-damage|p1b: Excadrill|11/100 slp\n|-damage|p2a: Garchomp|70/100|[from] item: Life Orb\n|move|p2b: Venusaur|Giga Drain|p1a: Rotom\n|-supereffective|p1a: Rotom|1\n|-damage|p1a: Rotom|33/100\n|-heal|p2b: Venusaur|74/100|[from] drain|[of] p1a: Rotom\n|move|p1a: Rotom|Will-O-Wisp|p2a: Garchomp\n|-status|p2a: Garchomp|brn\n|\n|-weather|Sandstorm|[upkeep]\n|-damage|p2b: Venusaur|68/100|[from] Sandstorm\n|-damage|p1a: Rotom|28/100|[from] Sandstorm\n|-heal|p1a: Rotom|33/100|[from] item: Leftovers\n|-damage|p2a: Garchomp|64/100 brn|[from] brn\n|upkeep\n|turn|4\n|\n|t:|1788287572\n|-curestatus|p1b: Excadrill|slp|[msg]\n|move|p1b: Excadrill|Iron Head|p2b: Venusaur\n|-damage|p2b: Venusaur|29/100\n|move|p2a: Garchomp|Stomping Tantrum|p1b: Excadrill\n|-supereffective|p1b: Excadrill|1\n|-damage|p1b: Excadrill|0 fnt\n|faint|p1b: Excadrill\n|-damage|p2a: Garchomp|55/100 brn|[from] item: Life Orb\n|move|p2b: Venusaur|Giga Drain|p1a: Rotom\n|-supereffective|p1a: Rotom|1\n|-damage|p1a: Rotom|0 fnt\n|-heal|p2b: Venusaur|43/100|[from] drain|[of] p1a: Rotom\n|faint|p1a: Rotom\n|\n|-weather|Sandstorm|[upkeep]\n|-damage|p2b: Venusaur|37/100|[from] Sandstorm\n|-damage|p2a: Garchomp|49/100 brn|[from] brn\n|upkeep\n|\n|t:|1788287579\n|switch|p1b: Tyranitar|Tyranitar, L50, F|100/100\n|turn|5\n|\n|t:|1788287587\n|move|p2a: Garchomp|Stomping Tantrum|p1b: Tyranitar\n|-supereffective|p1b: Tyranitar|1\n|-damage|p1b: Tyranitar|68/100\n|-damage|p2a: Garchomp|39/100 brn|[from] item: Life Orb\n|move|p2b: Venusaur|Sleep Powder|p1b: Tyranitar\n|-status|p1b: Tyranitar|slp|[from] move: Sleep Powder\n|cant|p1b: Tyranitar|slp\n|\n|-weather|none\n|-damage|p2a: Garchomp|33/100 brn|[from] brn\n|upkeep\n|turn|6\n|\n|t:|1788287596\n|detailschange|p1b: Tyranitar|Tyranitar-Mega, L50, F\n|-mega|p1b: Tyranitar|Tyranitar|Tyranitarite\n|-weather|Sandstorm|[from] ability: Sand Stream|[of] p1b: Tyranitar\n|move|p2a: Garchomp|Stomping Tantrum|p1b: Tyranitar\n|-supereffective|p1b: Tyranitar|1\n|-damage|p1b: Tyranitar|46/100 slp\n|-damage|p2a: Garchomp|23/100 brn|[from] item: Life Orb\n|move|p2b: Venusaur|Giga Drain|p1b: Tyranitar\n|-supereffective|p1b: Tyranitar|1\n|-damage|p1b: Tyranitar|11/100 slp\n|-heal|p2b: Venusaur|55/100|[from] drain|[of] p1b: Tyranitar\n|cant|p1b: Tyranitar|slp\n|\n|-weather|Sandstorm|[upkeep]\n|-damage|p2b: Venusaur|49/100|[from] Sandstorm\n|-damage|p2a: Garchomp|17/100 brn|[from] brn\n|upkeep\n|turn|7\n|\n|t:|1788287608\n|move|p2a: Garchomp|Stomping Tantrum|p1b: Tyranitar\n|-supereffective|p1b: Tyranitar|1\n|-damage|p1b: Tyranitar|0 fnt\n|faint|p1b: Tyranitar\n|-damage|p2a: Garchomp|8/100 brn|[from] item: Life Orb\n|\n|win|fun isnt fun\n|raw|TJRaynes's rating: 1406 &rarr; <strong>1383</strong><br />(-23 for losing)\n|raw|fun isnt fun's rating: 1355 &rarr; <strong>1378</strong><br />(+23 for winning)\n|l|☆TJRaynes\n|player|p1|\n","uploadtime":1788287616,"views":"15","formatid":"gen9championsvgc2026regmb","rating":1378,"private":0,"password":null}