{"id":"gen9championsvgc2026regmb-2673930971","format":"[Gen 9 Champions] VGC 2026 Reg M-B","players":["Cantoc","jishade22"],"log":"|j|☆Cantoc\n|j|☆jishade22\n|html|<table width=\"100%\"><tr><td align=\"left\">Cantoc</td><td align=\"right\">jishade22</tr><tr><td align=\"left\"><i class=\"fa fa-circle\"></i> <i class=\"fa fa-circle-o\"></i> </td><td align=\"right\"><i class=\"fa fa-circle-o\"></i> <i class=\"fa fa-circle-o\"></i> </tr></table>\n|uhtml|bestof|<h2><strong>Game 2</strong> of <a href=\"/game-bestof3-gen9championsvgc2026regmb-2673928552\">a best-of-3</a></h2>\n|t:|1788278539\n|gametype|doubles\n|player|p1|Cantoc|marlon|\n|player|p2|jishade22|gambler|\n|gen|9\n|tier|[Gen 9 Champions] VGC 2026 Reg M-B\n|rule|Species Clause: Limit one of each Pokémon\n|rule|Item Clause: Limit 1 of each item\n|raw|<div class=\"infobox\"><details class=\"readmore\" open><summary><strong>1 custom rule:</strong></summary> Best of = 3</details></div>\n|clearpoke\n|poke|p1|Skarmory, L50, M, shiny|\n|poke|p1|Eelektross, L50, F, shiny|\n|poke|p1|Ninetales-Alola, L50, M|\n|poke|p1|Mamoswine, L50, F, shiny|\n|poke|p1|Grimmsnarl, L50, M|\n|poke|p1|Toxapex, L50, F|\n|poke|p2|Camerupt, L50, M|\n|poke|p2|Malamar, L50, F|\n|poke|p2|Sylveon, L50, F|\n|poke|p2|Metagross, L50|\n|poke|p2|Goodra, L50, F|\n|poke|p2|Krookodile, L50, M|\n|teampreview|4\nCantoc rejected open team sheets.\n|\n|t:|1788278612\n|teamsize|p1|4\n|teamsize|p2|4\n|start\n|switch|p1a: Grimm Day|Grimmsnarl, L50, M|100/100\n|switch|p1b: LEGO Brick|Toxapex, L50, F|100/100\n|switch|p2a: Camerupt|Camerupt, L50, M|100/100\n|switch|p2b: Malamar|Malamar, L50, F|100/100\n|turn|1\n|\n|t:|1788278634\n|detailschange|p2a: Camerupt|Camerupt-Mega, L50, M\n|-mega|p2a: Camerupt|Camerupt|Cameruptite\n|move|p1a: Grimm Day|Light Screen|p1a: Grimm Day\n|-sidestart|p1: Cantoc|move: Light Screen\n|move|p1b: LEGO Brick|Infestation|p2b: Malamar\n|-supereffective|p2b: Malamar|2\n|-damage|p2b: Malamar|83/100\n|-activate|p2b: Malamar|move: Infestation|[of] p1b: LEGO Brick\n|move|p2a: Camerupt|Earth Power|p1b: LEGO Brick\n|-supereffective|p1b: LEGO Brick|1\n|-damage|p1b: LEGO Brick|40/100\n|move|p2b: Malamar|Trick Room|p2b: Malamar\n|-fieldstart|move: Trick Room|[of] p2b: Malamar\n|\n|-heal|p1b: LEGO Brick|46/100|[from] item: Leftovers\n|-heal|p2b: Malamar|89/100|[from] item: Leftovers\n|-damage|p2b: Malamar|77/100|[from] move: Infestation|[partiallytrapped]\n|upkeep\n|turn|2\n|\n|t:|1788278664\n|move|p1b: LEGO Brick|Baneful Bunker|p1b: LEGO Brick\n|-singleturn|p1b: LEGO Brick|move: Protect\n|move|p1a: Grimm Day|Reflect|p1a: Grimm Day\n|-sidestart|p1: Cantoc|Reflect\n|move|p2a: Camerupt|Earth Power|p1b: LEGO Brick\n|-activate|p1b: LEGO Brick|move: Protect\n|move|p2b: Malamar|Thunderbolt|p1a: Grimm Day\n|-damage|p1a: Grimm Day|87/100\n|\n|-heal|p1b: LEGO Brick|52/100|[from] item: Leftovers\n|-heal|p2b: Malamar|83/100|[from] item: Leftovers\n|-damage|p2b: Malamar|70/100|[from] move: Infestation|[partiallytrapped]\n|upkeep\n|turn|3\n|\n|t:|1788278714\n|-heal|p1b: LEGO Brick|85/100|[from] ability: Regenerator|[silent]\n|switch|p1b: Worm on a String|Eelektross, L50, F, shiny|100/100\n|move|p2a: Camerupt|Earth Power|p1b: Worm on a String\n|-immune|p1b: Worm on a String|[from] ability: Levitate\n|move|p1a: Grimm Day|Spirit Break|p2a: Camerupt\n|-resisted|p2a: Camerupt|1\n|-damage|p2a: Camerupt|79/100\n|-unboost|p2a: Camerupt|spa|1\n|move|p2b: Malamar|Thunderbolt|p1a: Grimm Day\n|-damage|p1a: Grimm Day|75/100\n|\n|-heal|p2b: Malamar|77/100|[from] item: Leftovers\n|-end|p2b: Malamar|Infestation|[partiallytrapped]|[silent]\n|upkeep\n|turn|4\n|\n|t:|1788278766\n|detailschange|p1b: Worm on a String|Eelektross-Mega, L50, F, shiny\n|-mega|p1b: Worm on a String|Eelektross|Eelektrossite\n|move|p2a: Camerupt|Heat Wave|p1a: Grimm Day|[spread] p1a,p1b\n|-damage|p1a: Grimm Day|52/100\n|-damage|p1b: Worm on a String|78/100\n|move|p1a: Grimm Day|Spirit Break|p2b: Malamar\n|-supereffective|p2b: Malamar|1\n|-damage|p2b: Malamar|0 fnt\n|faint|p2b: Malamar\n|move|p1b: Worm on a String|Muddy Water|p2a: Camerupt\n|-supereffective|p2a: Camerupt|2\n|-damage|p2a: Camerupt|0 fnt\n|faint|p2a: Camerupt\n|-ability|p1b: Worm on a String|Eelevate|boost\n|-boost|p1b: Worm on a String|spa|1\n|\n|upkeep\n|\n|t:|1788278779\n|switch|p2a: Metagross|Metagross, L50|100/100\n|switch|p2b: Sylveon|Sylveon, L50, F|100/100\n|turn|5\n|\n|t:|1788278808\n|move|p2a: Metagross|Bullet Punch|p1a: Grimm Day\n|-supereffective|p1a: Grimm Day|1\n|-damage|p1a: Grimm Day|22/100\n|move|p1a: Grimm Day|Spirit Break|p2b: Sylveon\n|-damage|p2b: Sylveon|46/100\n|-unboost|p2b: Sylveon|spa|1\n|move|p2b: Sylveon|Hyper Voice|p1b: Worm on a String|[spread] p1a,p1b\n|-supereffective|p1a: Grimm Day|1\n|-damage|p1a: Grimm Day|0 fnt\n|-damage|p1b: Worm on a String|61/100\n|faint|p1a: Grimm Day\n|move|p1b: Worm on a String|Flamethrower|p2a: Metagross\n|-supereffective|p2a: Metagross|1\n|-damage|p2a: Metagross|9/100\n|\n|-fieldend|move: Trick Room\n|upkeep\n|\n|t:|1788278829\n|switch|p1a: LEGO Brick|Toxapex, L50, F|85/100\n|turn|6\n|\n|t:|1788278849\n|move|p2a: Metagross|Protect|p2a: Metagross\n|-singleturn|p2a: Metagross|Protect\n|move|p1a: LEGO Brick|Wide Guard|p1a: LEGO Brick\n|-singleturn|p1a: LEGO Brick|Wide Guard\n|move|p1b: Worm on a String|Muddy Water|p2b: Sylveon|[spread] p2b\n|-activate|p2a: Metagross|move: Protect\n|-damage|p2b: Sylveon|27/100\n|-unboost|p2b: Sylveon|accuracy|1\n|move|p2b: Sylveon|Hyper Voice|p1b: Worm on a String|[spread] \n|-activate|p1a: LEGO Brick|move: Wide Guard\n|-activate|p1b: Worm on a String|move: Wide Guard\n|\n|-heal|p1a: LEGO Brick|91/100|[from] item: Leftovers\n|upkeep\n|turn|7\n|\n|t:|1788278888\n|move|p1b: Worm on a String|Muddy Water|p2a: Metagross|[spread] p2a,p2b\n|-damage|p2a: Metagross|0 fnt\n|-damage|p2b: Sylveon|8/100\n|faint|p2a: Metagross\n|-ability|p1b: Worm on a String|Eelevate|boost\n|-boost|p1b: Worm on a String|spa|1\n|move|p2b: Sylveon|Yawn|p1a: LEGO Brick\n|-start|p1a: LEGO Brick|move: Yawn|[of] p2b: Sylveon\n|move|p1a: LEGO Brick|Toxic|p2b: Sylveon\n|-status|p2b: Sylveon|tox\n|\n|-heal|p1a: LEGO Brick|96/100|[from] item: Leftovers\n|-damage|p2b: Sylveon|2/100 tox|[from] psn\n|upkeep\n|turn|8\n|\n|t:|1788278904\n|move|p1a: LEGO Brick|Baneful Bunker|p1a: LEGO Brick\n|-singleturn|p1a: LEGO Brick|move: Protect\n|move|p1b: Worm on a String|Muddy Water|p2b: Sylveon\n|-damage|p2b: Sylveon|0 fnt\n|faint|p2b: Sylveon\n|\n|win|Cantoc\n","uploadtime":1788278911,"views":"1","formatid":"gen9championsvgc2026regmb","rating":null,"private":0,"password":null}