{"id":"gen9championsvgc2026regmbbo3-2674849243","format":"[Gen 9 Champions] VGC 2026 Reg M-B (Bo3)","players":["humania1","dumbass33"],"log":"|j|☆humania1\n|j|☆dumbass33\n|html|<table width=\"100%\"><tr><td align=\"left\">humania1</td><td align=\"right\">dumbass33</tr><tr><td align=\"left\"><i class=\"fa fa-circle-o\"></i> <i class=\"fa fa-circle-o\"></i> </td><td align=\"right\"><i class=\"fa fa-circle-o\"></i> <i class=\"fa fa-circle-o\"></i> </tr></table>\n|uhtml|bestof|<h2><strong>Game 1</strong> of <a href=\"/game-bestof3-gen9championsvgc2026regmbbo3-2674849242\">a best-of-3</a></h2>\n|t:|1788420667\n|gametype|doubles\n|player|p1|humania1|265|1042\n|player|p2|dumbass33|bellelba|1000\n|gen|9\n|tier|[Gen 9 Champions] VGC 2026 Reg M-B (Bo3)\n|rated|\n|rule|Species Clause: Limit one of each Pokémon\n|rule|Item Clause: Limit 1 of each item\n|clearpoke\n|poke|p1|Charizard, L50, F|\n|poke|p1|Whimsicott, L50, M|\n|poke|p1|Basculegion, L50, M|\n|poke|p1|Farigiraf, L50, M|\n|poke|p1|Kangaskhan, L50, F|\n|poke|p1|Sneasler, L50, M|\n|poke|p2|Gengar, L50, M|\n|poke|p2|Incineroar, L50, M|\n|poke|p2|Gholdengo, L50|\n|poke|p2|Clefable, L50, F|\n|poke|p2|Garchomp, L50, M|\n|poke|p2|Whimsicott, L50, F|\n|teampreview|4\n|showteam|p1|Charizard||CharizarditeY|SolarPower|WeatherBall,HeatWave,SolarBeam,Protect|Timid||F|||50|]Whimsicott||FocusSash|Prankster|Moonblast,Tailwind,SunnyDay,Encore|Timid||M|||50|]Basculegion||ChoiceScarf|Adaptability|WaveCrash,AquaJet,LastRespects,FlipTurn|Adamant||M|||50|]Farigiraf||SitrusBerry|ArmorTail|Psychic,HyperVoice,HelpingHand,TrickRoom|Modest||M|||50|]Kangaskhan||Kangaskhanite|Scrappy|FakeOut,DoubleEdge,DrainPunch,SuckerPunch|Adamant||F|||50|]Sneasler||WhiteHerb|Unburden|FakeOut,CloseCombat,DireClaw,RockTomb|Adamant||M|||50|\n|showteam|p2|Gengar||Gengarite|CursedBody|ShadowBall,Protect,PerishSong,Substitute|Jolly||M|||50|]Incineroar||ChestoBerry|Intimidate|PartingShot,Protect,FakeOut,Rest|Careful||M|||50|]Gholdengo||ChoiceScarf|GoodasGold|MakeItRain,Trick,Surf,ShadowBall|Modest|||||50|]Clefable||Leftovers|Unaware|LifeDew,FollowMe,Protect,Moonlight|Calm||F|||50|]Garchomp||LifeOrb|RoughSkin|RockSlide,Earthquake,SwordsDance,DragonClaw|Adamant||M|||50|]Whimsicott||FocusSash|Prankster|Memento,Tailwind,HelpingHand,Encore|Bold||F|||50|\n|inactive|Battle timer is ON: inactive players will automatically lose when time's up. (requested by humania1)\n|\n|t:|1788420678\n|teamsize|p1|4\n|teamsize|p2|4\n|start\n|switch|p1a: Farigiraf|Farigiraf, L50, M|100/100\n|switch|p1b: Kangaskhan|Kangaskhan, L50, F|100/100\n|switch|p2a: Whimsicott|Whimsicott, L50, F|100/100\n|switch|p2b: Garchomp|Garchomp, L50, M|100/100\n|turn|1\n|inactive|dumbass33 has 30 seconds left.\n|\n|t:|1788420707\n|switch|p2b: Clefable|Clefable, L50, F|100/100\n|switch|p2a: Gengar|Gengar, L50, M|100/100\n|detailschange|p1b: Kangaskhan|Kangaskhan-Mega, L50, F\n|-mega|p1b: Kangaskhan|Kangaskhan|Kangaskhanite\n|move|p1b: Kangaskhan|Double-Edge|p2a: Gengar\n|-immune|p2a: Gengar\n|move|p1a: Farigiraf|Hyper Voice|p2b: Clefable|[spread] p2b\n|-immune|p2a: Gengar\n|-damage|p2b: Clefable|77/100\n|\n|-heal|p2b: Clefable|83/100|[from] item: Leftovers\n|upkeep\n|turn|2\n|\n|t:|1788420725\n|detailschange|p2a: Gengar|Gengar-Mega, L50, M\n|-mega|p2a: Gengar|Gengar|Gengarite\n|move|p2b: Clefable|Follow Me|p2b: Clefable\n|-singleturn|p2b: Clefable|move: Follow Me\n|move|p1b: Kangaskhan|Sucker Punch||[still]\n|-fail|p1b: Kangaskhan\n|move|p2a: Gengar|Perish Song|p2a: Gengar\n|-start|p1a: Farigiraf|perish3|[silent]\n|-start|p1b: Kangaskhan|perish3|[silent]\n|-start|p2a: Gengar|perish3|[silent]\n|-start|p2b: Clefable|perish3|[silent]\n|-fieldactivate|move: Perish Song\n|move|p1a: Farigiraf|Psychic|p2b: Clefable\n|-damage|p2b: Clefable|56/100\n|\n|-heal|p2b: Clefable|62/100|[from] item: Leftovers\n|-start|p2a: Gengar|perish3\n|-start|p1b: Kangaskhan|perish3\n|-start|p1a: Farigiraf|perish3\n|-start|p2b: Clefable|perish3\n|upkeep\n|turn|3\n|\n|t:|1788420747\n|move|p2a: Gengar|Substitute|p2a: Gengar\n|-start|p2a: Gengar|Substitute\n|-damage|p2a: Gengar|75/100\n|move|p1b: Kangaskhan|Double-Edge|p2b: Clefable\n|-damage|p2b: Clefable|0 fnt\n|faint|p2b: Clefable\n|-damage|p1b: Kangaskhan|76/100|[from] Recoil\n|move|p1a: Farigiraf|Psychic|p2a: Gengar\n|-supereffective|p2a: Gengar|1\n|-end|p2a: Gengar|Substitute\n|\n|-start|p2a: Gengar|perish2\n|-start|p1b: Kangaskhan|perish2\n|-start|p1a: Farigiraf|perish2\n|upkeep\n|\n|t:|1788420761\n|switch|p2b: Garchomp|Garchomp, L50, M|100/100\n|turn|4\n|\n|t:|1788420766\n|move|p2a: Gengar|Protect|p2a: Gengar\n|-singleturn|p2a: Gengar|Protect\n|move|p1b: Kangaskhan|Sucker Punch||[still]\n|-fail|p1b: Kangaskhan\n|move|p2b: Garchomp|Swords Dance|p2b: Garchomp\n|-boost|p2b: Garchomp|atk|2\n|move|p1a: Farigiraf|Psychic|p2a: Gengar\n|-activate|p2a: Gengar|move: Protect\n|\n|-start|p2a: Gengar|perish1\n|-start|p1b: Kangaskhan|perish1\n|-start|p1a: Farigiraf|perish1\n|upkeep\n|turn|5\n|\n|t:|1788420784\n|switch|p2a: Whimsicott|Whimsicott, L50, F|100/100\n|move|p1b: Kangaskhan|Sucker Punch||[still]\n|-fail|p1b: Kangaskhan\n|move|p2b: Garchomp|Earthquake|p1b: Kangaskhan|[spread] p2a,p1a,p1b\n|-resisted|p2a: Whimsicott|1\n|-damage|p2a: Whimsicott|52/100\n|-damage|p1a: Farigiraf|0 fnt\n|-damage|p1b: Kangaskhan|0 fnt\n|faint|p1a: Farigiraf\n|faint|p1b: Kangaskhan\n|-damage|p2b: Garchomp|90/100|[from] item: Life Orb\n|\n|upkeep\n|\n|t:|1788420784\n|switch|p1b: Sneasler|Sneasler, L50, M|100/100\n|switch|p1a: Basculegion|Basculegion, L50, M|100/100\n|turn|6\n|\n|t:|1788420802\n|move|p2a: Whimsicott|Tailwind|p2a: Whimsicott\n|-sidestart|p2: dumbass33|move: Tailwind\n|move|p2b: Garchomp|Earthquake|p1b: Sneasler|[spread] p2a,p1a,p1b\n|-resisted|p2a: Whimsicott|1\n|-supereffective|p1b: Sneasler|1\n|-damage|p2a: Whimsicott|5/100\n|-damage|p1a: Basculegion|0 fnt\n|-damage|p1b: Sneasler|0 fnt\n|faint|p1a: Basculegion\n|faint|p1b: Sneasler\n|-damage|p2b: Garchomp|80/100|[from] item: Life Orb\n|\n|win|dumbass33\n","uploadtime":1788420802,"views":"4","formatid":"gen9championsvgc2026regmbbo3","rating":null,"private":0,"password":null}