{"id":"gen9championsvgc2026regmb-2674388594","format":"[Gen 9 Champions] VGC 2026 Reg M-B","players":["endershovel","hellfire_dg"],"log":"|j|☆endershovel\n|j|☆hellfire_dg\n|t:|1788353357\n|gametype|doubles\n|player|p1|endershovel|miku-water|\n|player|p2|hellfire_dg|n|\n|gen|9\n|tier|[Gen 9 Champions] VGC 2026 Reg M-B\n|rated|Tournament battle\n|rule|Species Clause: Limit one of each Pokémon\n|rule|Item Clause: Limit 1 of each item\n|raw|<div class=\"infobox\"><details class=\"readmore\" open><summary><strong>1 custom rule:</strong></summary> Force Open Team Sheets</details></div>\n|clearpoke\n|poke|p1|Starmie, L50, shiny|\n|poke|p1|Sneasler, L50, F|\n|poke|p1|Pelipper, L50, M|\n|poke|p1|Archaludon, L50, F|\n|poke|p1|Sinistcha-Masterpiece, L50|\n|poke|p1|Kingambit, L50, M|\n|poke|p2|Charizard, L50, M, shiny|\n|poke|p2|Sinistcha-Masterpiece, L50, shiny|\n|poke|p2|Milotic, L50, M, shiny|\n|poke|p2|Kingambit, L50, M, shiny|\n|poke|p2|Raichu, L50, M, shiny|\n|poke|p2|Ninetales-Alola, L50, F, shiny|\n|teampreview|4\n|showteam|p1|Starmie||Starminite|NaturalCure|Liquidation,ZenHeadbutt,AquaJet,Protect|Jolly|||||50|]Sneasler||FocusSash|PoisonTouch|CloseCombat,DireClaw,Coaching,FakeOut|Jolly||F|||50|]Pelipper||SitrusBerry|Drizzle|Hurricane,MuddyWater,Tailwind,WideGuard|Modest||M|||50|]Archaludon||Leftovers|Stamina|ElectroShot,FlashCannon,DragonPulse,Protect|Modest||F|||50|]Sinistcha-Masterpiece||ColburBerry|Hospitality|MatchaGotcha,RagePowder,TrickRoom,Protect|Calm|||||50|]Kingambit||BlackGlasses|Defiant|KowtowCleave,SuckerPunch,SwordsDance,Protect|Adamant||M|||50|\n|showteam|p2|Charizard||CharizarditeX|Blaze|DragonClaw,FlareBlitz,DragonDance,Protect|Adamant||M|||50|]Sinistcha-Masterpiece||KasibBerry|Hospitality|MatchaGotcha,LifeDew,RagePowder,TrickRoom|Modest|||||50|]Milotic||Leftovers|Competitive|MuddyWater,Hypnosis,Recover,Coil|Modest||M|||50|]Kingambit||FocusSash|Defiant|SuckerPunch,IronHead,KowtowCleave,Protect|Adamant||M|||50|]Raichu||RaichuniteY|LightningRod|ZapCannon,FocusBlast,NastyPlot,Protect|Timid||M|||50|]Ninetales-Alola||LightClay|SnowWarning|FreezeDry,AuroraVeil,DazzlingGleam,Blizzard|Timid||F|||50|\n|inactive|Battle timer is ON: inactive players will automatically lose when time's up. (requested by hellfire_dg)\n|\n|t:|1788353386\n|teamsize|p1|4\n|teamsize|p2|4\n|start\n|switch|p1a: Sneasler|Sneasler, L50, F|100/100\n|switch|p1b: Pelipper|Pelipper, L50, M|100/100\n|switch|p2a: Godchu|Raichu, L50, M, shiny|100/100\n|switch|p2b: Matcha|Sinistcha-Masterpiece, L50, shiny|100/100\n|-weather|RainDance|[from] ability: Drizzle|[of] p1b: Pelipper\n|turn|1\n|\n|t:|1788353396\n|switch|p2b: Fox|Ninetales-Alola, L50, F, shiny|100/100\n|-weather|Snowscape|[from] ability: Snow Warning|[of] p2b: Fox\n|move|p2a: Godchu|Protect|p2a: Godchu\n|-singleturn|p2a: Godchu|Protect\n|move|p1a: Sneasler|Fake Out|p2a: Godchu\n|-activate|p2a: Godchu|move: Protect\n|move|p1b: Pelipper|Hurricane|p2b: Fox\n|-damage|p2b: Fox|53/100\n|\n|-weather|Snowscape|[upkeep]\n|upkeep\n|turn|2\n|\n|t:|1788353403\n|switch|p1b: Sinistcha|Sinistcha-Masterpiece, L50|100/100\n|detailschange|p2a: Godchu|Raichu-Mega-Y, L50, M, shiny\n|-mega|p2a: Godchu|Raichu|Raichunite Y\n|move|p2a: Godchu|Zap Cannon|p1a: Sneasler\n|-damage|p1a: Sneasler|2/100\n|-status|p1a: Sneasler|par\n|move|p2b: Fox|Dazzling Gleam|p1a: Sneasler|[spread] p1a,p1b\n|-damage|p1a: Sneasler|0 fnt\n|-damage|p1b: Sinistcha|79/100\n|faint|p1a: Sneasler\n|\n|-weather|Snowscape|[upkeep]\n|upkeep\n|j| copper05\n|\n|t:|1788353414\n|switch|p1a: Starmie|Starmie, L50, shiny|100/100\n|turn|3\n|l| copper05\n|j| VannacciVGC\n|\n|t:|1788353423\n|switch|p2a: Matcha|Sinistcha-Masterpiece, L50, shiny|100/100\n|-heal|p2b: Fox|78/100|[from] ability: Hospitality|[of] p2a: Matcha\n|move|p1a: Starmie|Protect|p1a: Starmie\n|-singleturn|p1a: Starmie|Protect\n|move|p1b: Sinistcha|Protect|p1b: Sinistcha\n|-singleturn|p1b: Sinistcha|Protect\n|move|p2b: Fox|Blizzard|p1a: Starmie|[spread] \n|-activate|p1a: Starmie|move: Protect\n|-activate|p1b: Sinistcha|move: Protect\n|\n|-weather|Snowscape|[upkeep]\n|upkeep\n|turn|4\n|l| VannacciVGC\n|\n|t:|1788353433\n|switch|p1a: Pelipper|Pelipper, L50, M|100/100\n|-weather|RainDance|[from] ability: Drizzle|[of] p1a: Pelipper\n|move|p2b: Fox|Aurora Veil||[still]\n|-fail|p2b: Fox\n|move|p2a: Matcha|Matcha Gotcha|p1a: Pelipper|[spread] p1a,p1b\n|-resisted|p1b: Sinistcha|1\n|-damage|p1a: Pelipper|59/100\n|-damage|p1b: Sinistcha|64/100\n|move|p1b: Sinistcha|Trick Room|p1b: Sinistcha\n|-fieldstart|move: Trick Room|[of] p1b: Sinistcha\n|\n|-weather|RainDance|[upkeep]\n|upkeep\n|turn|5\n|\n|t:|1788353441\n|move|p2a: Matcha|Matcha Gotcha|p1b: Sinistcha|[spread] p1b\n|-miss|p2a: Matcha|p1a: Pelipper\n|-resisted|p1b: Sinistcha|1\n|-damage|p1b: Sinistcha|49/100\n|-status|p1b: Sinistcha|brn\n|move|p1b: Sinistcha|Matcha Gotcha|p2b: Fox|[spread] p2a,p2b\n|-resisted|p2a: Matcha|1\n|-damage|p2a: Matcha|86/100\n|-heal|p1b: Sinistcha|56/100 brn|[from] drain|[of] p2a: Matcha\n|-damage|p2b: Fox|47/100\n|-heal|p1b: Sinistcha|69/100 brn|[from] drain|[of] p2b: Fox\n|move|p1a: Pelipper|Hurricane|p2a: Matcha\n|-supereffective|p2a: Matcha|1\n|-damage|p2a: Matcha|0 fnt\n|faint|p2a: Matcha\n|move|p2b: Fox|Freeze-Dry|p1a: Pelipper\n|-supereffective|p1a: Pelipper|2\n|-crit|p1a: Pelipper\n|-damage|p1a: Pelipper|0 fnt\n|faint|p1a: Pelipper\n|\n|-weather|RainDance|[upkeep]\n|-damage|p1b: Sinistcha|62/100 brn|[from] brn\n|upkeep\n|\n|t:|1788353445\n|switch|p2a: King Gambit|Kingambit, L50, M, shiny|100/100\n|switch|p1a: Starmie|Starmie, L50, shiny|100/100\n|turn|6\n|\n|t:|1788353457\n|move|p1a: Starmie|Protect|p1a: Starmie\n|-singleturn|p1a: Starmie|Protect\n|move|p2a: King Gambit|Kowtow Cleave|p1a: Starmie\n|-activate|p1a: Starmie|move: Protect\n|move|p1b: Sinistcha|Matcha Gotcha|p2a: King Gambit|[spread] p2a,p2b\n|-resisted|p2a: King Gambit|1\n|-damage|p2a: King Gambit|85/100\n|-heal|p1b: Sinistcha|71/100 brn|[from] drain|[of] p2a: King Gambit\n|-damage|p2b: Fox|14/100\n|-heal|p1b: Sinistcha|85/100 brn|[from] drain|[of] p2b: Fox\n|-status|p2a: King Gambit|brn\n|move|p2b: Fox|Freeze-Dry|p1b: Sinistcha\n|-supereffective|p1b: Sinistcha|1\n|-damage|p1b: Sinistcha|31/100 brn\n|\n|-weather|RainDance|[upkeep]\n|-damage|p2a: King Gambit|80/100 brn|[from] brn\n|-damage|p1b: Sinistcha|25/100 brn|[from] brn\n|upkeep\n|turn|7\n|c|☆hellfire_dg|wtf\n|\n|t:|1788353472\n|detailschange|p1a: Starmie|Starmie-Mega, L50, shiny\n|-mega|p1a: Starmie|Starmie|Starminite\n|move|p1b: Sinistcha|Rage Powder|p1b: Sinistcha\n|-singleturn|p1b: Sinistcha|move: Rage Powder\n|move|p2a: King Gambit|Sucker Punch||[still]\n|-fail|p2a: King Gambit\n|move|p2b: Fox|Dazzling Gleam|p1b: Sinistcha|[spread] p1a,p1b\n|-damage|p1a: Starmie|77/100\n|-damage|p1b: Sinistcha|2/100 brn\n|move|p1a: Starmie|Liquidation|p2a: King Gambit\n|-damage|p2a: King Gambit|5/100 brn\n|\n|-weather|RainDance|[upkeep]\n|-damage|p2a: King Gambit|0 fnt|[from] brn\n|faint|p2a: King Gambit\n|-damage|p1b: Sinistcha|0 fnt|[from] brn\n|faint|p1b: Sinistcha\n|upkeep\n|\n|t:|1788353476\n|switch|p2a: Godchu|Raichu-Mega-Y, L50, M, shiny|100/100\n|turn|8\n|\n|t:|1788353482\n|move|p2a: Godchu|Protect|p2a: Godchu\n|-singleturn|p2a: Godchu|Protect\n|move|p2b: Fox|Dazzling Gleam|p1a: Starmie\n|-damage|p1a: Starmie|46/100\n|move|p1a: Starmie|Liquidation|p2a: Godchu\n|-activate|p2a: Godchu|move: Protect\n|\n|-weather|none\n|-fieldend|move: Trick Room\n|upkeep\n|turn|9\n|\n|t:|1788353489\n|move|p1a: Starmie|Aqua Jet|p2a: Godchu\n|-damage|p2a: Godchu|40/100\n|move|p2a: Godchu|Zap Cannon|p1a: Starmie\n|-supereffective|p1a: Starmie|1\n|-damage|p1a: Starmie|0 fnt\n|faint|p1a: Starmie\n|\n|win|hellfire_dg\n|n|☆endershovel|endershovel\n|n|☆hellfire_dg|hellfiredg\n","uploadtime":1788353489,"views":"0","formatid":"gen9championsvgc2026regmb","rating":null,"private":0,"password":null}