{"id":"gen9championsvgc2026regmb-2674144292","format":"[Gen 9 Champions] VGC 2026 Reg M-B","players":["tudovaitudoefase","srpatata2207"],"log":"|j|☆tudovaitudoefase\n|j|☆srpatata2207\n|t:|1788305719\n|gametype|doubles\n|player|p1|tudovaitudoefase|crasherwake|1158\n|player|p2|srpatata2207|miku-psychic|1207\n|gen|9\n|tier|[Gen 9 Champions] VGC 2026 Reg M-B\n|rated|\n|rule|Species Clause: Limit one of each Pokémon\n|rule|Item Clause: Limit 1 of each item\n|clearpoke\n|poke|p1|Overqwil, L50, F|\n|poke|p1|Sableye, L50, M|\n|poke|p1|Delphox, L50, M|\n|poke|p1|Rotom-Mow, L50|\n|poke|p1|Sinistcha, L50|\n|poke|p1|Ninetales, L50, M|\n|poke|p2|Goodra-Hisui, L50, F|\n|poke|p2|Aerodactyl, L50, M, shiny|\n|poke|p2|Dragapult, L50, M|\n|poke|p2|Clefable, L50, M, shiny|\n|poke|p2|Sinistcha-Masterpiece, L50, shiny|\n|poke|p2|Incineroar, L50, F|\n|teampreview|4\n|inactive|Battle timer is ON: inactive players will automatically lose when time's up. (requested by tudovaitudoefase)\n|\n|t:|1788305745\n|teamsize|p1|4\n|teamsize|p2|4\n|start\n|switch|p1a: Sableye|Sableye, L50, M|100/100\n|switch|p1b: Overqwil|Overqwil, L50, F|100/100\n|switch|p2a: Goodra|Goodra-Hisui, L50, F|100/100\n|switch|p2b: Dragapult|Dragapult, L50, M|100/100\n|turn|1\n|\n|t:|1788305755\n|move|p1a: Sableye|Fake Out|p2a: Goodra\n|-resisted|p2a: Goodra|1\n|-damage|p2a: Goodra|96/100\n|move|p2b: Dragapult|Dragon Cheer|p2a: Goodra\n|-start|p2a: Goodra|move: Dragon Cheer\n|move|p1b: Overqwil|Minimize|p1b: Overqwil\n|-boost|p1b: Overqwil|evasion|2\n|cant|p2a: Goodra|flinch\n|\n|upkeep\n|turn|2\n|inactive|srpatata2207 has 30 seconds left.\n|\n|t:|1788305781\n|move|p1a: Sableye|Reflect|p1a: Sableye\n|-sidestart|p1: tudovaitudoefase|Reflect\n|move|p2b: Dragapult|Dragon Darts|p1b: Overqwil\n|-damage|p1b: Overqwil|86/100\n|-anim|p2b: Dragapult|Dragon Darts|p1a: Sableye\n|-damage|p1a: Sableye|84/100\n|move|p1b: Overqwil|Stockpile|p1b: Overqwil\n|-start|p1b: Overqwil|stockpile1\n|-boost|p1b: Overqwil|def|1\n|-boost|p1b: Overqwil|spd|1\n|move|p2a: Goodra|Flash Cannon|p1b: Overqwil\n|-crit|p1b: Overqwil\n|-damage|p1b: Overqwil|25/100\n|\n|-heal|p1b: Overqwil|31/100|[from] item: Leftovers\n|upkeep\n|turn|3\n|\n|t:|1788305803\n|move|p1b: Overqwil|Protect|p1b: Overqwil\n|-singleturn|p1b: Overqwil|Protect\n|move|p2b: Dragapult|Will-O-Wisp|p1a: Sableye\n|-status|p1a: Sableye|brn\n|move|p2a: Goodra|Flash Cannon|p1b: Overqwil\n|-activate|p1b: Overqwil|move: Protect\n|move|p1a: Sableye|Foul Play|p2b: Dragapult\n|-supereffective|p2b: Dragapult|1\n|-damage|p2b: Dragapult|56/100\n|-start|p1a: Sableye|Disable|Foul Play|[from] ability: Cursed Body|[of] p2b: Dragapult\n|\n|-heal|p1b: Overqwil|38/100|[from] item: Leftovers\n|-damage|p1a: Sableye|78/100 brn|[from] brn\n|upkeep\n|turn|4\n|\n|t:|1788305823\n|switch|p1a: Sinistcha|Sinistcha, L50|100/100\n|-heal|p1b: Overqwil|63/100|[from] ability: Hospitality|[of] p1a: Sinistcha\n|move|p2b: Dragapult|Dragon Darts|p1a: Sinistcha\n|-damage|p1a: Sinistcha|87/100\n|-anim|p2b: Dragapult|Dragon Darts|p1a: Sinistcha\n|-damage|p1a: Sinistcha|75/100\n|move|p1b: Overqwil|Minimize|p1b: Overqwil\n|-boost|p1b: Overqwil|evasion|2\n|move|p2a: Goodra|Flash Cannon|p1b: Overqwil|[miss]\n|-miss|p2a: Goodra|p1b: Overqwil\n|\n|-heal|p1b: Overqwil|69/100|[from] item: Leftovers\n|upkeep\n|turn|5\n|inactive|tudovaitudoefase has 30 seconds left.\n|\n|t:|1788305854\n|switch|p1a: Sableye|Sableye, L50, M|78/100 brn\n|move|p2b: Dragapult|Phantom Force||[still]\n|-prepare|p2b: Dragapult|Phantom Force\n|move|p1b: Overqwil|Stockpile|p1b: Overqwil\n|-start|p1b: Overqwil|stockpile2\n|-boost|p1b: Overqwil|def|1\n|-boost|p1b: Overqwil|spd|1\n|move|p2a: Goodra|Flamethrower|p1a: Sableye\n|-crit|p1a: Sableye\n|-damage|p1a: Sableye|22/100 brn\n|\n|-heal|p1b: Overqwil|75/100|[from] item: Leftovers\n|-damage|p1a: Sableye|16/100 brn|[from] brn\n|upkeep\n|turn|6\n|\n|t:|1788305870\n|move|p1a: Sableye|Reflect||[still]\n|-fail|p1a: Sableye\n|move|p2b: Dragapult|Phantom Force|p1a: Sableye|[from] lockedmove\n|-damage|p1a: Sableye|0 fnt\n|faint|p1a: Sableye\n|move|p1b: Overqwil|Stockpile|p1b: Overqwil\n|-start|p1b: Overqwil|stockpile3\n|-boost|p1b: Overqwil|def|1\n|-boost|p1b: Overqwil|spd|1\n|move|p2a: Goodra|Flash Cannon|p1b: Overqwil|[miss]\n|-miss|p2a: Goodra|p1b: Overqwil\n|\n|-heal|p1b: Overqwil|81/100|[from] item: Leftovers\n|-sideend|p1: tudovaitudoefase|Reflect\n|upkeep\n|\n|t:|1788305878\n|switch|p1a: Ninetales|Ninetales, L50, M|100/100\n|-weather|SunnyDay|[from] ability: Drought|[of] p1a: Ninetales\n|turn|7\n|\n|t:|1788305889\n|switch|p2b: Aerodactyl|Aerodactyl, L50, M, shiny|100/100\n|-ability|p2b: Aerodactyl|Unnerve\n|move|p1a: Ninetales|Psych Up|p1b: Overqwil\n|-copyboost|p1a: Ninetales|p1b: Overqwil|[from] move: Psych Up\n|move|p1b: Overqwil|Barb Barrage|p2b: Aerodactyl\n|-resisted|p2b: Aerodactyl|1\n|-damage|p2b: Aerodactyl|82/100\n|move|p2a: Goodra|Draco Meteor|p1a: Ninetales|[miss]\n|-miss|p2a: Goodra|p1a: Ninetales\n|\n|-weather|SunnyDay|[upkeep]\n|-heal|p1b: Overqwil|88/100|[from] item: Leftovers\n|upkeep\n|turn|8\n|\n|t:|1788305911\n|detailschange|p2b: Aerodactyl|Aerodactyl-Mega, L50, M, shiny\n|-mega|p2b: Aerodactyl|Aerodactyl|Aerodactylite\n|move|p2b: Aerodactyl|Rock Slide|p1b: Overqwil|[spread] p1a\n|-miss|p2b: Aerodactyl|p1b: Overqwil\n|-supereffective|p1a: Ninetales|1\n|-crit|p1a: Ninetales\n|-enditem|p1a: Ninetales|Focus Sash\n|-damage|p1a: Ninetales|1/100\n|move|p1a: Ninetales|Heat Wave|p2a: Goodra|[spread] p2a\n|-miss|p1a: Ninetales|p2b: Aerodactyl\n|-damage|p2a: Goodra|69/100\n|move|p1b: Overqwil|Barb Barrage|p2b: Aerodactyl\n|-resisted|p2b: Aerodactyl|1\n|-damage|p2b: Aerodactyl|65/100\n|move|p2a: Goodra|Draco Meteor|p1a: Ninetales\n|-crit|p1a: Ninetales\n|-damage|p1a: Ninetales|0 fnt\n|-unboost|p2a: Goodra|spa|2\n|faint|p1a: Ninetales\n|\n|-weather|SunnyDay|[upkeep]\n|-heal|p1b: Overqwil|94/100|[from] item: Leftovers\n|upkeep\n|\n|t:|1788305927\n|switch|p1a: Sinistcha|Sinistcha, L50|75/100\n|-heal|p1b: Overqwil|100/100|[from] ability: Hospitality|[of] p1a: Sinistcha\n|turn|9\n|\n|t:|1788305936\n|move|p2b: Aerodactyl|Dual Wingbeat|p1a: Sinistcha\n|-supereffective|p1a: Sinistcha|1\n|-damage|p1a: Sinistcha|25/100\n|-supereffective|p1a: Sinistcha|1\n|-damage|p1a: Sinistcha|0 fnt\n|faint|p1a: Sinistcha\n|-hitcount|p1: Sinistcha|2\n|move|p1b: Overqwil|Barb Barrage|p2b: Aerodactyl\n|-resisted|p2b: Aerodactyl|1\n|-damage|p2b: Aerodactyl|50/100g\n|move|p2a: Goodra|Flamethrower|p1b: Overqwil|[miss]\n|-miss|p2a: Goodra|p1b: Overqwil\n|\n|-weather|SunnyDay|[upkeep]\n|upkeep\n|turn|10\n|\n|t:|1788305953\n|move|p2b: Aerodactyl|Dual Wingbeat|p1b: Overqwil\n|-damage|p1b: Overqwil|87/100\n|-damage|p1b: Overqwil|76/100\n|-hitcount|p1b: Overqwil|2\n|move|p1b: Overqwil|Barb Barrage|p2b: Aerodactyl\n|-resisted|p2b: Aerodactyl|1\n|-damage|p2b: Aerodactyl|34/100\n|-status|p2b: Aerodactyl|psn\n|move|p2a: Goodra|Flash Cannon|p1b: Overqwil|[miss]\n|-miss|p2a: Goodra|p1b: Overqwil\n|\n|-weather|SunnyDay|[upkeep]\n|-heal|p1b: Overqwil|82/100|[from] item: Leftovers\n|-damage|p2b: Aerodactyl|22/100 psn|[from] psn\n|upkeep\n|turn|11\n|inactive|tudovaitudoefase has 30 seconds left.\n|\n|t:|1788305981\n|move|p1b: Overqwil|Protect|p1b: Overqwil\n|-singleturn|p1b: Overqwil|Protect\n|move|p2b: Aerodactyl|Rock Slide|p1b: Overqwil\n|-activate|p1b: Overqwil|move: Protect\n|move|p2a: Goodra|Flash Cannon|p1b: Overqwil\n|-activate|p1b: Overqwil|move: Protect\n|\n|-weather|none\n|-heal|p1b: Overqwil|88/100|[from] item: Leftovers\n|-damage|p2b: Aerodactyl|10/100 psn|[from] psn\n|upkeep\n|turn|12\n|c|☆srpatata2207|soo boring\n|\n|t:|1788306003\n|move|p2b: Aerodactyl|Dual Wingbeat|p1b: Overqwil|[miss]\n|-miss|p2b: Aerodactyl|p1b: Overqwil\n|move|p1b: Overqwil|Barb Barrage|p2b: Aerodactyl\n|-resisted|p2b: Aerodactyl|1\n|-damage|p2b: Aerodactyl|0 fnt\n|faint|p2b: Aerodactyl\n|move|p2a: Goodra|Flash Cannon|p1b: Overqwil|[miss]\n|-miss|p2a: Goodra|p1b: Overqwil\n|\n|-heal|p1b: Overqwil|94/100|[from] item: Leftovers\n|upkeep\n|\n|t:|1788306014\n|switch|p2b: Incineroar|Incineroar, L50, F|100/100\n|-ability|p2b: Incineroar|Intimidate|boost\n|-unboost|p1b: Overqwil|atk|1\n|turn|13\n|\n|t:|1788306028\n|move|p2b: Incineroar|Fake Out|p1b: Overqwil|[miss]\n|-miss|p2b: Incineroar|p1b: Overqwil\n|move|p1b: Overqwil|Barb Barrage|p2b: Incineroar\n|-damage|p2b: Incineroar|85/100\n|move|p2a: Goodra|Flash Cannon|p1b: Overqwil\n|-crit|p1b: Overqwil\n|-damage|p1b: Overqwil|33/100\n|\n|-heal|p1b: Overqwil|39/100|[from] item: Leftovers\n|upkeep\n|turn|14\n|\n|t:|1788306042\n|move|p1b: Overqwil|Barb Barrage|p2b: Incineroar\n|-damage|p2b: Incineroar|71/100\n|-status|p2b: Incineroar|psn\n|move|p2b: Incineroar|Flare Blitz|p1b: Overqwil\n|-damage|p1b: Overqwil|23/100\n|-damage|p2b: Incineroar|66/100 psn|[from] Recoil\n|move|p2a: Goodra|Flash Cannon|p1b: Overqwil|[miss]\n|-miss|p2a: Goodra|p1b: Overqwil\n|\n|-heal|p1b: Overqwil|29/100|[from] item: Leftovers\n|-damage|p2b: Incineroar|54/100 psn|[from] psn\n|upkeep\n|turn|15\n|\n|t:|1788306057\n|move|p1b: Overqwil|Protect|p1b: Overqwil\n|-singleturn|p1b: Overqwil|Protect\n|move|p2b: Incineroar|Flare Blitz|p1b: Overqwil\n|-activate|p1b: Overqwil|move: Protect\n|move|p2a: Goodra|Flash Cannon|p1b: Overqwil\n|-activate|p1b: Overqwil|move: Protect\n|\n|-heal|p1b: Overqwil|35/100|[from] item: Leftovers\n|-damage|p2b: Incineroar|42/100 psn|[from] psn\n|upkeep\n|-enditem|p2b: Incineroar|Sitrus Berry|[eat]\n|-heal|p2b: Incineroar|66/100 psn|[from] item: Sitrus Berry\n|turn|16\n|c|☆srpatata2207|serious?\n|\n|t:|1788306071\n|move|p1b: Overqwil|Minimize|p1b: Overqwil\n|-boost|p1b: Overqwil|evasion|2\n|move|p2b: Incineroar|Flare Blitz|p1b: Overqwil|[miss]\n|-miss|p2b: Incineroar|p1b: Overqwil\n|move|p2a: Goodra|Flash Cannon|p1b: Overqwil|[miss]\n|-miss|p2a: Goodra|p1b: Overqwil\n|\n|-heal|p1b: Overqwil|42/100|[from] item: Leftovers\n|-damage|p2b: Incineroar|54/100 psn|[from] psn\n|upkeep\n|turn|17\n|\n|t:|1788306083\n|move|p1b: Overqwil|Protect|p1b: Overqwil\n|-singleturn|p1b: Overqwil|Protect\n|move|p2b: Incineroar|Flare Blitz|p1b: Overqwil\n|-activate|p1b: Overqwil|move: Protect\n|move|p2a: Goodra|Flash Cannon|p1b: Overqwil\n|-activate|p1b: Overqwil|move: Protect\n|\n|-heal|p1b: Overqwil|48/100|[from] item: Leftovers\n|-damage|p2b: Incineroar|42/100 psn|[from] psn\n|upkeep\n|turn|18\n|\n|t:|1788306101\n|switch|p2b: Dragapult|Dragapult, L50, M|56/100\n|move|p1b: Overqwil|Stockpile||[still]\n|-fail|p1b: Overqwil\n|move|p2a: Goodra|Draco Meteor|p1b: Overqwil\n|-crit|p1b: Overqwil\n|-damage|p1b: Overqwil|0 fnt\n|-unboost|p2a: Goodra|spa|2\n|faint|p1b: Overqwil\n|\n|win|srpatata2207\n|raw|tudovaitudoefase's rating: 1158 &rarr; <strong>1137</strong><br />(-21 for losing)\n|raw|srpatata2207's rating: 1207 &rarr; <strong>1228</strong><br />(+21 for winning)\n|l|☆tudovaitudoefase\n|player|p1|\n|c|☆srpatata2207|fck you\n","uploadtime":1788306116,"views":"6","formatid":"gen9championsvgc2026regmb","rating":1137,"private":0,"password":null}