{"id":"gen9championsvgc2026regmbbo3-2674060986","format":"[Gen 9 Champions] VGC 2026 Reg M-B (Bo3)","players":["trikkroomm","humania1"],"log":"|j|☆trikkroomm\n|j|☆humania1\n|html|<table width=\"100%\"><tr><td align=\"left\">trikkroomm</td><td align=\"right\">humania1</tr><tr><td align=\"left\"><i class=\"fa fa-circle\"></i> <i class=\"fa fa-circle-o\"></i> </td><td align=\"right\"><i class=\"fa fa-circle-o\"></i> <i class=\"fa fa-circle-o\"></i> </tr></table>\n|uhtml|bestof|<h2><strong>Game 2</strong> of <a href=\"/game-bestof3-gen9championsvgc2026regmbbo3-2674060241\">a best-of-3</a></h2>\n|t:|1788293937\n|gametype|doubles\n|player|p1|trikkroomm|266|1045\n|player|p2|humania1|266|1072\n|gen|9\n|tier|[Gen 9 Champions] VGC 2026 Reg M-B (Bo3)\n|rated|\n|rule|Species Clause: Limit one of each Pokémon\n|rule|Item Clause: Limit 1 of each item\n|clearpoke\n|poke|p1|Vivillon, L50, F|\n|poke|p1|Charizard, L50, M|\n|poke|p1|Maushold-Four, L50|\n|poke|p1|Garchomp, L50, M|\n|poke|p1|Whimsicott, L50, F|\n|poke|p1|Blastoise, L50, M|\n|poke|p2|Blastoise, L50, F|\n|poke|p2|Delphox, L50, F, shiny|\n|poke|p2|Incineroar, L50, M|\n|poke|p2|Sinistcha, L50|\n|poke|p2|Sneasler, L50, M|\n|poke|p2|Vivillon, L50, F|\n|teampreview|4\n|showteam|p1|Vivillon||ChoiceScarf|CompoundEyes|SleepPowder,Hurricane,Tailwind,RagePowder|Timid||F|||50|]Charizard||CharizarditeY|Blaze|HeatWave,SolarBeam,AncientPower,Protect|Modest||M|||50|]Maushold-Four||WideLens|Technician|PopulationBomb,LowKick,Feint,Protect|Jolly|||||50|]Garchomp||LifeOrb|RoughSkin|Earthquake,DragonClaw,StompingTantrum,Protect|Adamant||M|||50|]Whimsicott||FocusSash|Prankster|Moonblast,EnergyBall,Encore,Tailwind|Timid||F|||50|]Blastoise||Blastoisinite|RainDish|WaterSpout,DarkPulse,FakeOut,ShellSmash|Modest||M|||50|\n|showteam|p2|Blastoise||Blastoisinite|Torrent|Protect,ShellSmash,WaterSpout,DarkPulse|Modest||F|||50|]Delphox||Delphoxite|Blaze|Protect,HeatWave,Psyshock,NastyPlot|Timid||F|||50|]Incineroar||PasshoBerry|Intimidate|FakeOut,PartingShot,FlareBlitz,ThroatChop|Impish||M|||50|]Sinistcha||SitrusBerry|Hospitality|Protect,MatchaGotcha,TrickRoom,RagePowder|Bold|||||50|]Sneasler||FocusSash|PoisonTouch|QuickGuard,FakeOut,CloseCombat,DireClaw|Jolly||M|||50|]Vivillon||ChoiceScarf|CompoundEyes|Hurricane,SleepPowder,RagePowder,Uturn|Timid||F|||50|\n|inactive|Battle timer is ON: inactive players will automatically lose when time's up. (requested by humania1)\n|inactive|trikkroomm has 60 seconds left.\n|inactive|trikkroomm has 30 seconds left.\n|\n|t:|1788294000\n|teamsize|p1|4\n|teamsize|p2|4\n|start\n|switch|p1a: Vivillon|Vivillon, L50, F|100/100\n|switch|p1b: Blastoise|Blastoise, L50, M|100/100\n|switch|p2a: Incineroar|Incineroar, L50, M|100/100\n|switch|p2b: Sinistcha|Sinistcha, L50|100/100\n|-ability|p2a: Incineroar|Intimidate|boost\n|-unboost|p1a: Vivillon|atk|1\n|-unboost|p1b: Blastoise|atk|1\n|turn|1\n|inactive|trikkroomm has 30 seconds left.\n|\n|t:|1788294025\n|detailschange|p1b: Blastoise|Blastoise-Mega, L50, M\n|-mega|p1b: Blastoise|Blastoise|Blastoisinite\n|move|p2b: Sinistcha|Protect|p2b: Sinistcha\n|-singleturn|p2b: Sinistcha|Protect\n|move|p1b: Blastoise|Fake Out|p2a: Incineroar\n|-damage|p2a: Incineroar|95/100\n|move|p1a: Vivillon|Hurricane|p2b: Sinistcha\n|-activate|p2b: Sinistcha|move: Protect\n|cant|p2a: Incineroar|flinch\n|\n|upkeep\n|turn|2\n|\n|t:|1788294032\n|move|p1a: Vivillon|Hurricane|p2b: Sinistcha\n|-supereffective|p2b: Sinistcha|1\n|-damage|p2b: Sinistcha|38/100\n|-enditem|p2b: Sinistcha|Sitrus Berry|[eat]\n|-heal|p2b: Sinistcha|63/100|[from] item: Sitrus Berry\n|move|p1b: Blastoise|Water Spout|p2b: Sinistcha|[spread] p2a,p2b\n|-supereffective|p2a: Incineroar|1\n|-enditem|p2a: Incineroar|Passho Berry|[eat]\n|-enditem|p2a: Incineroar|Passho Berry|[weaken]\n|-resisted|p2b: Sinistcha|1\n|-damage|p2a: Incineroar|32/100\n|-damage|p2b: Sinistcha|32/100\n|move|p2a: Incineroar|Flare Blitz|p1a: Vivillon\n|-supereffective|p1a: Vivillon|1\n|-damage|p1a: Vivillon|0 fnt\n|faint|p1a: Vivillon\n|-damage|p2a: Incineroar|6/100|[from] Recoil\n|move|p2b: Sinistcha|Trick Room|p2b: Sinistcha\n|-fieldstart|move: Trick Room|[of] p2b: Sinistcha\n|\n|upkeep\n|\n|t:|1788294052\n|switch|p1a: Garchomp|Garchomp, L50, M|100/100\n|turn|3\n|\n|t:|1788294060\n|switch|p2a: Vivillon|Vivillon, L50, F|100/100\n|move|p1b: Blastoise|Dark Pulse|p2b: Sinistcha\n|-supereffective|p2b: Sinistcha|1\n|-damage|p2b: Sinistcha|0 fnt\n|faint|p2b: Sinistcha\n|move|p1a: Garchomp|Stomping Tantrum|p2a: Vivillon\n|-immune|p2a: Vivillon\n|\n|upkeep\n|\n|t:|1788294060\n|switch|p2b: Incineroar|Incineroar, L50, M|6/100\n|-ability|p2b: Incineroar|Intimidate|boost\n|-unboost|p1a: Garchomp|atk|1\n|-unboost|p1b: Blastoise|atk|1\n|turn|4\n|\n|t:|1788294071\n|move|p1a: Garchomp|Protect|p1a: Garchomp\n|-singleturn|p1a: Garchomp|Protect\n|move|p2b: Incineroar|Throat Chop|p1a: Garchomp\n|-activate|p1a: Garchomp|move: Protect\n|move|p1b: Blastoise|Shell Smash|p1b: Blastoise\n|-unboost|p1b: Blastoise|def|1\n|-unboost|p1b: Blastoise|spd|1\n|-boost|p1b: Blastoise|atk|2\n|-boost|p1b: Blastoise|spa|2\n|-boost|p1b: Blastoise|spe|2\n|move|p2a: Vivillon|Sleep Powder|p1a: Garchomp\n|-activate|p1a: Garchomp|move: Protect\n|\n|upkeep\n|turn|5\n|\n|t:|1788294080\n|switch|p2b: Sneasler|Sneasler, L50, M|100/100\n|move|p1a: Garchomp|Stomping Tantrum|p2b: Sneasler\n|-supereffective|p2b: Sneasler|1\n|-enditem|p2b: Sneasler|Focus Sash\n|-damage|p2b: Sneasler|1/100\n|-damage|p1a: Garchomp|90/100|[from] item: Life Orb\n|move|p2a: Vivillon|Sleep Powder|p1a: Garchomp\n|-status|p1a: Garchomp|slp|[from] move: Sleep Powder\n|move|p1b: Blastoise|Water Spout|p2b: Sneasler|[spread] p2a,p2b\n|-damage|p2a: Vivillon|0 fnt\n|-damage|p2b: Sneasler|0 fnt\n|faint|p2a: Vivillon\n|faint|p2b: Sneasler\n|\n|upkeep\n|\n|t:|1788294081\n|switch|p2b: Incineroar|Incineroar, L50, M|6/100\n|-ability|p2b: Incineroar|Intimidate|boost\n|-unboost|p1a: Garchomp|atk|1\n|-unboost|p1b: Blastoise|atk|1\n|turn|6\n|\n|t:|1788294092\n|move|p2b: Incineroar|Parting Shot|p1a: Garchomp\n|-unboost|p1a: Garchomp|atk|1\n|-unboost|p1a: Garchomp|spa|1\n|cant|p1a: Garchomp|slp\n|move|p1b: Blastoise|Water Spout|p2b: Incineroar\n|-supereffective|p2b: Incineroar|1\n|-damage|p2b: Incineroar|0 fnt\n|faint|p2b: Incineroar\n|\n|win|trikkroomm\n|raw|trikkroomm's rating: 1045 &rarr; <strong>1081</strong><br />(+36 for winning)\n|raw|humania1's rating: 1072 &rarr; <strong>1050</strong><br />(-22 for losing)\n","uploadtime":1788294092,"views":"0","formatid":"gen9championsvgc2026regmbbo3","rating":1050,"private":0,"password":null}