{"id":"gen9championsvgc2026regmbbo3-2673464038","format":"[Gen 9 Champions] VGC 2026 Reg M-B (Bo3)","players":["Cabra Leso","its just mat"],"log":"|j|☆Cabra Leso\n|j|☆its just mat\n|html|<table width=\"100%\"><tr><td align=\"left\">Cabra Leso</td><td align=\"right\">its just mat</tr><tr><td align=\"left\"><i class=\"fa fa-circle-o\"></i> <i class=\"fa fa-circle-o\"></i> </td><td align=\"right\"><i class=\"fa fa-circle-o\"></i> <i class=\"fa fa-circle-o\"></i> </tr></table>\n|uhtml|bestof|<h2><strong>Game 1</strong> of <a href=\"/game-bestof3-gen9championsvgc2026regmbbo3-2673464037\">a best-of-3</a></h2>\n|t:|1788200888\n|gametype|doubles\n|player|p1|Cabra Leso|elm|1119\n|player|p2|its just mat|unknown|1204\n|gen|9\n|tier|[Gen 9 Champions] VGC 2026 Reg M-B (Bo3)\n|rated|\n|rule|Species Clause: Limit one of each Pokémon\n|rule|Item Clause: Limit 1 of each item\n|clearpoke\n|poke|p1|Kangaskhan, L50, F|\n|poke|p1|Talonflame, L50, M|\n|poke|p1|Scizor, L50, F|\n|poke|p1|Lycanroc-Dusk, L50, F|\n|poke|p1|Kingambit, L50, M|\n|poke|p1|Floette-Eternal, L50, F|\n|poke|p2|Charizard, L50, M, shiny|\n|poke|p2|Floette-Eternal, L50, F|\n|poke|p2|Kingambit, L50, M, shiny|\n|poke|p2|Basculegion, L50, M, shiny|\n|poke|p2|Garchomp, L50, M|\n|poke|p2|Whimsicott, L50, F, shiny|\n|teampreview|4\n|showteam|p1|Kangaskhan||Metronome|Scrappy|FakeOut,LastResort|Adamant||F|||50|]Talonflame||SharpBeak|GaleWings|QuickGuard,TemperFlare,DualWingbeat,Protect|Jolly||M|||50|]Scizor||Scizorite|Technician|BugBite,BulletPunch,SwordsDance,Protect|Adamant||F|||50|]Lycanroc-Dusk||FocusSash|ToughClaws|Accelerock,CloseCombat,Protect,Howl|Jolly||F|||50|]Kingambit||ChopleBerry|Defiant|KowtowCleave,SuckerPunch,Protect,LowKick|Adamant||M|||50|]Floette-Eternal||Floettite|FlowerVeil|DrainingKiss,DazzlingGleam,LightofRuin,CalmMind|Timid||F|||50|\n|showteam|p2|Charizard||CharizarditeY|Blaze|HeatWave,WeatherBall,AncientPower,Protect|Timid||M|||50|]Floette-Eternal||Floettite|FlowerVeil|Moonblast,DazzlingGleam,LightofRuin,Protect|Modest||F|||50|]Kingambit||OccaBerry|Defiant|KowtowCleave,SuckerPunch,IronHead,LowKick|Adamant||M|||50|]Basculegion||LifeOrb|Adaptability|WaveCrash,LastRespects,AquaJet,Protect|Adamant||M|||50|]Garchomp||SitrusBerry|RoughSkin|Earthquake,DragonClaw,RockSlide,Protect|Jolly||M|||50|]Whimsicott||FocusSash|Prankster|Moonblast,Tailwind,Encore,Protect|Timid||F|||50|\n|inactive|Battle timer is ON: inactive players will automatically lose when time's up. (requested by its just mat)\n|inactive|its just mat has 60 seconds left.\n|\n|t:|1788200934\n|teamsize|p1|4\n|teamsize|p2|4\n|start\n|switch|p1a: Kangaskhan|Kangaskhan, L50, F|100/100\n|switch|p1b: Lycanroc|Lycanroc-Dusk, L50, F|100/100\n|switch|p2a: Kingambit|Kingambit, L50, M, shiny|100/100\n|switch|p2b: Whimsicott|Whimsicott, L50, F, shiny|100/100\n|turn|1\n|inactive|Cabra Leso has 30 seconds left.\n|\n|t:|1788200963\n|switch|p2a: Garchomp|Garchomp, L50, M|100/100\n|move|p2b: Whimsicott|Protect|p2b: Whimsicott\n|-singleturn|p2b: Whimsicott|Protect\n|move|p1a: Kangaskhan|Fake Out|p2b: Whimsicott\n|-activate|p2b: Whimsicott|move: Protect\n|move|p1b: Lycanroc|Close Combat|p2a: Garchomp\n|-damage|p2a: Garchomp|53/100\n|-unboost|p1b: Lycanroc|def|1\n|-unboost|p1b: Lycanroc|spd|1\n|-damage|p1b: Lycanroc|88/100|[from] ability: Rough Skin|[of] p2a: Garchomp\n|\n|upkeep\n|turn|2\n|\n|t:|1788200982\n|switch|p1b: Talonflame|Talonflame, L50, M|100/100\n|move|p2b: Whimsicott|Encore|p1a: Kangaskhan\n|-start|p1a: Kangaskhan|Encore\n|move|p1a: Kangaskhan|Fake Out||[still]\n|-hint|Fake Out only works on your first turn out.\n|-fail|p1a: Kangaskhan\n|move|p2a: Garchomp|Dragon Claw|p1b: Talonflame\n|-crit|p1b: Talonflame\n|-damage|p1b: Talonflame|13/100\n|\n|upkeep\n|turn|3\n|\n|t:|1788200995\n|move|p2b: Whimsicott|Tailwind|p2b: Whimsicott\n|-sidestart|p2: its just mat|move: Tailwind\n|move|p2a: Garchomp|Rock Slide|p1b: Talonflame|[spread] p1a,p1b\n|-supereffective|p1b: Talonflame|2\n|-damage|p1a: Kangaskhan|79/100\n|-damage|p1b: Talonflame|0 fnt\n|faint|p1b: Talonflame\n|-activate|p1a: Kangaskhan|move: Struggle\n|move|p1a: Kangaskhan|Struggle|p2b: Whimsicott\n|-damage|p2b: Whimsicott|78/100\n|-damage|p1a: Kangaskhan|54/100|[from] recoil\n|\n|upkeep\n|\n|t:|1788201002\n|switch|p1b: Scizor|Scizor, L50, F|100/100\n|turn|4\n|\n|t:|1788201017\n|detailschange|p1b: Scizor|Scizor-Mega, L50, F\n|-mega|p1b: Scizor|Scizor|Scizorite\n|move|p2b: Whimsicott|Protect|p2b: Whimsicott\n|-singleturn|p2b: Whimsicott|Protect\n|move|p2a: Garchomp|Earthquake|p1a: Kangaskhan|[spread] p1a,p1b\n|-activate|p2b: Whimsicott|move: Protect\n|-damage|p1a: Kangaskhan|14/100\n|-damage|p1b: Scizor|67/100\n|-activate|p1a: Kangaskhan|move: Struggle\n|move|p1a: Kangaskhan|Struggle|p2a: Garchomp\n|-damage|p2a: Garchomp|36/100\n|-damage|p1a: Kangaskhan|2/100|[from] ability: Rough Skin|[of] p2a: Garchomp\n|-enditem|p2a: Garchomp|Sitrus Berry|[eat]\n|-heal|p2a: Garchomp|61/100|[from] item: Sitrus Berry\n|-damage|p1a: Kangaskhan|0 fnt|[from] recoil\n|faint|p1a: Kangaskhan\n|move|p1b: Scizor|Bug Bite|p2a: Garchomp\n|-damage|p2a: Garchomp|5/100\n|-damage|p1b: Scizor|55/100|[from] ability: Rough Skin|[of] p2a: Garchomp\n|\n|upkeep\n|\n|t:|1788201033\n|switch|p1a: Lycanroc|Lycanroc-Dusk, L50, F|88/100\n|turn|5\n|\n|t:|1788201045\n|switch|p2a: Kingambit|Kingambit, L50, M, shiny|100/100\n|move|p2b: Whimsicott|Encore|p1b: Scizor\n|-start|p1b: Scizor|Encore\n|move|p1a: Lycanroc|Accelerock|p2a: Kingambit\n|-resisted|p2a: Kingambit|1\n|-damage|p2a: Kingambit|90/100\n|move|p1b: Scizor|Bug Bite|p2a: Kingambit\n|-damage|p2a: Kingambit|48/100\n|-enditem|p2a: Kingambit|Occa Berry|[from] stealeat|[move] Bug Bite|[of] p1b: Scizor\n|\n|upkeep\n|turn|6\n|inactive|Cabra Leso has 30 seconds left.\n|inactive|its just mat has 30 seconds left.\n|inactive|its just mat has 20 seconds left.\n|inactive|its just mat has 15 seconds left.\n|\n|t:|1788201086\n|move|p2b: Whimsicott|Encore|p1a: Lycanroc\n|-start|p1a: Lycanroc|Encore\n|move|p1a: Lycanroc|Accelerock|p2a: Kingambit\n|-resisted|p2a: Kingambit|1\n|-damage|p2a: Kingambit|38/100\n|move|p2a: Kingambit|Kowtow Cleave|p1b: Scizor\n|-damage|p1b: Scizor|14/100\n|move|p1b: Scizor|Bug Bite|p2a: Kingambit\n|-damage|p2a: Kingambit|0 fnt\n|faint|p2a: Kingambit\n|\n|-sideend|p2: its just mat|move: Tailwind\n|upkeep\n|\n|t:|1788201099\n|switch|p2a: Basculegion|Basculegion, L50, M, shiny|100/100\n|turn|7\n|\n|t:|1788201115\n|switch|p2b: Garchomp|Garchomp, L50, M|5/100\n|move|p1a: Lycanroc|Accelerock|p2a: Basculegion\n|-damage|p2a: Basculegion|72/100\n|move|p2a: Basculegion|Aqua Jet|p1b: Scizor\n|-damage|p1b: Scizor|0 fnt\n|faint|p1b: Scizor\n|-damage|p2a: Basculegion|63/100|[from] item: Life Orb\n|\n|upkeep\n|turn|8\n|\n|t:|1788201126\n|switch|p2b: Whimsicott|Whimsicott, L50, F, shiny|78/100\n|move|p1a: Lycanroc|Accelerock|p2b: Whimsicott\n|-damage|p2b: Whimsicott|38/100\n|move|p2a: Basculegion|Aqua Jet|p1a: Lycanroc\n|-supereffective|p1a: Lycanroc|1\n|-damage|p1a: Lycanroc|0 fnt\n|faint|p1a: Lycanroc\n|-damage|p2a: Basculegion|53/100|[from] item: Life Orb\n|\n|win|its just mat\n||its just mat is ready for game 2.\n||Cabra Leso is ready for game 2.\n|uhtml|next|Next: <a href=\"/battle-gen9championsvgc2026regmbbo3-2673466001\"><strong>Game 2 of 3</strong></a>\n","uploadtime":1788201290,"views":"11","formatid":"gen9championsvgc2026regmbbo3","rating":null,"private":0,"password":null}