{"id":"gen9championsvgc2026regmbbo3-2674139835","format":"[Gen 9 Champions] VGC 2026 Reg M-B (Bo3)","players":["Dkelly1126","realitzz"],"log":"|j|☆Dkelly1126\n|j|☆realitzz\n|html|<table width=\"100%\"><tr><td align=\"left\">Dkelly1126</td><td align=\"right\">realitzz</tr><tr><td align=\"left\"><i class=\"fa fa-circle-o\"></i> <i class=\"fa fa-circle-o\"></i> </td><td align=\"right\"><i class=\"fa fa-circle-o\"></i> <i class=\"fa fa-circle-o\"></i> </tr></table>\n|uhtml|bestof|<h2><strong>Game 1</strong> of <a href=\"/game-bestof3-gen9championsvgc2026regmbbo3-2674139834\">a best-of-3</a></h2>\n|t:|1788305029\n|gametype|doubles\n|player|p1|Dkelly1126|blue|1094\n|player|p2|realitzz|hooligans|1169\n|gen|9\n|tier|[Gen 9 Champions] VGC 2026 Reg M-B (Bo3)\n|rated|\n|rule|Species Clause: Limit one of each Pokémon\n|rule|Item Clause: Limit 1 of each item\n|clearpoke\n|poke|p1|Charizard, L50, F|\n|poke|p1|Archaludon, L50, F|\n|poke|p1|Pelipper, L50, F|\n|poke|p1|Grimmsnarl, L50, M|\n|poke|p1|Venusaur, L50, M|\n|poke|p1|Swampert, L50, M|\n|poke|p2|Charizard, L50, F|\n|poke|p2|Floette-Eternal, L50, F|\n|poke|p2|Kingambit, L50, F|\n|poke|p2|Basculegion, L50, M|\n|poke|p2|Garchomp, L50, M|\n|poke|p2|Whimsicott, L50, M|\n|teampreview|4\n|showteam|p1|Charizard||CharizarditeY|SolarPower|Protect,HeatWave,WeatherBall,Hurricane|Modest||F|||50|]Archaludon||Leftovers|Stamina|ElectroShot,Protect,FlashCannon,DragonPulse|Calm||F|||50|]Pelipper||SitrusBerry|Drizzle|Hurricane,WeatherBall,Tailwind,WideGuard|Bold||F|||50|]Grimmsnarl||LightClay|Prankster|LightScreen,Reflect,SpiritBreak,PartingShot|Sassy||M|||50|]Venusaur||FocusSash|Chlorophyll|Protect,SludgeBomb,LeafStorm,SleepPowder|Modest||M|||50|]Swampert||Swampertite|Torrent|Protect,WaveCrash,Earthquake,IcePunch|Adamant||M|||50|\n|showteam|p2|Charizard||CharizarditeY|Blaze|HeatWave,SolarBeam,WeatherBall,Protect|Modest||F|||50|]Floette-Eternal||Floettite|FlowerVeil|Moonblast,LightofRuin,DazzlingGleam,Protect|Modest||F|||50|]Kingambit||LifeOrb|Defiant|KowtowCleave,SuckerPunch,LowKick,IronHead|Adamant||F|||50|]Basculegion||ChoiceScarf|Adaptability|FlipTurn,WaveCrash,LastRespects,AquaJet|Jolly||M|||50|]Garchomp||SitrusBerry|RoughSkin|StompingTantrum,DragonTail,RockSlide,Protect|Adamant||M|||50|]Whimsicott||FocusSash|Prankster|Moonblast,Encore,Tailwind,Protect|Timid||M|||50|\n|\n|t:|1788305065\n|teamsize|p1|4\n|teamsize|p2|4\n|start\n|switch|p1a: Venusaur|Venusaur, L50, M|100/100\n|switch|p1b: Charizard|Charizard, L50, F|100/100\n|switch|p2a: Charizard|Charizard, L50, F|100/100\n|switch|p2b: Whimsicott|Whimsicott, L50, M|100/100\n|turn|1\n|\n|t:|1788305101\n|detailschange|p2a: Charizard|Charizard-Mega-Y, L50, F\n|-mega|p2a: Charizard|Charizard|Charizardite Y\n|-weather|SunnyDay|[from] ability: Drought|[of] p2a: Charizard\n|move|p1b: Charizard|Protect|p1b: Charizard\n|-singleturn|p1b: Charizard|Protect\n|move|p2b: Whimsicott|Tailwind|p2b: Whimsicott\n|-sidestart|p2: realitzz|move: Tailwind\n|move|p1a: Venusaur|Sludge Bomb|p2b: Whimsicott\n|-supereffective|p2b: Whimsicott|2\n|-enditem|p2b: Whimsicott|Focus Sash\n|-damage|p2b: Whimsicott|1/100\n|move|p2a: Charizard|Heat Wave|p1b: Charizard|[spread] p1a\n|-activate|p1b: Charizard|move: Protect\n|-supereffective|p1a: Venusaur|1\n|-enditem|p1a: Venusaur|Focus Sash\n|-damage|p1a: Venusaur|1/100\n|\n|-weather|SunnyDay|[upkeep]\n|-damage|p1b: Charizard|87/100|[from] ability: Solar Power|[of] p1b: Charizard\n|upkeep\n|turn|2\n|\n|t:|1788305139\n|switch|p1b: Swampert|Swampert, L50, M|100/100\n|move|p2b: Whimsicott|Encore||[still]\n|-fail|p2b: Whimsicott\n|move|p1a: Venusaur|Sleep Powder|p2a: Charizard\n|-status|p2a: Charizard|slp|[from] move: Sleep Powder\n|cant|p2a: Charizard|slp\n|\n|-weather|SunnyDay|[upkeep]\n|upkeep\n|turn|3\n|inactive|Battle timer is ON: inactive players will automatically lose when time's up. (requested by realitzz)\n|\n|t:|1788305178\n|switch|p1a: Pelipper|Pelipper, L50, F|100/100\n|-weather|RainDance|[from] ability: Drizzle|[of] p1a: Pelipper\n|detailschange|p1b: Swampert|Swampert-Mega, L50, M\n|-mega|p1b: Swampert|Swampert|Swampertite\n|move|p2b: Whimsicott|Moonblast|p1a: Pelipper\n|-damage|p1a: Pelipper|56/100\n|cant|p2a: Charizard|slp\n|move|p1b: Swampert|Ice Punch|p2b: Whimsicott\n|-supereffective|p2b: Whimsicott|1\n|-damage|p2b: Whimsicott|0 fnt\n|faint|p2b: Whimsicott\n|\n|-weather|RainDance|[upkeep]\n|upkeep\n|\n|t:|1788305193\n|switch|p2b: Basculegion|Basculegion, L50, M|100/100\n|turn|4\n|\n|t:|1788305207\n|move|p1b: Swampert|Protect|p1b: Swampert\n|-singleturn|p1b: Swampert|Protect\n|move|p2b: Basculegion|Last Respects|p1a: Pelipper\n|-damage|p1a: Pelipper|0 fnt\n|faint|p1a: Pelipper\n|-curestatus|p2a: Charizard|slp|[msg]\n|move|p2a: Charizard|Solar Beam||[still]\n|-prepare|p2a: Charizard|Solar Beam\n|\n|-weather|RainDance|[upkeep]\n|-sideend|p2: realitzz|move: Tailwind\n|upkeep\n|\n|t:|1788305231\n|switch|p1a: Venusaur|Venusaur, L50, M|1/100\n|turn|5\n|\n|t:|1788305241\n|move|p2b: Basculegion|Last Respects|p1a: Venusaur\n|-crit|p1a: Venusaur\n|-damage|p1a: Venusaur|0 fnt\n|faint|p1a: Venusaur\n|move|p1b: Swampert|Wave Crash|p2a: Charizard\n|-supereffective|p2a: Charizard|1\n|-damage|p2a: Charizard|0 fnt\n|faint|p2a: Charizard\n|-damage|p1b: Swampert|70/100|[from] Recoil\n|\n|-weather|RainDance|[upkeep]\n|upkeep\n|\n|t:|1788305250\n|switch|p1a: Charizard|Charizard, L50, F|87/100\n|switch|p2a: Kingambit|Kingambit, L50, F|100/100\n|turn|6\n|\n|t:|1788305261\n|move|p1a: Charizard|Protect|p1a: Charizard\n|-singleturn|p1a: Charizard|Protect\n|move|p2b: Basculegion|Last Respects|p1b: Swampert\n|-damage|p1b: Swampert|0 fnt\n|faint|p1b: Swampert\n|move|p2a: Kingambit|Kowtow Cleave|p1a: Charizard\n|-activate|p1a: Charizard|move: Protect\n|\n|-weather|RainDance|[upkeep]\n|upkeep\n|turn|7\n|\n|t:|1788305272\n|move|p2b: Basculegion|Last Respects|p1a: Charizard\n|-damage|p1a: Charizard|0 fnt\n|faint|p1a: Charizard\n|\n|win|realitzz\n","uploadtime":1788305275,"views":"2","formatid":"gen9championsvgc2026regmbbo3","rating":null,"private":0,"password":null}