{"id":"gen9championsvgc2026regmb-2674244711","format":"[Gen 9 Champions] VGC 2026 Reg M-B","players":["DarkG99","Kwiper"],"log":"|j|☆DarkG99\n|j|☆Kwiper\n|t:|1788322191\n|gametype|doubles\n|player|p1|DarkG99|karen|1564\n|player|p2|Kwiper|sycamore|1604\n|gen|9\n|tier|[Gen 9 Champions] VGC 2026 Reg M-B\n|rated|\n|rule|Species Clause: Limit one of each Pokémon\n|rule|Item Clause: Limit 1 of each item\n|clearpoke\n|poke|p1|Gardevoir, L50, F|\n|poke|p1|Kingambit, L50, M|\n|poke|p1|Sneasler, L50, M|\n|poke|p1|Dragonite, L50, M|\n|poke|p1|Chandelure, L50, M|\n|poke|p1|Tsareena, L50, F|\n|poke|p2|Tyranitar, L50, F|\n|poke|p2|Excadrill, L50, F|\n|poke|p2|Milotic, L50, F|\n|poke|p2|Gholdengo, L50|\n|poke|p2|Sinistcha, L50|\n|poke|p2|Staraptor, L50, M|\n|teampreview|4\n|inactive|Battle timer is ON: inactive players will automatically lose when time's up. (requested by Kwiper)\n|inactive|DarkG99 has 60 seconds left.\n|\n|t:|1788322230\n|teamsize|p1|4\n|teamsize|p2|4\n|start\n|switch|p1a: Kingambit|Kingambit, L50, M|100/100\n|switch|p1b: Tsareena|Tsareena, L50, F|100/100\n|switch|p2a: Staraptor|Staraptor, L50, M|100/100\n|switch|p2b: Gholdengo|Gholdengo, L50|100/100\n|-ability|p2a: Staraptor|Intimidate|boost\n|-unboost|p1a: Kingambit|atk|1\n|-ability|p1a: Kingambit|Defiant|boost\n|-boost|p1a: Kingambit|atk|2\n|-unboost|p1b: Tsareena|atk|1\n|turn|1\n|\n|t:|1788322245\n|detailschange|p2a: Staraptor|Staraptor-Mega, L50, M\n|-mega|p2a: Staraptor|Staraptor|Staraptite\n|move|p2a: Staraptor|Close Combat|p1a: Kingambit\n|-supereffective|p1a: Kingambit|2\n|-enditem|p1a: Kingambit|Chople Berry|[eat]\n|-enditem|p1a: Kingambit|Chople Berry|[weaken]\n|-damage|p1a: Kingambit|12/100\n|-boost|p2a: Staraptor|def|1\n|-boost|p2a: Staraptor|spd|1\n|move|p1b: Tsareena|Triple Axel|p2a: Staraptor\n|-supereffective|p2a: Staraptor|1\n|-damage|p2a: Staraptor|93/100\n|-supereffective|p2a: Staraptor|1\n|-damage|p2a: Staraptor|80/100\n|-supereffective|p2a: Staraptor|1\n|-damage|p2a: Staraptor|62/100\n|-hitcount|p2a: Staraptor|3\n|move|p2b: Gholdengo|Make It Rain|p1b: Tsareena|[spread] p1b\n|-miss|p2b: Gholdengo|p1a: Kingambit\n|-damage|p1b: Tsareena|36/100\n|-unboost|p2b: Gholdengo|spa|2\n|-damage|p2b: Gholdengo|90/100|[from] item: Life Orb\n|move|p1a: Kingambit|Kowtow Cleave|p2b: Gholdengo\n|-supereffective|p2b: Gholdengo|1\n|-damage|p2b: Gholdengo|0 fnt\n|faint|p2b: Gholdengo\n|\n|upkeep\n|\n|t:|1788322255\n|switch|p2b: Tyranitar|Tyranitar, L50, F|100/100\n|-weather|Sandstorm|[from] ability: Sand Stream|[of] p2b: Tyranitar\n|turn|2\n|\n|t:|1788322266\n|move|p1a: Kingambit|Protect|p1a: Kingambit\n|-singleturn|p1a: Kingambit|Protect\n|move|p2a: Staraptor|Brave Bird|p1b: Tsareena\n|-supereffective|p1b: Tsareena|1\n|-damage|p1b: Tsareena|0 fnt\n|faint|p1b: Tsareena\n|-damage|p2a: Staraptor|53/100|[from] Recoil\n|move|p2b: Tyranitar|High Horsepower|p1a: Kingambit\n|-activate|p1a: Kingambit|move: Protect\n|\n|-weather|Sandstorm|[upkeep]\n|-damage|p2a: Staraptor|47/100|[from] Sandstorm\n|upkeep\n|\n|t:|1788322275\n|switch|p1b: Gardevoir|Gardevoir, L50, F|100/100\n|-ability|p1b: Gardevoir|Sand Stream|Trace|[from] ability: Trace|[of] p2b: Tyranitar\n|turn|3\n|\n|t:|1788322292\n|switch|p2b: Sinistcha|Sinistcha, L50|100/100\n|-heal|p2a: Staraptor|72/100|[from] ability: Hospitality|[of] p2b: Sinistcha\n|detailschange|p1b: Gardevoir|Gardevoir-Mega, L50, F\n|-mega|p1b: Gardevoir|Gardevoir|Gardevoirite\n|move|p2a: Staraptor|Close Combat|p1a: Kingambit\n|-supereffective|p1a: Kingambit|2\n|-damage|p1a: Kingambit|0 fnt\n|-boost|p2a: Staraptor|def|1\n|-boost|p2a: Staraptor|spd|1\n|faint|p1a: Kingambit\n|move|p1b: Gardevoir|Hyper Voice|p2a: Staraptor|[spread] p2a,p2b\n|-supereffective|p2a: Staraptor|1\n|-damage|p2a: Staraptor|24/100\n|-damage|p2b: Sinistcha|53/100\n|\n|-weather|Sandstorm|[upkeep]\n|-damage|p2a: Staraptor|19/100|[from] Sandstorm\n|-damage|p1b: Gardevoir|93/100|[from] Sandstorm\n|-damage|p2b: Sinistcha|47/100|[from] Sandstorm\n|upkeep\n|\n|t:|1788322297\n|switch|p1a: Dragonite|Dragonite, L50, M|100/100\n|turn|4\n|\n|t:|1788322303\n|move|p1b: Gardevoir|Protect|p1b: Gardevoir\n|-singleturn|p1b: Gardevoir|Protect\n|move|p2a: Staraptor|Brave Bird|p1b: Gardevoir\n|-activate|p1b: Gardevoir|move: Protect\n|move|p1a: Dragonite|Tailwind|p1a: Dragonite\n|-sidestart|p1: DarkG99|move: Tailwind\n|move|p2b: Sinistcha|Matcha Gotcha|p1b: Gardevoir|[spread] p1a\n|-activate|p1b: Gardevoir|move: Protect\n|-resisted|p1a: Dragonite|2\n|-damage|p1a: Dragonite|93/100\n|-heal|p2b: Sinistcha|50/100g|[from] drain|[of] p1a: Dragonite\n|\n|-weather|Sandstorm|[upkeep]\n|-damage|p1b: Gardevoir|87/100|[from] Sandstorm\n|-damage|p1a: Dragonite|87/100|[from] Sandstorm\n|-damage|p2a: Staraptor|13/100|[from] Sandstorm\n|-damage|p2b: Sinistcha|45/100|[from] Sandstorm\n|upkeep\n|turn|5\n|\n|t:|1788322312\n|move|p2a: Staraptor|Protect|p2a: Staraptor\n|-singleturn|p2a: Staraptor|Protect\n|move|p1b: Gardevoir|Hyper Voice|p2a: Staraptor|[spread] p2b\n|-activate|p2a: Staraptor|move: Protect\n|-damage|p2b: Sinistcha|0 fnt\n|faint|p2b: Sinistcha\n|move|p1a: Dragonite|Dragon Pulse|p2a: Staraptor\n|-activate|p2a: Staraptor|move: Protect\n|\n|-weather|Sandstorm|[upkeep]\n|-damage|p1b: Gardevoir|81/100|[from] Sandstorm\n|-damage|p1a: Dragonite|81/100|[from] Sandstorm\n|-damage|p2a: Staraptor|7/100|[from] Sandstorm\n|upkeep\n|\n|t:|1788322314\n|switch|p2b: Tyranitar|Tyranitar, L50, F|100/100\n|turn|6\n|\n|t:|1788322318\n|move|p1b: Gardevoir|Hyper Voice|p2b: Tyranitar|[spread] p2a,p2b\n|-supereffective|p2a: Staraptor|1\n|-supereffective|p2b: Tyranitar|1\n|-damage|p2a: Staraptor|0 fnt\n|-damage|p2b: Tyranitar|39/100\n|faint|p2a: Staraptor\n|move|p1a: Dragonite|Dragon Pulse|p2b: Tyranitar\n|-damage|p2b: Tyranitar|16/100\n|move|p2b: Tyranitar|Rock Slide|p1a: Dragonite|[spread] p1a\n|-miss|p2b: Tyranitar|p1b: Gardevoir\n|-supereffective|p1a: Dragonite|1\n|-damage|p1a: Dragonite|22/100\n|\n|-weather|none\n|upkeep\n|turn|7\n|\n|t:|1788322329\n|move|p2b: Tyranitar|Protect|p2b: Tyranitar\n|-singleturn|p2b: Tyranitar|Protect\n|move|p1b: Gardevoir|Hyper Voice|p2b: Tyranitar\n|-activate|p2b: Tyranitar|move: Protect\n|move|p1a: Dragonite|Dragon Pulse|p2b: Tyranitar\n|-activate|p2b: Tyranitar|move: Protect\n|\n|-sideend|p1: DarkG99|move: Tailwind\n|upkeep\n|turn|8\n|\n|t:|1788322333\n|move|p1b: Gardevoir|Hyper Voice|p2b: Tyranitar\n|-supereffective|p2b: Tyranitar|1\n|-damage|p2b: Tyranitar|0 fnt\n|faint|p2b: Tyranitar\n|\n|win|DarkG99\n|raw|DarkG99's rating: 1564 &rarr; <strong>1586</strong><br />(+22 for winning)\n|raw|Kwiper's rating: 1604 &rarr; <strong>1582</strong><br />(-22 for losing)\n","uploadtime":1788322333,"views":"1","formatid":"gen9championsvgc2026regmb","rating":1582,"private":0,"password":null}