{"id":"gen9championsvgc2026regmb-2674128237","format":"[Gen 9 Champions] VGC 2026 Reg M-B","players":["CoolKid1000000","cinarguncavdi2231"],"log":"|j|☆CoolKid1000000\n|j|‽cinarguncavdi2231\n|t:|1788303248\n|gametype|doubles\n|player|p1|CoolKid1000000|li|1513\n|player|p2|cinarguncavdi2231|101|1508\n|gen|9\n|tier|[Gen 9 Champions] VGC 2026 Reg M-B\n|rated|\n|rule|Species Clause: Limit one of each Pokémon\n|rule|Item Clause: Limit 1 of each item\n|clearpoke\n|poke|p1|Farigiraf, L50, F|\n|poke|p1|Charizard, L50, M|\n|poke|p1|Venusaur, L50, M|\n|poke|p1|Mamoswine, L50, M|\n|poke|p1|Incineroar, L50, M|\n|poke|p1|Toxapex, L50, M|\n|poke|p2|Incineroar, L50, F|\n|poke|p2|Dragalge, L50, F|\n|poke|p2|Sinistcha, L50|\n|poke|p2|Ninetales-Alola, L50, M|\n|poke|p2|Rotom-Wash, L50|\n|poke|p2|Kingambit, L50, M|\n|teampreview|4\n|inactive|Battle timer is ON: inactive players will automatically lose when time's up. (requested by CoolKid1000000)\n|inactive|cinarguncavdi2231 also wants the timer to be on.\n|inactive|cinarguncavdi2231 has 60 seconds left.\n|\n|t:|1788303281\n|teamsize|p1|4\n|teamsize|p2|4\n|start\n|switch|p1a: Charizard|Charizard, L50, M|100/100\n|switch|p1b: Incineroar|Incineroar, L50, M|100/100\n|switch|p2a: Dragalge|Dragalge, L50, F|100/100\n|switch|p2b: Rotom|Rotom-Wash, L50|100/100\n|-ability|p1b: Incineroar|Intimidate|boost\n|-unboost|p2a: Dragalge|atk|1\n|-unboost|p2b: Rotom|atk|1\n|turn|1\n|\n|t:|1788303298\n|switch|p2b: Incineroar|Incineroar, L50, F|100/100\n|-ability|p2b: Incineroar|Intimidate|boost\n|-unboost|p1a: Charizard|atk|1\n|-unboost|p1b: Incineroar|atk|1\n|detailschange|p1a: Charizard|Charizard-Mega-Y, L50, M\n|-mega|p1a: Charizard|Charizard|Charizardite Y\n|-weather|SunnyDay|[from] ability: Drought|[of] p1a: Charizard\n|detailschange|p2a: Dragalge|Dragalge-Mega, L50, F\n|-mega|p2a: Dragalge|Dragalge|Dragalgite\n|move|p1a: Charizard|Protect|p1a: Charizard\n|-singleturn|p1a: Charizard|Protect\n|move|p1b: Incineroar|Fake Out|p2b: Incineroar\n|-damage|p2b: Incineroar|94/100\n|move|p2a: Dragalge|Sludge Bomb|p1a: Charizard\n|-activate|p1a: Charizard|move: Protect\n|\n|-weather|SunnyDay|[upkeep]\n|upkeep\n|turn|2\n|inactive|cinarguncavdi2231 has 30 seconds left.\n|\n|t:|1788303329\n|switch|p1a: Venusaur|Venusaur, L50, M|100/100\n|move|p2b: Incineroar|Parting Shot|p1a: Venusaur\n|-unboost|p1a: Venusaur|atk|1\n|-unboost|p1a: Venusaur|spa|1\n|\n|t:|1788303336\n|switch|p2b: Rotom|Rotom-Wash, L50|100/100|[from] Parting Shot\n|move|p1b: Incineroar|Parting Shot|p2a: Dragalge\n|-unboost|p2a: Dragalge|atk|1\n|-unboost|p2a: Dragalge|spa|1\n|\n|t:|1788303346\n|switch|p1b: Charizard|Charizard-Mega-Y, L50, M|100/100|[from] Parting Shot\n|move|p2a: Dragalge|Sludge Bomb|p1a: Venusaur\n|-damage|p1a: Venusaur|66/100\n|\n|-weather|SunnyDay|[upkeep]\n|upkeep\n|turn|3\n|inactive|cinarguncavdi2231 has 30 seconds left.\n|\n|t:|1788303376\n|switch|p2a: Ninetales|Ninetales-Alola, L50, M|100/100\n|-weather|Snowscape|[from] ability: Snow Warning|[of] p2a: Ninetales\n|move|p2b: Rotom|Volt Switch|p1b: Charizard\n|-supereffective|p1b: Charizard|1\n|-damage|p1b: Charizard|46/100\n|\n|t:|1788303385\n|switch|p2b: Dragalge|Dragalge-Mega, L50, F|100/100|[from] Volt Switch\n|move|p1a: Venusaur|Earth Power|p2a: Ninetales\n|-damage|p2a: Ninetales|68/100\n|-damage|p1a: Venusaur|57/100|[from] item: Life Orb\n|move|p1b: Charizard|Solar Beam||[still]\n|-prepare|p1b: Charizard|Solar Beam\n|\n|-weather|Snowscape|[upkeep]\n|upkeep\n|turn|4\n|\n|t:|1788303404\n|move|p1a: Venusaur|Protect|p1a: Venusaur\n|-singleturn|p1a: Venusaur|Protect\n|move|p2a: Ninetales|Blizzard|p1a: Venusaur|[spread] p1b\n|-activate|p1a: Venusaur|move: Protect\n|-damage|p1b: Charizard|20/100y\n|move|p1b: Charizard|Solar Beam|p2b: Dragalge|[from] lockedmove\n|-resisted|p2b: Dragalge|2\n|-damage|p2b: Dragalge|96/100\n|move|p2b: Dragalge|Thunderbolt|p1b: Charizard\n|-supereffective|p1b: Charizard|1\n|-damage|p1b: Charizard|0 fnt\n|faint|p1b: Charizard\n|\n|-weather|Snowscape|[upkeep]\n|upkeep\n|\n|t:|1788303417\n|switch|p1b: Mamoswine|Mamoswine, L50, M|100/100\n|turn|5\n|\n|t:|1788303438\n|switch|p1a: Incineroar|Incineroar, L50, M|100/100\n|-ability|p1a: Incineroar|Intimidate|boost\n|-unboost|p2a: Ninetales|atk|1\n|-unboost|p2b: Dragalge|atk|1\n|-heal|p2b: Dragalge|100/100|[from] ability: Regenerator|[silent]\n|switch|p2b: Rotom|Rotom-Wash, L50|100/100\n|move|p1b: Mamoswine|Ice Shard|p2b: Rotom\n|-resisted|p2b: Rotom|1\n|-damage|p2b: Rotom|87/100\n|move|p2a: Ninetales|Blizzard|p1a: Incineroar|[spread] p1a,p1b\n|-resisted|p1a: Incineroar|1\n|-damage|p1a: Incineroar|86/100\n|-damage|p1b: Mamoswine|56/100\n|-status|p1a: Incineroar|frz\n|\n|-weather|Snowscape|[upkeep]\n|upkeep\n|turn|6\n|\n|t:|1788303463\n|move|p1b: Mamoswine|Protect|p1b: Mamoswine\n|-singleturn|p1b: Mamoswine|Protect\n|move|p2b: Rotom|Will-O-Wisp|p1b: Mamoswine\n|-activate|p1b: Mamoswine|move: Protect\n|move|p2a: Ninetales|Aurora Veil|p2a: Ninetales\n|-sidestart|p2: cinarguncavdi2231|move: Aurora Veil\n|-curestatus|p1a: Incineroar|frz|[from] move: Flare Blitz\n|move|p1a: Incineroar|Flare Blitz|p2a: Ninetales\n|-supereffective|p2a: Ninetales|1\n|-damage|p2a: Ninetales|6/100\n|-damage|p1a: Incineroar|71/100|[from] Recoil\n|\n|-weather|Snowscape|[upkeep]\n|upkeep\n|turn|7\n|\n|t:|1788303479\n|switch|p2a: Incineroar|Incineroar, L50, F|94/100\n|-ability|p2a: Incineroar|Intimidate|boost\n|-unboost|p1a: Incineroar|atk|1\n|-fail|p1b: Mamoswine|unboost|atk|[from] ability: Oblivious|[of] p1b: Mamoswine\n|move|p2b: Rotom|Will-O-Wisp|p1b: Mamoswine\n|-status|p1b: Mamoswine|brn\n|move|p1b: Mamoswine|Rock Tomb|p2b: Rotom\n|-crit|p2b: Rotom\n|-damage|p2b: Rotom|66/100\n|-unboost|p2b: Rotom|spe|1\n|move|p1a: Incineroar|Flare Blitz|p2a: Incineroar\n|-resisted|p2a: Incineroar|1\n|-damage|p2a: Incineroar|85/100\n|-damage|p1a: Incineroar|68/100|[from] Recoil\n|\n|-weather|none\n|-damage|p1b: Mamoswine|50/100g brn|[from] brn\n|upkeep\n|turn|8\n|-message|CoolKid1000000 forfeited.\n|\n|win|cinarguncavdi2231\n|raw|CoolKid1000000's rating: 1513 &rarr; <strong>1493</strong><br />(-20 for losing)\n|raw|cinarguncavdi2231's rating: 1508 &rarr; <strong>1528</strong><br />(+20 for winning)\n|l|☆CoolKid1000000\n|player|p1|\n","uploadtime":1788303496,"views":"4","formatid":"gen9championsvgc2026regmb","rating":1493,"private":0,"password":null}