{"id":"gen9championsvgc2026regmbbo3-2673263646","format":"[Gen 9 Champions] VGC 2026 Reg M-B (Bo3)","players":["Snowball_seer","CaratroncoSun"],"log":"|j|☆Snowball_seer\n|j|☆CaratroncoSun\n|html|<table width=\"100%\"><tr><td align=\"left\">Snowball_seer</td><td align=\"right\">CaratroncoSun</tr><tr><td align=\"left\"><i class=\"fa fa-circle-o\"></i> <i class=\"fa fa-circle-o\"></i> </td><td align=\"right\"><i class=\"fa fa-circle-o\"></i> <i class=\"fa fa-circle-o\"></i> </tr></table>\n|uhtml|bestof|<h2><strong>Game 1</strong> of <a href=\"/game-bestof3-gen9championsvgc2026regmbbo3-2673263645\">a best-of-3</a></h2>\n|t:|1788172423\n|gametype|doubles\n|player|p1|Snowball_seer|allister-masters|1280\n|player|p2|CaratroncoSun|265|1396\n|gen|9\n|tier|[Gen 9 Champions] VGC 2026 Reg M-B (Bo3)\n|rated|\n|rule|Species Clause: Limit one of each Pokémon\n|rule|Item Clause: Limit 1 of each item\n|clearpoke\n|poke|p1|Mawile, L50, M, shiny|\n|poke|p1|Farigiraf, L50, F|\n|poke|p1|Incineroar, L50, M|\n|poke|p1|Basculegion, L50, M|\n|poke|p1|Ninetales-Alola, L50, M|\n|poke|p1|Raichu, L50, M|\n|poke|p2|Charizard, L50, F, shiny|\n|poke|p2|Venusaur, L50, M, shiny|\n|poke|p2|Whimsicott, L50, M, shiny|\n|poke|p2|Basculegion, L50, M|\n|poke|p2|Tyranitar, L50, M|\n|poke|p2|Mamoswine, L50, M|\n|teampreview|4\n|showteam|p1|Mawile||Mawilite|HyperCutter|Protect,IronHead,PlayRough,SuckerPunch|Brave||M|||50|]Farigiraf||SitrusBerry|ArmorTail|Protect,TwinBeam,HelpingHand,TrickRoom|Relaxed||F|||50|]Incineroar||Charcoal|Intimidate|FakeOut,FlareBlitz,DarkestLariat,PartingShot|Adamant||M|||50|]Basculegion||ChoiceScarf|Adaptability|WaveCrash,LastRespects,AquaJet,FlipTurn|Jolly||M|||50|]Ninetales-Alola||NeverMeltIce|SnowWarning|Blizzard,FreezeDry,Encore,Protect|Timid||M|||50|]Raichu||RaichuniteY|LightningRod|Protect,ZapCannon,FocusBlast,FakeOut|Timid||M|||50|\n|showteam|p2|Charizard||CharizarditeY|Blaze|Protect,SolarBeam,HeatWave,AirSlash|Modest||F|||50|]Venusaur||WideLens|Chlorophyll|Protect,GigaDrain,EarthPower,SleepPowder|Modest||M|||50|]Whimsicott||FocusSash|Prankster|Protect,Moonblast,Tailwind,Encore|Timid||M|||50|]Basculegion||MysticWater|Adaptability|Protect,AquaJet,WaveCrash,LastRespects|Adamant||M|||50|]Tyranitar||Tyranitarite|SandStream|Protect,RockSlide,KnockOff,LowKick|Adamant||M|||50|]Mamoswine||LifeOrb|Oblivious|Protect,HighHorsepower,RockSlide,IceShard|Adamant||M|||50|\n|inactive|Battle timer is ON: inactive players will automatically lose when time's up. (requested by Snowball_seer)\n|inactive|Snowball_seer has 60 seconds left.\n|\n|t:|1788172466\n|teamsize|p1|4\n|teamsize|p2|4\n|start\n|switch|p1a: Incineroar|Incineroar, L50, M|100/100\n|switch|p1b: Raichu|Raichu, L50, M|100/100\n|switch|p2a: Charizard|Charizard, L50, F, shiny|100/100\n|switch|p2b: Venusaur|Venusaur, L50, M, shiny|100/100\n|-ability|p1a: Incineroar|Intimidate|boost\n|-unboost|p2a: Charizard|atk|1\n|-unboost|p2b: Venusaur|atk|1\n|turn|1\n|\n|t:|1788172484\n|detailschange|p1b: Raichu|Raichu-Mega-Y, L50, M\n|-mega|p1b: Raichu|Raichu|Raichunite Y\n|move|p2a: Charizard|Protect|p2a: Charizard\n|-singleturn|p2a: Charizard|Protect\n|move|p2b: Venusaur|Protect|p2b: Venusaur\n|-singleturn|p2b: Venusaur|Protect\n|move|p1a: Incineroar|Fake Out|p2b: Venusaur\n|-activate|p2b: Venusaur|move: Protect\n|move|p1b: Raichu|Zap Cannon|p2a: Charizard\n|-activate|p2a: Charizard|move: Protect\n|\n|upkeep\n|turn|2\n|inactive|Snowball_seer has 30 seconds left.\n|inactive|Snowball_seer has 20 seconds left.\n|inactive|Snowball_seer has 15 seconds left.\n|inactive|Snowball_seer has 10 seconds left.\n|inactive|Snowball_seer has 5 seconds left.\n|l|☆Snowball_seer\n|inactive|Snowball_seer disconnected and has a minute to reconnect!\n|player|p1|\n|j|☆Snowball_seer\n|inactive|Snowball_seer reconnected and has 5 seconds left.\n|player|p1|Snowball_seer|allister-masters|\n|\n|t:|1788172539\n|detailschange|p2a: Charizard|Charizard-Mega-Y, L50, F, shiny\n|-mega|p2a: Charizard|Charizard|Charizardite Y\n|-weather|SunnyDay|[from] ability: Drought|[of] p2a: Charizard\n|move|p1b: Raichu|Protect|p1b: Raichu\n|-singleturn|p1b: Raichu|Protect\n|move|p2b: Venusaur|Sleep Powder|p1a: Incineroar\n|-status|p1a: Incineroar|slp|[from] move: Sleep Powder\n|move|p2a: Charizard|Heat Wave|p1a: Incineroar|[spread] p1a\n|-activate|p1b: Raichu|move: Protect\n|-resisted|p1a: Incineroar|1\n|-damage|p1a: Incineroar|69/100 slp\n|cant|p1a: Incineroar|slp\n|\n|-weather|SunnyDay|[upkeep]\n|upkeep\n|turn|3\n|l|☆Snowball_seer\n|inactive|Snowball_seer disconnected and has a minute to reconnect!\n|player|p1|\n|j|☆Snowball_seer\n|inactive|Snowball_seer reconnected and has 45 seconds left.\n|player|p1|Snowball_seer|allister-masters|\n|inactive|Snowball_seer has 30 seconds left.\n|inactive|CaratroncoSun has 30 seconds left.\n|\n|t:|1788172568\n|switch|p1a: Ninetales|Ninetales-Alola, L50, M|100/100\n|-weather|Snowscape|[from] ability: Snow Warning|[of] p1a: Ninetales\n|move|p1b: Raichu|Zap Cannon|p2a: Charizard\n|-supereffective|p2a: Charizard|1\n|-damage|p2a: Charizard|0 fnt\n|faint|p2a: Charizard\n|move|p2b: Venusaur|Sleep Powder|p1b: Raichu\n|-status|p1b: Raichu|slp|[from] move: Sleep Powder\n|\n|-weather|Snowscape|[upkeep]\n|upkeep\n|\n|t:|1788172578\n|switch|p2a: Tyranitar|Tyranitar, L50, M|100/100\n|-weather|Sandstorm|[from] ability: Sand Stream|[of] p2a: Tyranitar\n|turn|4\n|\n|t:|1788172593\n|cant|p1b: Raichu|slp\n|move|p1a: Ninetales|Freeze-Dry|p2b: Venusaur\n|-supereffective|p2b: Venusaur|1\n|-damage|p2b: Venusaur|35/100\n|move|p2b: Venusaur|Earth Power|p1b: Raichu\n|-supereffective|p1b: Raichu|1\n|-damage|p1b: Raichu|22/100 slp\n|move|p2a: Tyranitar|Rock Slide|p1a: Ninetales|[spread] p1a,p1b\n|-supereffective|p1a: Ninetales|1\n|-damage|p1a: Ninetales|16/100\n|-damage|p1b: Raichu|0 fnt\n|faint|p1b: Raichu\n|\n|-weather|Sandstorm|[upkeep]\n|-damage|p1a: Ninetales|10/100|[from] Sandstorm\n|-damage|p2b: Venusaur|29/100|[from] Sandstorm\n|upkeep\n|\n|t:|1788172599\n|switch|p1b: Basculegion|Basculegion, L50, M|100/100\n|turn|5\n|\n|t:|1788172614\n|switch|p2a: Basculegion|Basculegion, L50, M|100/100\n|move|p2b: Venusaur|Protect|p2b: Venusaur\n|-singleturn|p2b: Venusaur|Protect\n|move|p1b: Basculegion|Wave Crash|p2a: Basculegion\n|-resisted|p2a: Basculegion|1\n|-damage|p2a: Basculegion|55/100\n|-damage|p1b: Basculegion|85/100|[from] Recoil\n|move|p1a: Ninetales|Freeze-Dry|p2b: Venusaur\n|-activate|p2b: Venusaur|move: Protect\n|\n|-weather|Sandstorm|[upkeep]\n|-damage|p1b: Basculegion|79/100|[from] Sandstorm\n|-damage|p1a: Ninetales|4/100|[from] Sandstorm\n|-damage|p2b: Venusaur|23/100|[from] Sandstorm\n|-damage|p2a: Basculegion|49/100|[from] Sandstorm\n|upkeep\n|turn|6\n|inactive|Snowball_seer has 30 seconds left.\n|inactive|CaratroncoSun has 30 seconds left.\n|inactive|Snowball_seer has 20 seconds left.\n|\n|t:|1788172653\n|switch|p1a: Incineroar|Incineroar, L50, M|69/100 slp\n|-ability|p1a: Incineroar|Intimidate|boost\n|-unboost|p2a: Basculegion|atk|1\n|-unboost|p2b: Venusaur|atk|1\n|move|p2a: Basculegion|Aqua Jet|p1a: Incineroar\n|-supereffective|p1a: Incineroar|1\n|-damage|p1a: Incineroar|24/100 slp\n|move|p1b: Basculegion|Wave Crash|p2b: Venusaur\n|-resisted|p2b: Venusaur|1\n|-damage|p2b: Venusaur|0 fnt\n|faint|p2b: Venusaur\n|-damage|p1b: Basculegion|72/100|[from] Recoil\n|\n|-weather|Sandstorm|[upkeep]\n|-damage|p1b: Basculegion|66/100|[from] Sandstorm\n|-damage|p2a: Basculegion|43/100|[from] Sandstorm\n|-damage|p1a: Incineroar|18/100 slp|[from] Sandstorm\n|upkeep\n|\n|t:|1788172667\n|switch|p2b: Tyranitar|Tyranitar, L50, M|100/100\n|turn|7\n|\n|t:|1788172676\n|-curestatus|p1a: Incineroar|slp|[msg]\n|move|p1a: Incineroar|Fake Out|p2b: Tyranitar\n|-resisted|p2b: Tyranitar|1\n|-damage|p2b: Tyranitar|93/100\n|move|p1b: Basculegion|Wave Crash|p2a: Basculegion\n|-resisted|p2a: Basculegion|1\n|-damage|p2a: Basculegion|0 fnt\n|faint|p2a: Basculegion\n|-damage|p1b: Basculegion|52/100|[from] Recoil\n|cant|p2b: Tyranitar|flinch\n|\n|-weather|Sandstorm|[upkeep]\n|-damage|p1b: Basculegion|46/100|[from] Sandstorm\n|-damage|p1a: Incineroar|12/100|[from] Sandstorm\n|upkeep\n|turn|8\n|\n|t:|1788172689\n|move|p1b: Basculegion|Wave Crash|p2b: Tyranitar\n|-supereffective|p2b: Tyranitar|1\n|-damage|p2b: Tyranitar|0 fnt\n|faint|p2b: Tyranitar\n|-damage|p1b: Basculegion|16/100|[from] Recoil\n|\n|win|Snowball_seer\n","uploadtime":1788172689,"views":"1","formatid":"gen9championsvgc2026regmbbo3","rating":null,"private":0,"password":null}