{"id":"gen9championsvgc2026regmb-2675010031","format":"[Gen 9 Champions] VGC 2026 Reg M-B","players":["gafhada","thefantastick"],"log":"|j|☆gafhada\n|j|☆thefantastick\n|t:|1788448322\n|gametype|doubles\n|player|p1|gafhada|170|1032\n|player|p2|thefantastick|266|1043\n|gen|9\n|tier|[Gen 9 Champions] VGC 2026 Reg M-B\n|rated|\n|rule|Species Clause: Limit one of each Pokémon\n|rule|Item Clause: Limit 1 of each item\n|clearpoke\n|poke|p1|Floette-Eternal, L50, F|\n|poke|p1|Sinistcha, L50|\n|poke|p1|Rotom-Wash, L50|\n|poke|p1|Garchomp, L50, F|\n|poke|p1|Aerodactyl, L50, F|\n|poke|p1|Charizard, L50, M|\n|poke|p2|Eelektross, L50, M|\n|poke|p2|Pelipper, L50, M|\n|poke|p2|Rampardos, L50, M|\n|poke|p2|Kingambit, L50, F|\n|poke|p2|Basculegion, L50, M|\n|poke|p2|Goodra, L50, M|\n|teampreview|4\n|inactive|Battle timer is ON: inactive players will automatically lose when time's up. (requested by gafhada)\n|inactive|thefantastick also wants the timer to be on.\n|\n|t:|1788448347\n|teamsize|p1|4\n|teamsize|p2|4\n|start\n|switch|p1a: Floette|Floette-Eternal, L50, F|100/100\n|switch|p1b: Sinistcha|Sinistcha, L50|100/100\n|switch|p2a: Goodra|Goodra, L50, M|100/100\n|switch|p2b: Eelektross|Eelektross, L50, M|100/100\n|turn|1\n|\n|t:|1788448365\n|switch|p2a: Pelipper|Pelipper, L50, M|100/100\n|-weather|RainDance|[from] ability: Drizzle|[of] p2a: Pelipper\n|detailschange|p1a: Floette|Floette-Mega, L50, F\n|-mega|p1a: Floette|Floette|Floettite\n|-ability|p1a: Floette|Fairy Aura\n|detailschange|p2b: Eelektross|Eelektross-Mega, L50, M\n|-mega|p2b: Eelektross|Eelektross|Eelektrossite\n|move|p1b: Sinistcha|Rage Powder|p1b: Sinistcha\n|-singleturn|p1b: Sinistcha|move: Rage Powder\n|move|p1a: Floette|Dazzling Gleam|p2b: Eelektross|[spread] p2a,p2b\n|-damage|p2a: Pelipper|42/100\n|-damage|p2b: Eelektross|49/100\n|-enditem|p2a: Pelipper|Sitrus Berry|[eat]\n|-heal|p2a: Pelipper|67/100|[from] item: Sitrus Berry\n|move|p2b: Eelektross|Flash Cannon|p1b: Sinistcha\n|-damage|p1b: Sinistcha|67/100\n|\n|-weather|RainDance|[upkeep]\n|upkeep\n|turn|2\n|\n|t:|1788448387\n|move|p2b: Eelektross|Protect|p2b: Eelektross\n|-singleturn|p2b: Eelektross|Protect\n|move|p1b: Sinistcha|Rage Powder|p1b: Sinistcha\n|-singleturn|p1b: Sinistcha|move: Rage Powder\n|move|p1a: Floette|Moonblast|p2b: Eelektross\n|-activate|p2b: Eelektross|move: Protect\n|move|p2a: Pelipper|Hurricane|p1b: Sinistcha\n|-supereffective|p1b: Sinistcha|1\n|-enditem|p1b: Sinistcha|Coba Berry|[eat]\n|-enditem|p1b: Sinistcha|Coba Berry|[weaken]\n|-damage|p1b: Sinistcha|32/100\n|\n|-weather|RainDance|[upkeep]\n|upkeep\n|turn|3\n|\n|t:|1788448402\n|switch|p2b: Rampardos|Rampardos, L50, M|100/100\n|switch|p1b: Rotom|Rotom-Wash, L50|100/100\n|move|p1a: Floette|Moonblast|p2b: Rampardos\n|-damage|p2b: Rampardos|0 fnt\n|faint|p2b: Rampardos\n|move|p2a: Pelipper|Tailwind|p2a: Pelipper\n|-sidestart|p2: thefantastick|move: Tailwind\n|\n|-weather|RainDance|[upkeep]\n|upkeep\n|\n|t:|1788448416\n|switch|p2b: Eelektross|Eelektross-Mega, L50, M|49/100\n|turn|4\n|inactive|gafhada has 30 seconds left.\n|\n|t:|1788448445\n|switch|p2a: Goodra|Goodra, L50, M|100/100\n|move|p1a: Floette|Protect|p1a: Floette\n|-singleturn|p1a: Floette|Protect\n|move|p2b: Eelektross|Flash Cannon|p1a: Floette\n|-activate|p1a: Floette|move: Protect\n|move|p1b: Rotom|Light Screen|p1b: Rotom\n|-sidestart|p1: gafhada|move: Light Screen\n|\n|-weather|RainDance|[upkeep]\n|upkeep\n|turn|5\n|\n|t:|1788448457\n|switch|p1b: Sinistcha|Sinistcha, L50|32/100\n|move|p2b: Eelektross|Flash Cannon|p1a: Floette\n|-supereffective|p1a: Floette|1\n|-damage|p1a: Floette|70/100\n|move|p2a: Goodra|Sludge Bomb|p1a: Floette\n|-supereffective|p1a: Floette|1\n|-crit|p1a: Floette\n|-damage|p1a: Floette|12/100\n|move|p1a: Floette|Dazzling Gleam|p2a: Goodra|[spread] p2a,p2b\n|-supereffective|p2a: Goodra|1\n|-damage|p2a: Goodra|39/100\n|-damage|p2b: Eelektross|2/100\n|\n|-weather|none\n|-heal|p2a: Goodra|45/100|[from] item: Leftovers\n|upkeep\n|turn|6\n|inactive|thefantastick has 30 seconds left.\n|inactive|thefantastick has 20 seconds left.\n|inactive|thefantastick has 15 seconds left.\n|\n|t:|1788448502\n|switch|p2b: Pelipper|Pelipper, L50, M|67/100\n|-weather|RainDance|[from] ability: Drizzle|[of] p2b: Pelipper\n|move|p1a: Floette|Protect|p1a: Floette\n|-singleturn|p1a: Floette|Protect\n|move|p1b: Sinistcha|Protect|p1b: Sinistcha\n|-singleturn|p1b: Sinistcha|Protect\n|move|p2a: Goodra|Sludge Bomb|p1a: Floette\n|-activate|p1a: Floette|move: Protect\n|\n|-weather|RainDance|[upkeep]\n|-heal|p2a: Goodra|51/100|[from] item: Leftovers\n|-sideend|p2: thefantastick|move: Tailwind\n|upkeep\n|turn|7\n|\n|t:|1788448518\n|move|p1b: Sinistcha|Rage Powder|p1b: Sinistcha\n|-singleturn|p1b: Sinistcha|move: Rage Powder\n|move|p1a: Floette|Moonblast|p2b: Pelipper\n|-damage|p2b: Pelipper|0 fnt\n|faint|p2b: Pelipper\n|move|p2a: Goodra|Rest|p2a: Goodra\n|-status|p2a: Goodra|slp|[from] move: Rest\n|-heal|p2a: Goodra|100/100 slp|[silent]\n|\n|-weather|RainDance|[upkeep]\n|upkeep\n|\n|t:|1788448528\n|switch|p2b: Eelektross|Eelektross-Mega, L50, M|2/100\n|turn|8\n|\n|t:|1788448540\n|move|p1b: Sinistcha|Rage Powder|p1b: Sinistcha\n|-singleturn|p1b: Sinistcha|move: Rage Powder\n|move|p1a: Floette|Dazzling Gleam|p2a: Goodra|[spread] p2a,p2b\n|-supereffective|p2a: Goodra|1\n|-damage|p2a: Goodra|36/100 slp\n|-damage|p2b: Eelektross|0 fnt\n|faint|p2b: Eelektross\n|cant|p2a: Goodra|slp\n|\n|-weather|RainDance|[upkeep]\n|-heal|p2a: Goodra|42/100 slp|[from] item: Leftovers\n|-sideend|p1: gafhada|move: Light Screen\n|upkeep\n|turn|9\n|\n|t:|1788448553\n|move|p1b: Sinistcha|Rage Powder|p1b: Sinistcha\n|-singleturn|p1b: Sinistcha|move: Rage Powder\n|move|p1a: Floette|Moonblast|p2a: Goodra\n|-supereffective|p2a: Goodra|1\n|-damage|p2a: Goodra|0 fnt\n|faint|p2a: Goodra\n|\n|win|gafhada\n|raw|gafhada's rating: 1032 &rarr; <strong>1068</strong><br />(+36 for winning)\n|raw|thefantastick's rating: 1043 &rarr; <strong>1026</strong><br />(-17 for losing)\n|l|☆thefantastick\n|player|p2|\n","uploadtime":1788448563,"views":"8","formatid":"gen9championsvgc2026regmb","rating":1026,"private":0,"password":null}