{"id":"gen9championsvgc2026regmb-2674754069","format":"[Gen 9 Champions] VGC 2026 Reg M-B","players":["thepoopdoctor11","thejapbir"],"log":"|j|☆thepoopdoctor11\n|j|☆thejapbir\n|t:|1788400922\n|gametype|doubles\n|player|p1|thepoopdoctor11|101|1459\n|player|p2|thejapbir|2|1395\n|gen|9\n|tier|[Gen 9 Champions] VGC 2026 Reg M-B\n|rated|\n|rule|Species Clause: Limit one of each Pokémon\n|rule|Item Clause: Limit 1 of each item\n|clearpoke\n|poke|p1|Floette-Eternal, L50, F|\n|poke|p1|Basculegion, L50, M|\n|poke|p1|Kingambit, L50, M|\n|poke|p1|Dragonite, L50, M|\n|poke|p1|Garchomp, L50, M|\n|poke|p1|Sneasler, L50, M|\n|poke|p2|Raichu, L50, M|\n|poke|p2|Froslass, L50, F|\n|poke|p2|Whimsicott, L50, F|\n|poke|p2|Sneasler, L50, F|\n|poke|p2|Kingambit, L50, M|\n|poke|p2|Basculegion, L50, M|\n|teampreview|4\n|inactive|Battle timer is ON: inactive players will automatically lose when time's up. (requested by thejapbir)\n|c|☆thejapbir|cool team\n|c|☆thejapbir|oh its the won that won worlds\n|c|☆thejapbir|well im not suprised i love mega dragonite\n|inactive|thepoopdoctor11 has 60 seconds left.\n|inactive|thejapbir has 60 seconds left.\n|\n|t:|1788400980\n|teamsize|p1|4\n|teamsize|p2|4\n|start\n|switch|p1a: Garchomp|Garchomp, L50, M|100/100\n|switch|p1b: Kingambit|Kingambit, L50, M|100/100\n|switch|p2a: Froslass|Froslass, L50, F|100/100\n|switch|p2b: Sneasler|Sneasler, L50, F|100/100\n|turn|1\n|inactive|thepoopdoctor11 has 30 seconds left.\n|inactive|thejapbir has 30 seconds left.\n|inactive|thepoopdoctor11 has 20 seconds left.\n|inactive|thejapbir has 20 seconds left.\n|inactive|thepoopdoctor11 has 15 seconds left.\n|inactive|thejapbir has 15 seconds left.\n|inactive|thepoopdoctor11 has 10 seconds left.\n|inactive|thejapbir has 10 seconds left.\n|inactive|thepoopdoctor11 has 5 seconds left.\n|\n|t:|1788401033\n|detailschange|p2a: Froslass|Froslass-Mega, L50, F\n|-mega|p2a: Froslass|Froslass|Froslassite\n|-weather|Snowscape|[from] ability: Snow Warning|[of] p2a: Froslass\n|move|p1b: Kingambit|Sucker Punch|p2b: Sneasler\n|-resisted|p2b: Sneasler|1\n|-damage|p2b: Sneasler|66/100\n|move|p1a: Garchomp|Stomping Tantrum|p2b: Sneasler\n|-supereffective|p2b: Sneasler|1\n|-damage|p2b: Sneasler|0 fnt\n|faint|p2b: Sneasler\n|move|p2a: Froslass|Aurora Veil|p2a: Froslass\n|-sidestart|p2: thejapbir|move: Aurora Veil\n|\n|-weather|Snowscape|[upkeep]\n|upkeep\n|c|☆thejapbir|OH WAIT\n|c|☆thejapbir|THATS SCARF\n|c|☆thejapbir|its alr ill be fine\n|\n|t:|1788401051\n|switch|p2b: Basculegion|Basculegion, L50, M|100/100\n|turn|2\n|\n|t:|1788401075\n|move|p1a: Garchomp|Stomping Tantrum|p2b: Basculegion\n|-damage|p2b: Basculegion|67/100\n|move|p2b: Basculegion|Wave Crash|p1b: Kingambit\n|-damage|p1b: Kingambit|44/100\n|-damage|p2b: Basculegion|48/100|[from] Recoil\n|move|p2a: Froslass|Blizzard|p1b: Kingambit|[spread] p1a,p1b\n|-supereffective|p1a: Garchomp|2\n|-resisted|p1b: Kingambit|1\n|-damage|p1a: Garchomp|0 fnt\n|-damage|p1b: Kingambit|24/100\n|faint|p1a: Garchomp\n|move|p1b: Kingambit|Kowtow Cleave|p2b: Basculegion\n|-supereffective|p2b: Basculegion|1\n|-damage|p2b: Basculegion|0 fnt\n|faint|p2b: Basculegion\n|\n|-weather|Snowscape|[upkeep]\n|upkeep\n|c|☆thejapbir|ok great\n|c|☆thejapbir|is flo coming in?\n|\n|t:|1788401099\n|switch|p1a: Floette|Floette-Eternal, L50, F|100/100\n|switch|p2b: Kingambit|Kingambit, L50, M|100/100\n|turn|3\n|inactive|thepoopdoctor11 has 30 seconds left.\n|c|☆thejapbir|hmmm\n|c|☆thejapbir|could do sum stupidd\n|inactive|thepoopdoctor11 has 20 seconds left.\n|\n|t:|1788401135\n|detailschange|p1a: Floette|Floette-Mega, L50, F\n|-mega|p1a: Floette|Floette|Floettite\n|-ability|p1a: Floette|Fairy Aura\n|move|p1a: Floette|Protect|p1a: Floette\n|-singleturn|p1a: Floette|Protect\n|move|p2b: Kingambit|Sucker Punch|p1b: Kingambit\n|-resisted|p1b: Kingambit|1\n|-damage|p1b: Kingambit|10/100\n|move|p2a: Froslass|Blizzard|p1a: Floette|[spread] p1b\n|-activate|p1a: Floette|move: Protect\n|-resisted|p1b: Kingambit|1\n|-damage|p1b: Kingambit|0 fnt\n|faint|p1b: Kingambit\n|\n|-weather|Snowscape|[upkeep]\n|upkeep\n|c|☆thejapbir|YESS\n|c|☆thejapbir|oh yeahhh\n|\n|t:|1788401147\n|switch|p1b: Sneasler|Sneasler, L50, M|100/100\n|turn|4\n|c|☆thejapbir|hmmm\n|\n|t:|1788401161\n|move|p2a: Froslass|Blizzard|p1b: Sneasler|[spread] p1a,p1b\n|-damage|p1a: Floette|62/100\n|-damage|p1b: Sneasler|44/100\n|move|p1b: Sneasler|Close Combat|p2b: Kingambit\n|-supereffective|p2b: Kingambit|2\n|-enditem|p2b: Kingambit|Chople Berry|[eat]\n|-enditem|p2b: Kingambit|Chople Berry|[weaken]\n|-damage|p2b: Kingambit|31/100\n|-unboost|p1b: Sneasler|def|1\n|-unboost|p1b: Sneasler|spd|1\n|move|p1a: Floette|Moonblast|p2a: Froslass\n|-damage|p2a: Froslass|42/100\n|move|p2b: Kingambit|Iron Head|p1a: Floette\n|-supereffective|p1a: Floette|1\n|-damage|p1a: Floette|0 fnt\n|faint|p1a: Floette\n|\n|-weather|Snowscape|[upkeep]\n|upkeep\n|turn|5\n|c|☆thejapbir|gg\n|c|☆thejapbir|damn beat worlds team\n|c|☆thejapbir|yay\n|\n|t:|1788401183\n|move|p2b: Kingambit|Sucker Punch|p1b: Sneasler\n|-resisted|p1b: Sneasler|1\n|-damage|p1b: Sneasler|0 fnt\n|faint|p1b: Sneasler\n|\n|win|thejapbir\n|raw|thepoopdoctor11's rating: 1459 &rarr; <strong>1435</strong><br />(-24 for losing)\n|raw|thejapbir's rating: 1395 &rarr; <strong>1419</strong><br />(+24 for winning)\n","uploadtime":1788401186,"views":"0","formatid":"gen9championsvgc2026regmb","rating":1419,"private":0,"password":null}