{"id":"gen9championsvgc2026regmb-2674784717","format":"[Gen 9 Champions] VGC 2026 Reg M-B","players":["ethalem99","pk21"],"log":"|j|☆ethalem99\n|j|☆pk21\n|t:|1788406254\n|gametype|doubles\n|player|p1|ethalem99|acetrainer-gen4dp|1324\n|player|p2|pk21|juan|1319\n|gen|9\n|tier|[Gen 9 Champions] VGC 2026 Reg M-B\n|rated|\n|rule|Species Clause: Limit one of each Pokémon\n|rule|Item Clause: Limit 1 of each item\n|clearpoke\n|poke|p1|Dragonite, L50, F|\n|poke|p1|Sneasler, L50, F|\n|poke|p1|Basculegion, L50, M|\n|poke|p1|Kingambit, L50, M|\n|poke|p1|Garchomp, L50, F|\n|poke|p1|Floette-Eternal, L50, F|\n|poke|p2|Swampert, L50, F|\n|poke|p2|Dragonite, L50, M|\n|poke|p2|Grimmsnarl, L50, M|\n|poke|p2|Archaludon, L50, F|\n|poke|p2|Sinistcha, L50|\n|poke|p2|Pelipper, L50, F|\n|teampreview|4\n|inactive|Battle timer is ON: inactive players will automatically lose when time's up. (requested by ethalem99)\n|\n|t:|1788406274\n|teamsize|p1|4\n|teamsize|p2|4\n|start\n|switch|p1a: Dragonite|Dragonite, L50, F|100/100\n|switch|p1b: Sneasler|Sneasler, L50, F|100/100\n|switch|p2a: Grimmsnarl|Grimmsnarl, L50, M|100/100\n|switch|p2b: Archaludon|Archaludon, L50, F|100/100\n|turn|1\n|inactive|ethalem99 has 30 seconds left.\n|inactive|pk21 has 30 seconds left.\n|inactive|ethalem99 has 20 seconds left.\n|inactive|ethalem99 has 15 seconds left.\n|inactive|ethalem99 has 10 seconds left.\n|inactive|ethalem99 has 5 seconds left.\n|\n|t:|1788406325\n|detailschange|p1a: Dragonite|Dragonite-Mega, L50, F\n|-mega|p1a: Dragonite|Dragonite|Dragoninite\n|move|p2a: Grimmsnarl|Light Screen|p2a: Grimmsnarl\n|-sidestart|p2: pk21|move: Light Screen\n|move|p1b: Sneasler|Close Combat|p2b: Archaludon\n|-supereffective|p2b: Archaludon|1\n|-damage|p2b: Archaludon|8/100\n|-unboost|p1b: Sneasler|def|1\n|-unboost|p1b: Sneasler|spd|1\n|-ability|p2b: Archaludon|Stamina|boost\n|-boost|p2b: Archaludon|def|1\n|move|p1a: Dragonite|Dragon Pulse|p2b: Archaludon\n|-damage|p2b: Archaludon|0 fnt\n|faint|p2b: Archaludon\n|\n|upkeep\n|\n|t:|1788406337\n|switch|p2b: Pelipper|Pelipper, L50, F|100/100\n|-weather|RainDance|[from] ability: Drizzle|[of] p2b: Pelipper\n|turn|2\n|\n|t:|1788406347\n|move|p2a: Grimmsnarl|Reflect|p2a: Grimmsnarl\n|-sidestart|p2: pk21|Reflect\n|move|p1b: Sneasler|Dire Claw|p2b: Pelipper\n|-damage|p2b: Pelipper|68/100\n|-status|p2b: Pelipper|psn|[from] ability: Poison Touch|[of] p1b: Sneasler\n|move|p1a: Dragonite|Dragon Pulse|p2b: Pelipper\n|-damage|p2b: Pelipper|18/100 psn\n|move|p2b: Pelipper|Icy Wind|p1b: Sneasler|[spread] p1a,p1b\n|-supereffective|p1a: Dragonite|2\n|-damage|p1a: Dragonite|82/100\n|-damage|p1b: Sneasler|78/100\n|-unboost|p1a: Dragonite|spe|1\n|-unboost|p1b: Sneasler|spe|1\n|\n|-weather|RainDance|[upkeep]\n|-damage|p2b: Pelipper|6/100 psn|[from] psn\n|upkeep\n|turn|3\n|inactive|ethalem99 has 30 seconds left.\n|inactive|pk21 has 30 seconds left.\n|\n|t:|1788406380\n|switch|p1b: Kingambit|Kingambit, L50, M|100/100\n|move|p1a: Dragonite|Protect|p1a: Dragonite\n|-singleturn|p1a: Dragonite|Protect\n|move|p2a: Grimmsnarl|Parting Shot|p1a: Dragonite\n|-activate|p1a: Dragonite|move: Protect\n|move|p2b: Pelipper|Weather Ball|p1b: Kingambit\n|-damage|p1b: Kingambit|52/100\n|\n|-weather|RainDance|[upkeep]\n|-damage|p2b: Pelipper|0 fnt|[from] psn\n|faint|p2b: Pelipper\n|upkeep\n|\n|t:|1788406392\n|switch|p2b: Swampert|Swampert, L50, F|100/100\n|turn|4\n|inactive|ethalem99 has 30 seconds left.\n|inactive|ethalem99 has 20 seconds left.\n|inactive|ethalem99 has 15 seconds left.\n|inactive|ethalem99 has 10 seconds left.\n|\n|t:|1788406440\n|detailschange|p2b: Swampert|Swampert-Mega, L50, F\n|-mega|p2b: Swampert|Swampert|Swampertite\n|move|p1b: Kingambit|Sucker Punch|p2b: Swampert\n|-damage|p2b: Swampert|75/100\n|move|p2b: Swampert|Ice Punch|p1a: Dragonite\n|-supereffective|p1a: Dragonite|2\n|-damage|p1a: Dragonite|0 fnt\n|faint|p1a: Dragonite\n|move|p2a: Grimmsnarl|Foul Play|p1b: Kingambit\n|-resisted|p1b: Kingambit|1\n|-damage|p1b: Kingambit|31/100\n|\n|-weather|RainDance|[upkeep]\n|upkeep\n|\n|t:|1788406452\n|switch|p1a: Sneasler|Sneasler, L50, F|78/100\n|turn|5\n|\n|t:|1788406477\n|move|p2b: Swampert|Protect|p2b: Swampert\n|-singleturn|p2b: Swampert|Protect\n|move|p1a: Sneasler|Fake Out|p2b: Swampert\n|-activate|p2b: Swampert|move: Protect\n|move|p2a: Grimmsnarl|Parting Shot|p1a: Sneasler\n|-unboost|p1a: Sneasler|atk|1\n|-unboost|p1a: Sneasler|spa|1\n|move|p1b: Kingambit|Iron Head|p2a: Grimmsnarl\n|-supereffective|p2a: Grimmsnarl|1\n|-damage|p2a: Grimmsnarl|42/100\n|\n|-weather|RainDance|[upkeep]\n|upkeep\n|turn|6\n|\n|t:|1788406492\n|move|p1a: Sneasler|Feint|p2b: Swampert\n|-crit|p2b: Swampert\n|-damage|p2b: Swampert|60/100\n|move|p2a: Grimmsnarl|Parting Shot|p1a: Sneasler\n|-unboost|p1a: Sneasler|atk|1\n|-unboost|p1a: Sneasler|spa|1\n|move|p1b: Kingambit|Sucker Punch|p2b: Swampert\n|-damage|p2b: Swampert|36/100\n|move|p2b: Swampert|Earthquake|p1a: Sneasler|[spread] p2a,p1a,p1b\n|-supereffective|p1a: Sneasler|1\n|-supereffective|p1b: Kingambit|1\n|-damage|p2a: Grimmsnarl|10/100\n|-damage|p1a: Sneasler|0 fnt\n|-damage|p1b: Kingambit|0 fnt\n|faint|p1a: Sneasler\n|faint|p1b: Kingambit\n|\n|-weather|none\n|upkeep\n|\n|t:|1788406502\n|switch|p1b: Basculegion|Basculegion, L50, M|100/100\n|turn|7\n|inactive|ethalem99 has 30 seconds left.\n|\n|t:|1788406527\n|move|p2b: Swampert|Protect|p2b: Swampert\n|-singleturn|p2b: Swampert|Protect\n|move|p1b: Basculegion|Last Respects|p2b: Swampert\n|-activate|p2b: Swampert|move: Protect\n|move|p2a: Grimmsnarl|Foul Play|p1b: Basculegion\n|-supereffective|p1b: Basculegion|1\n|-damage|p1b: Basculegion|0 fnt\n|faint|p1b: Basculegion\n|\n|win|pk21\n|raw|ethalem99's rating: 1324 &rarr; <strong>1304</strong><br />(-20 for losing)\n|raw|pk21's rating: 1319 &rarr; <strong>1339</strong><br />(+20 for winning)\n","uploadtime":1788406535,"views":"1","formatid":"gen9championsvgc2026regmb","rating":1304,"private":0,"password":null}