{"id":"gen9championsvgc2026regmb-2674667243","format":"[Gen 9 Champions] VGC 2026 Reg M-B","players":["Karaidon_Gaming","kaleb0777"],"log":"|j|☆Karaidon_Gaming\n|j|☆kaleb0777\n|t:|1788387563\n|gametype|doubles\n|player|p1|Karaidon_Gaming|veteran|1027\n|player|p2|kaleb0777|2|1000\n|gen|9\n|tier|[Gen 9 Champions] VGC 2026 Reg M-B\n|rated|\n|rule|Species Clause: Limit one of each Pokémon\n|rule|Item Clause: Limit 1 of each item\n|clearpoke\n|poke|p1|Archaludon, L50, M, shiny|\n|poke|p1|Arcanine-Hisui, L50, M|\n|poke|p1|Glimmora, L50, F, shiny|\n|poke|p1|Dragapult, L50, M, shiny|\n|poke|p1|Floette-Eternal, L50, F|\n|poke|p1|Garchomp, L50, M|\n|poke|p2|Weavile, L50, M|\n|poke|p2|Garchomp, L50, M|\n|poke|p2|Klefki, L50, M|\n|poke|p2|Camerupt, L50, F|\n|poke|p2|Mimikyu, L50, M|\n|poke|p2|Empoleon, L50, F|\n|teampreview|4\n|\n|t:|1788387640\n|teamsize|p1|4\n|teamsize|p2|4\n|start\n|switch|p1a: Floette|Floette-Eternal, L50, F|100/100\n|switch|p1b: Garchomp|Garchomp, L50, M|100/100\n|switch|p2a: Garchomp|Garchomp, L50, M|100/100\n|switch|p2b: Klefki|Klefki, L50, M|100/100\n|turn|1\n|\n|t:|1788387663\n|detailschange|p1a: Floette|Floette-Mega, L50, F\n|-mega|p1a: Floette|Floette|Floettite\n|-ability|p1a: Floette|Fairy Aura\n|move|p2b: Klefki|Reflect|p2b: Klefki\n|-sidestart|p2: kaleb0777|Reflect\n|move|p2a: Garchomp|Poison Jab|p1a: Floette\n|-supereffective|p1a: Floette|1\n|-damage|p1a: Floette|23/100\n|move|p1a: Floette|Moonblast|p2a: Garchomp\n|-supereffective|p2a: Garchomp|1\n|-damage|p2a: Garchomp|0 fnt\n|faint|p2a: Garchomp\n|move|p1b: Garchomp|Stomping Tantrum|p2b: Klefki\n|-supereffective|p2b: Klefki|1\n|-damage|p2b: Klefki|29/100\n|-damage|p1b: Garchomp|90/100|[from] item: Life Orb\n|\n|upkeep\n|\n|t:|1788387682\n|switch|p2a: Mimikyu|Mimikyu, L50, M|100/100\n|turn|2\n|\n|t:|1788387694\n|switch|p1a: Glimmora|Glimmora, L50, F, shiny|100/100\n|move|p2b: Klefki|Light Screen|p2b: Klefki\n|-sidestart|p2: kaleb0777|move: Light Screen\n|move|p1b: Garchomp|Stomping Tantrum|p2b: Klefki\n|-supereffective|p2b: Klefki|1\n|-damage|p2b: Klefki|0 fnt\n|faint|p2b: Klefki\n|-damage|p1b: Garchomp|80/100|[from] item: Life Orb\n|move|p2a: Mimikyu|Trick Room|p2a: Mimikyu\n|-fieldstart|move: Trick Room|[of] p2a: Mimikyu\n|\n|upkeep\n|\n|t:|1788387708\n|switch|p2b: Camerupt|Camerupt, L50, F|100/100\n|turn|3\n|\n|t:|1788387721\n|detailschange|p2b: Camerupt|Camerupt-Mega, L50, F\n|-mega|p2b: Camerupt|Camerupt|Cameruptite\n|move|p1b: Garchomp|Protect|p1b: Garchomp\n|-singleturn|p1b: Garchomp|Protect\n|move|p2b: Camerupt|Eruption|p1a: Glimmora|[spread] p1a\n|-activate|p1b: Garchomp|move: Protect\n|-resisted|p1a: Glimmora|1\n|-damage|p1a: Glimmora|54/100\n|move|p2a: Mimikyu|Play Rough|p1a: Glimmora\n|-resisted|p1a: Glimmora|1\n|-damage|p1a: Glimmora|27/100\n|-activate|p1a: Glimmora|ability: Toxic Debris\n|-sidestart|p2: kaleb0777|move: Toxic Spikes\n|-damage|p2a: Mimikyu|90/100|[from] item: Life Orb\n|move|p1a: Glimmora|Sludge Bomb|p2a: Mimikyu\n|-activate|p2a: Mimikyu|ability: Disguise\n|-damage|p2a: Mimikyu|90/100\n|detailschange|p2a: Mimikyu|Mimikyu-Busted, L50, M\n|-damage|p2a: Mimikyu|77/100|[from] pokemon: Mimikyu-Busted\n|\n|upkeep\n|turn|4\n|\n|t:|1788387757\n|move|p1a: Glimmora|Protect|p1a: Glimmora\n|-singleturn|p1a: Glimmora|Protect\n|move|p2b: Camerupt|Eruption|p1a: Glimmora|[spread] p1b\n|-activate|p1a: Glimmora|move: Protect\n|-resisted|p1b: Garchomp|1\n|-damage|p1b: Garchomp|41/100\n|move|p2a: Mimikyu|Play Rough|p1b: Garchomp\n|-supereffective|p1b: Garchomp|1\n|-damage|p1b: Garchomp|0 fnt\n|-damage|p2a: Mimikyu|65/100|[from] ability: Rough Skin|[of] p1b: Garchomp\n|faint|p1b: Garchomp\n|-damage|p2a: Mimikyu|55/100|[from] item: Life Orb\n|\n|upkeep\n|\n|t:|1788387781\n|switch|p1b: Floette|Floette-Mega, L50, F|23/100\n|-ability|p1b: Floette|Fairy Aura\n|turn|5\n|\n|t:|1788387799\n|move|p1b: Floette|Protect|p1b: Floette\n|-singleturn|p1b: Floette|Protect\n|move|p2a: Mimikyu|Shadow Sneak|p1b: Floette\n|-activate|p1b: Floette|move: Protect\n|move|p2b: Camerupt|Eruption|p1b: Floette|[spread] p1a\n|-activate|p1b: Floette|move: Protect\n|-resisted|p1a: Glimmora|1\n|-damage|p1a: Glimmora|0 fnt\n|faint|p1a: Glimmora\n|\n|upkeep\n|\n|t:|1788387808\n|switch|p1a: Arcanine|Arcanine-Hisui, L50, M|100/100\n|turn|6\n|\n|t:|1788387824\n|move|p1a: Arcanine|Extreme Speed|p2b: Camerupt\n|-damage|p2b: Camerupt|82/100\n|move|p2b: Camerupt|Eruption|p1a: Arcanine|[spread] p1a,p1b\n|-resisted|p1a: Arcanine|2\n|-crit|p1b: Floette\n|-damage|p1a: Arcanine|86/100\n|-damage|p1b: Floette|0 fnt\n|faint|p1b: Floette\n|move|p2a: Mimikyu|Play Rough|p1a: Arcanine\n|-resisted|p1a: Arcanine|1\n|-damage|p1a: Arcanine|60/100\n|-damage|p2a: Mimikyu|45/100|[from] item: Life Orb\n|\n|-fieldend|move: Trick Room\n|upkeep\n|turn|7\n|\n|t:|1788387842\n|move|p1a: Arcanine|Head Smash|p2a: Mimikyu\n|-damage|p2a: Mimikyu|0 fnt\n|faint|p2a: Mimikyu\n|move|p2b: Camerupt|Earth Power|p1a: Arcanine\n|-supereffective|p1a: Arcanine|2\n|-damage|p1a: Arcanine|0 fnt\n|faint|p1a: Arcanine\n|\n|win|kaleb0777\n|raw|Karaidon_Gaming's rating: 1027 &rarr; <strong>1012</strong><br />(-15 for losing)\n|raw|kaleb0777's rating: 1000 &rarr; <strong>1043</strong><br />(+43 for winning)\n|l|☆Karaidon_Gaming\n|player|p1|\n","uploadtime":1788387855,"views":"11","formatid":"gen9championsvgc2026regmb","rating":1012,"private":0,"password":null}