{"id":"gen9championsvgc2026regmbbo3-2673601499","format":"[Gen 9 Champions] VGC 2026 Reg M-B (Bo3)","players":["FG83","sixivs"],"log":"|j|‽FG83\n|j|☆sixivs\n|html|<table width=\"100%\"><tr><td align=\"left\">FG83</td><td align=\"right\">sixivs</tr><tr><td align=\"left\"><i class=\"fa fa-circle-o\"></i> <i class=\"fa fa-circle-o\"></i> </td><td align=\"right\"><i class=\"fa fa-circle-o\"></i> <i class=\"fa fa-circle\"></i> </tr></table>\n|uhtml|bestof|<h2><strong>Game 2</strong> of <a href=\"/game-bestof3-gen9championsvgc2026regmbbo3-2673600208\">a best-of-3</a></h2>\n|t:|1788219527\n|gametype|doubles\n|player|p1|FG83|doubleteam|1040\n|player|p2|sixivs|102|1089\n|gen|9\n|tier|[Gen 9 Champions] VGC 2026 Reg M-B (Bo3)\n|rated|\n|rule|Species Clause: Limit one of each Pokémon\n|rule|Item Clause: Limit 1 of each item\n|clearpoke\n|poke|p1|Froslass, L50, F, shiny|\n|poke|p1|Chesnaught, L50, M, shiny|\n|poke|p1|Polteageist, L50|\n|poke|p1|Talonflame, L50, F|\n|poke|p1|Vanilluxe, L50, F|\n|poke|p1|Sinistcha, L50|\n|poke|p2|Staraptor, L50, F, shiny|\n|poke|p2|Typhlosion-Hisui, L50, M|\n|poke|p2|Gholdengo, L50|\n|poke|p2|Garchomp, L50, F|\n|poke|p2|Whimsicott, L50, M|\n|poke|p2|Basculegion, L50, M|\n|teampreview|4\n|showteam|p1|Froslass||Froslassite|CursedBody|Blizzard,Protect,ShadowBall,NastyPlot|Modest||F|||50|]Chesnaught||Chesnaughtite|Bulletproof|BodyPress,WoodHammer,RockSlide,BellyDrum|Brave||M|||50|]Polteageist||FocusSash|CursedBody|TrickRoom,BatonPass,ShellSmash,ShadowBall|Quiet|||||50|]Talonflame||LifeOrb|GaleWings|Tailwind,FlareBlitz,BraveBird,Protect|Adamant||F|||50|]Vanilluxe||SitrusBerry|SnowWarning|AuroraVeil,FreezeDry,Blizzard,Protect|Modest||F|||50|]Sinistcha||OccaBerry|Hospitality|TrickRoom,MatchaGotcha,RagePowder,Protect|Modest|||||50|\n|showteam|p2|Staraptor||Staraptite|Intimidate|Roost,CloseCombat,BraveBird,Protect|Jolly||F|||50|]Typhlosion-Hisui||ChoiceScarf|Frisk|ShadowBall,BurnUp,Eruption,HeatWave|Modest||M|||50|]Gholdengo||LifeOrb|GoodasGold|PowerGem,ShadowBall,MakeItRain,Protect|Modest|||||50|]Garchomp||RoseliBerry|RoughSkin|DragonClaw,StompingTantrum,PoisonJab,RockTomb|Jolly||F|||50|]Whimsicott||FocusSash|Prankster|Moonblast,Tailwind,Tickle,FakeTears|Timid||M|||50|]Basculegion||MysticWater|Adaptability|WaveCrash,LastRespects,AquaJet,Protect|Adamant||M|||50|\n|\n|t:|1788219553\n|teamsize|p1|4\n|teamsize|p2|4\n|start\n|switch|p1a: Polteageist|Polteageist, L50|100/100\n|switch|p1b: Talonflame|Talonflame, L50, F|100/100\n|switch|p2a: Whimsicott|Whimsicott, L50, M|100/100\n|switch|p2b: Typhlosion|Typhlosion-Hisui, L50, M|100/100\n|-item|p1a: Polteageist|Focus Sash|[from] ability: Frisk|[of] p2b: Typhlosion\n|-item|p1b: Talonflame|Life Orb|[from] ability: Frisk|[of] p2b: Typhlosion\n|turn|1\n|\n|t:|1788219576\n|switch|p2b: Staraptor|Staraptor, L50, F, shiny|100/100\n|-ability|p2b: Staraptor|Intimidate|boost\n|-unboost|p1a: Polteageist|atk|1\n|-unboost|p1b: Talonflame|atk|1\n|move|p1b: Talonflame|Tailwind|p1b: Talonflame\n|-sidestart|p1: FG83|move: Tailwind\n|move|p2a: Whimsicott|Moonblast|p1a: Polteageist\n|-damage|p1a: Polteageist|67/100\n|-start|p2a: Whimsicott|Disable|Moonblast|[from] ability: Cursed Body|[of] p1a: Polteageist\n|move|p1a: Polteageist|Shell Smash|p1a: Polteageist\n|-unboost|p1a: Polteageist|def|1\n|-unboost|p1a: Polteageist|spd|1\n|-boost|p1a: Polteageist|atk|2\n|-boost|p1a: Polteageist|spa|2\n|-boost|p1a: Polteageist|spe|2\n|\n|upkeep\n|turn|2\n|\n|t:|1788219613\n|switch|p1b: Chesnaught|Chesnaught, L50, M, shiny|100/100\n|detailschange|p2b: Staraptor|Staraptor-Mega, L50, F, shiny\n|-mega|p2b: Staraptor|Staraptor|Staraptite\n|move|p2a: Whimsicott|Tickle|p2b: Staraptor\n|-boost|p2b: Staraptor|atk|1\n|-boost|p2b: Staraptor|def|1\n|move|p1a: Polteageist|Baton Pass|p1a: Polteageist\n|\n|t:|1788219623\n|switch|p1a: Talonflame|Talonflame, L50, F|100/100|[from] Baton Pass\n|move|p2b: Staraptor|Brave Bird|p1a: Talonflame\n|-damage|p1a: Talonflame|0 fnt\n|faint|p1a: Talonflame\n|-damage|p2b: Staraptor|62/100|[from] Recoil\n|\n|upkeep\n|\n|t:|1788219634\n|switch|p1a: Sinistcha|Sinistcha, L50|100/100\n|turn|3\n|\n|t:|1788219655\n|detailschange|p1b: Chesnaught|Chesnaught-Mega, L50, M, shiny\n|-mega|p1b: Chesnaught|Chesnaught|Chesnaughtite\n|move|p1a: Sinistcha|Rage Powder|p1a: Sinistcha\n|-singleturn|p1a: Sinistcha|move: Rage Powder\n|move|p2a: Whimsicott|Tailwind|p2a: Whimsicott\n|-sidestart|p2: sixivs|move: Tailwind\n|move|p2b: Staraptor|Brave Bird|p1a: Sinistcha\n|-supereffective|p1a: Sinistcha|1\n|-damage|p1a: Sinistcha|0 fnt\n|faint|p1a: Sinistcha\n|-damage|p2b: Staraptor|25/100|[from] Recoil\n|move|p1b: Chesnaught|Belly Drum|p1b: Chesnaught\n|-damage|p1b: Chesnaught|50/100g\n|-setboost|p1b: Chesnaught|atk|6|[from] move: Belly Drum\n|\n|upkeep\n|\n|t:|1788219669\n|switch|p1a: Polteageist|Polteageist, L50|67/100\n|turn|4\n|\n|t:|1788219686\n|move|p2a: Whimsicott|Fake Tears|p2b: Staraptor\n|-boost|p2b: Staraptor|spd|2\n|move|p2b: Staraptor|Brave Bird|p1b: Chesnaught\n|-supereffective|p1b: Chesnaught|2\n|-damage|p1b: Chesnaught|0 fnt\n|faint|p1b: Chesnaught\n|-damage|p2b: Staraptor|6/100|[from] Recoil\n|move|p1a: Polteageist|Trick Room|p1a: Polteageist\n|-fieldstart|move: Trick Room|[of] p1a: Polteageist\n|\n|-end|p2a: Whimsicott|Disable\n|-sideend|p1: FG83|move: Tailwind\n|upkeep\n|turn|5\n|\n|t:|1788219702\n|move|p1a: Polteageist|Shadow Ball|p2b: Staraptor\n|-damage|p2b: Staraptor|0 fnt\n|faint|p2b: Staraptor\n|move|p2a: Whimsicott|Moonblast|p1a: Polteageist\n|-crit|p1a: Polteageist\n|-damage|p1a: Polteageist|11/100\n|-start|p2a: Whimsicott|Disable|Moonblast|[from] ability: Cursed Body|[of] p1a: Polteageist\n|\n|upkeep\n|\n|t:|1788219709\n|switch|p2b: Basculegion|Basculegion, L50, M|100/100\n|turn|6\n|\n|t:|1788219716\n|move|p2b: Basculegion|Aqua Jet|p1a: Polteageist\n|-damage|p1a: Polteageist|0 fnt\n|-start|p2b: Basculegion|Disable|Aqua Jet|[from] ability: Cursed Body|[of] p1a: Polteageist\n|faint|p1a: Polteageist\n|\n|win|sixivs\n|raw|FG83's rating: 1040 &rarr; <strong>1026</strong><br />(-14 for losing)\n|raw|sixivs's rating: 1089 &rarr; <strong>1112</strong><br />(+23 for winning)\n","uploadtime":1788219721,"views":"2","formatid":"gen9championsvgc2026regmbbo3","rating":1026,"private":0,"password":null}