{"id":"gen9championsvgc2026regmb-2674342478","format":"[Gen 9 Champions] VGC 2026 Reg M-B","players":["skas3n","IceSpecialistHyoma"],"log":"|j|☆skas3n\n|j|☆IceSpecialistHyoma\n|t:|1788345163\n|gametype|doubles\n|player|p1|skas3n|266|1287\n|player|p2|IceSpecialistHyoma|pryce|1251\n|gen|9\n|tier|[Gen 9 Champions] VGC 2026 Reg M-B\n|rated|\n|rule|Species Clause: Limit one of each Pokémon\n|rule|Item Clause: Limit 1 of each item\n|clearpoke\n|poke|p1|Incineroar, L50, F|\n|poke|p1|Sableye, L50, F|\n|poke|p1|Scovillain, L50, F|\n|poke|p1|Kommo-o, L50, M|\n|poke|p1|Farigiraf, L50, F|\n|poke|p1|Sylveon, L50, M|\n|poke|p2|Froslass, L50, F|\n|poke|p2|Rotom-Frost, L50|\n|poke|p2|Aurorus, L50, F|\n|poke|p2|Ninetales-Alola, L50, M|\n|poke|p2|Weavile, L50, F|\n|poke|p2|Mamoswine, L50, M|\n|teampreview|4\n|inactive|Battle timer is ON: inactive players will automatically lose when time's up. (requested by skas3n)\n|\n|t:|1788345193\n|teamsize|p1|4\n|teamsize|p2|4\n|start\n|switch|p1a: Sableye|Sableye, L50, F|100/100\n|switch|p1b: Scovillain|Scovillain, L50, F|100/100\n|switch|p2a: Froslass|Froslass, L50, F|100/100\n|switch|p2b: Rotom|Rotom-Frost, L50|100/100\n|turn|1\n|\n|t:|1788345206\n|detailschange|p2a: Froslass|Froslass-Mega, L50, F\n|-mega|p2a: Froslass|Froslass|Froslassite\n|-weather|Snowscape|[from] ability: Snow Warning|[of] p2a: Froslass\n|detailschange|p1b: Scovillain|Scovillain-Mega, L50, F\n|-mega|p1b: Scovillain|Scovillain|Scovillainite\n|move|p1a: Sableye|Light Screen|p1a: Sableye\n|-sidestart|p1: skas3n|move: Light Screen\n|move|p2b: Rotom|Blizzard|p1a: Sableye|[spread] p1a,p1b\n|-damage|p1a: Sableye|70/100\n|-damage|p1b: Scovillain|72/100\n|-status|p2b: Rotom|brn|[from] ability: Spicy Spray|[of] p1b: Scovillain\n|move|p2a: Froslass|Blizzard|p1a: Sableye|[spread] p1a,p1b\n|-damage|p1a: Sableye|26/100\n|-damage|p1b: Scovillain|36/100\n|-status|p2a: Froslass|brn|[from] ability: Spicy Spray|[of] p1b: Scovillain\n|move|p1b: Scovillain|Flamethrower|p2a: Froslass\n|-supereffective|p2a: Froslass|1\n|-damage|p2a: Froslass|1/100 brn\n|\n|-weather|Snowscape|[upkeep]\n|-damage|p2b: Rotom|94/100 brn|[from] brn\n|-damage|p2a: Froslass|0 fnt|[from] brn\n|faint|p2a: Froslass\n|upkeep\n|\n|t:|1788345212\n|switch|p2a: Ninetales|Ninetales-Alola, L50, M|100/100\n|turn|2\n|\n|t:|1788345234\n|move|p2b: Rotom|Blizzard|p1b: Scovillain|[spread] p1a,p1b\n|-damage|p1a: Sableye|0 fnt\n|-damage|p1b: Scovillain|11/100\n|faint|p1a: Sableye\n|move|p2a: Ninetales|Freeze-Dry|p1b: Scovillain\n|-damage|p1b: Scovillain|0 fnt\n|-status|p2a: Ninetales|brn|[from] ability: Spicy Spray|[of] p1b: Scovillain\n|faint|p1b: Scovillain\n|\n|-weather|Snowscape|[upkeep]\n|-damage|p2b: Rotom|88/100 brn|[from] brn\n|-damage|p2a: Ninetales|94/100 brn|[from] brn\n|upkeep\n|\n|t:|1788345241\n|switch|p1b: Sylveon|Sylveon, L50, M|100/100\n|switch|p1a: Incineroar|Incineroar, L50, F|100/100\n|-ability|p1a: Incineroar|Intimidate|boost\n|-unboost|p2a: Ninetales|atk|1\n|-unboost|p2b: Rotom|atk|1\n|turn|3\n|\n|t:|1788345250\n|move|p1a: Incineroar|Fake Out|p2b: Rotom\n|-damage|p2b: Rotom|78/100 brn\n|cant|p2b: Rotom|flinch\n|move|p2a: Ninetales|Aurora Veil|p2a: Ninetales\n|-sidestart|p2: IceSpecialistHyoma|move: Aurora Veil\n|move|p1b: Sylveon|Hyper Voice|p2a: Ninetales|[spread] p2a,p2b\n|-damage|p2a: Ninetales|52/100 brn\n|-damage|p2b: Rotom|35/100 brn\n|-damage|p1b: Sylveon|90/100|[from] item: Life Orb\n|\n|-weather|Snowscape|[upkeep]\n|-damage|p2b: Rotom|29/100 brn|[from] brn\n|-damage|p2a: Ninetales|47/100 brn|[from] brn\n|upkeep\n|turn|4\n|\n|t:|1788345262\n|move|p2b: Rotom|Blizzard|p1b: Sylveon|[spread] p1a,p1b\n|-resisted|p1a: Incineroar|1\n|-damage|p1a: Incineroar|88/100\n|-damage|p1b: Sylveon|72/100\n|move|p2a: Ninetales|Fake Tears|p1b: Sylveon\n|-unboost|p1b: Sylveon|spd|2\n|move|p1b: Sylveon|Hyper Voice|p2b: Rotom|[spread] p2a,p2b\n|-crit|p2a: Ninetales\n|-damage|p2a: Ninetales|0 fnt\n|-damage|p2b: Rotom|0 fnt\n|faint|p2a: Ninetales\n|faint|p2b: Rotom\n|-damage|p1b: Sylveon|62/100|[from] item: Life Orb\n|move|p1a: Incineroar|Flare Blitz|p2: Ninetales|[notarget]\n|-fail|p1a: Incineroar\n|\n|-weather|Snowscape|[upkeep]\n|upkeep\n|\n|t:|1788345266\n|switch|p2b: Aurorus|Aurorus, L50, F|100/100\n|turn|5\n|\n|t:|1788345281\n|move|p1b: Sylveon|Hyper Voice|p2b: Aurorus\n|-damage|p2b: Aurorus|63/100\n|-damage|p1b: Sylveon|52/100|[from] item: Life Orb\n|move|p1a: Incineroar|Flare Blitz|p2b: Aurorus\n|-damage|p2b: Aurorus|39/100\n|-damage|p1a: Incineroar|79/100|[from] Recoil\n|move|p2b: Aurorus|Freeze-Dry|p1b: Sylveon\n|-damage|p1b: Sylveon|21/100\n|\n|-weather|none\n|upkeep\n|turn|6\n|-message|IceSpecialistHyoma forfeited.\n|\n|win|skas3n\n|raw|skas3n's rating: 1287 &rarr; <strong>1309</strong><br />(+22 for winning)\n|raw|IceSpecialistHyoma's rating: 1251 &rarr; <strong>1229</strong><br />(-22 for losing)\n|l|☆IceSpecialistHyoma\n|player|p2|\n|l|☆skas3n\n|player|p1|\n|j|☆IceSpecialistHyoma\n|player|p2|IceSpecialistHyoma|pryce|\n","uploadtime":1788345300,"views":"10","formatid":"gen9championsvgc2026regmb","rating":1229,"private":0,"password":null}