{"id":"gen9championsvgc2026regmb-2674535997","format":"[Gen 9 Champions] VGC 2026 Reg M-B","players":["bruhdnigerian","Haseeb Nabeel"],"log":"|j|☆bruhdnigerian\n|j|☆Haseeb Nabeel\n|t:|1788371263\n|gametype|doubles\n|player|p1|bruhdnigerian|lance|1180\n|player|p2|Haseeb Nabeel|giovanni|1143\n|gen|9\n|tier|[Gen 9 Champions] VGC 2026 Reg M-B\n|rated|\n|rule|Species Clause: Limit one of each Pokémon\n|rule|Item Clause: Limit 1 of each item\n|clearpoke\n|poke|p1|Pangoro, L50, M|\n|poke|p1|Chandelure, L50, M|\n|poke|p1|Spiritomb, L50, M|\n|poke|p1|Araquanid, L50, F|\n|poke|p1|Gliscor, L50, F|\n|poke|p1|Drampa, L50, M|\n|poke|p2|Charizard, L50, M, shiny|\n|poke|p2|Aerodactyl, L50, M|\n|poke|p2|Incineroar, L50, M|\n|poke|p2|Sylveon, L50, M|\n|poke|p2|Garchomp, L50, M|\n|poke|p2|Venusaur, L50, M, shiny|\n|teampreview|4\n|inactive|Battle timer is ON: inactive players will automatically lose when time's up. (requested by bruhdnigerian)\nbruhdnigerian rejected open team sheets.\n|inactive|bruhdnigerian has 60 seconds left.\n|\n|t:|1788371297\n|teamsize|p1|4\n|teamsize|p2|4\n|start\n|switch|p1a: Spiritomb|Spiritomb, L50, M|100/100\n|switch|p1b: Gliscor|Gliscor, L50, F|100/100\n|switch|p2a: Sylveon|Sylveon, L50, M|100/100\n|switch|p2b: Incineroar|Incineroar, L50, M|100/100\n|-ability|p2b: Incineroar|Intimidate|boost\n|-unboost|p1a: Spiritomb|atk|1\n|-fail|p1b: Gliscor|unboost|atk|[from] ability: Hyper Cutter|[of] p1b: Gliscor\n|turn|1\n|\n|t:|1788371313\n|move|p1b: Gliscor|Protect|p1b: Gliscor\n|-singleturn|p1b: Gliscor|Protect\n|move|p2b: Incineroar|Fake Out|p1b: Gliscor\n|-activate|p1b: Gliscor|move: Protect\n|move|p2a: Sylveon|Hyper Voice|p1b: Gliscor|[spread] p1a\n|-activate|p1b: Gliscor|move: Protect\n|-supereffective|p1a: Spiritomb|1\n|-damage|p1a: Spiritomb|29/100\n|move|p1a: Spiritomb|Trick Room|p1a: Spiritomb\n|-fieldstart|move: Trick Room|[of] p1a: Spiritomb\n|\n|upkeep\n|turn|2\n|\n|t:|1788371336\n|move|p2a: Sylveon|Quick Attack|p1a: Spiritomb\n|-supereffective|p1a: Spiritomb|1\n|-damage|p1a: Spiritomb|0 fnt\n|faint|p1a: Spiritomb\n|move|p2b: Incineroar|Flare Blitz|p1b: Gliscor\n|-damage|p1b: Gliscor|52/100\n|-damage|p2b: Incineroar|83/100|[from] Recoil\n|move|p1b: Gliscor|High Horsepower|p2b: Incineroar\n|-supereffective|p2b: Incineroar|1\n|-damage|p2b: Incineroar|0 fnt\n|faint|p2b: Incineroar\n|\n|upkeep\n|\n|t:|1788371349\n|switch|p1a: Chandelure|Chandelure, L50, M|100/100\n|switch|p2b: Charizard|Charizard, L50, M, shiny|100/100\n|turn|3\n|\n|t:|1788371360\n|detailschange|p1a: Chandelure|Chandelure-Mega, L50, M\n|-mega|p1a: Chandelure|Chandelure|Chandelurite\n|move|p2b: Charizard|Protect|p2b: Charizard\n|-singleturn|p2b: Charizard|Protect\n|move|p2a: Sylveon|Moonblast|p1b: Gliscor\n|-damage|p1b: Gliscor|0 fnt\n|faint|p1b: Gliscor\n|move|p1a: Chandelure|Flamethrower|p2a: Sylveon\n|-damage|p2a: Sylveon|40/100\n|\n|upkeep\n|\n|t:|1788371369\n|switch|p1b: Drampa|Drampa, L50, M|100/100\n|-ability|p1b: Drampa|Cloud Nine\n|turn|4\n|\n|t:|1788371389\n|move|p1b: Drampa|Hyper Voice|p2a: Sylveon|[spread] p2a,p2b\n|-damage|p2a: Sylveon|3/100\n|-damage|p2b: Charizard|43/100\n|move|p2a: Sylveon|Moonblast|p1b: Drampa\n|-supereffective|p1b: Drampa|1\n|-enditem|p1b: Drampa|Roseli Berry|[eat]\n|-enditem|p1b: Drampa|Roseli Berry|[weaken]\n|-damage|p1b: Drampa|36/100\n|move|p1a: Chandelure|Flamethrower|p2a: Sylveon\n|-crit|p2a: Sylveon\n|-damage|p2a: Sylveon|0 fnt\n|faint|p2a: Sylveon\n|move|p2b: Charizard|Weather Ball|p1b: Drampa\n|-damage|p1b: Drampa|20/100y\n|\n|upkeep\n|\n|t:|1788371402\n|switch|p2a: Garchomp|Garchomp, L50, M|100/100\n|turn|5\n|\n|t:|1788371410\n|move|p2b: Charizard|Protect|p2b: Charizard\n|-singleturn|p2b: Charizard|Protect\n|move|p1b: Drampa|Dragon Pulse|p2a: Garchomp\n|-supereffective|p2a: Garchomp|1\n|-damage|p2a: Garchomp|0 fnt\n|faint|p2a: Garchomp\n|move|p1a: Chandelure|Shadow Ball|p2b: Charizard\n|-activate|p2b: Charizard|move: Protect\n|\n|-fieldend|move: Trick Room\n|upkeep\n|turn|6\n|\n|t:|1788371421\n|detailschange|p2b: Charizard|Charizard-Mega-Y, L50, M, shiny\n|-mega|p2b: Charizard|Charizard|Charizardite Y\n|-weather|SunnyDay|[from] ability: Drought|[of] p2b: Charizard\n|move|p2b: Charizard|Heat Wave|p1a: Chandelure|[spread] p1a,p1b\n|-resisted|p1a: Chandelure|1\n|-resisted|p1b: Drampa|1\n|-damage|p1a: Chandelure|78/100\n|-damage|p1b: Drampa|0 fnt\n|faint|p1b: Drampa\n|move|p1a: Chandelure|Shadow Ball|p2b: Charizard\n|-damage|p2b: Charizard|0 fnt\n|faint|p2b: Charizard\n|\n|win|bruhdnigerian\n|raw|bruhdnigerian's rating: 1180 &rarr; <strong>1202</strong><br />(+22 for winning)\n|raw|Haseeb Nabeel's rating: 1143 &rarr; <strong>1121</strong><br />(-22 for losing)\n|l|☆Haseeb Nabeel\n|player|p2|\n","uploadtime":1788371434,"views":"1","formatid":"gen9championsvgc2026regmb","rating":1121,"private":0,"password":null}