{"id":"gen9championsvgc2026regmb-2674728883","format":"[Gen 9 Champions] VGC 2026 Reg M-B","players":["Luma Tactas","lliny"],"log":"|j|☆Luma Tactas\n|j|☆lliny\n|t:|1788397009\n|gametype|doubles\n|player|p1|Luma Tactas|acetrainerf|1138\n|player|p2|lliny|li|1122\n|gen|9\n|tier|[Gen 9 Champions] VGC 2026 Reg M-B\n|rated|\n|rule|Species Clause: Limit one of each Pokémon\n|rule|Item Clause: Limit 1 of each item\n|clearpoke\n|poke|p1|Gardevoir, L50, F, shiny|\n|poke|p1|Sneasler, L50, M|\n|poke|p1|Sinistcha, L50|\n|poke|p1|Rotom-Wash, L50|\n|poke|p1|Talonflame, L50, M|\n|poke|p1|Garchomp, L50, F|\n|poke|p2|Mawile, L50, M|\n|poke|p2|Gallade, L50, M|\n|poke|p2|Incineroar, L50, M|\n|poke|p2|Farigiraf, L50, M|\n|poke|p2|Primarina, L50, F|\n|poke|p2|Sinistcha-Masterpiece, L50|\n|teampreview|4\nLuma Tactas has agreed to open team sheets.\n|\n|t:|1788397059\n|teamsize|p1|4\n|teamsize|p2|4\n|start\n|switch|p1a: Unseen|Sneasler, L50, M|100/100\n|switch|p1b: Motorwash|Rotom-Wash, L50|100/100\n|switch|p2a: Sinistcha|Sinistcha-Masterpiece, L50|100/100\n|switch|p2b: tony the tiger|Incineroar, L50, M|100/100\n|-ability|p2b: tony the tiger|Intimidate|boost\n|-unboost|p1a: Unseen|atk|1\n|-unboost|p1b: Motorwash|atk|1\n|-enditem|p1a: Unseen|White Herb\n|-clearnegativeboost|p1a: Unseen|[silent]\n|turn|1\n|\n|t:|1788397093\n|move|p1a: Unseen|Fake Out|p2b: tony the tiger\n|-damage|p2b: tony the tiger|87/100\n|cant|p2b: tony the tiger|flinch\n|move|p1b: Motorwash|Hydro Pump|p2b: tony the tiger\n|-supereffective|p2b: tony the tiger|1\n|-damage|p2b: tony the tiger|0 fnt\n|faint|p2b: tony the tiger\n|move|p2a: Sinistcha|Trick Room|p2a: Sinistcha\n|-fieldstart|move: Trick Room|[of] p2a: Sinistcha\n|\n|upkeep\n|\n|t:|1788397112\n|switch|p2b: cara de mewing|Mawile, L50, M|100/100\n|-ability|p2b: cara de mewing|Intimidate|boost\n|-unboost|p1a: Unseen|atk|1\n|-unboost|p1b: Motorwash|atk|1\n|turn|2\n|\n|t:|1788397141\n|switch|p1a: Iron Mugulis|Sinistcha, L50|100/100\n|detailschange|p2b: cara de mewing|Mawile-Mega, L50, M\n|-mega|p2b: cara de mewing|Mawile|Mawilite\n|move|p2b: cara de mewing|Play Rough|p1a: Iron Mugulis|[miss]\n|-miss|p2b: cara de mewing|p1a: Iron Mugulis\n|move|p2a: Sinistcha|Matcha Gotcha|p1b: Motorwash|[spread] p1a,p1b\n|-resisted|p1a: Iron Mugulis|1\n|-supereffective|p1b: Motorwash|1\n|-damage|p1a: Iron Mugulis|84/100\n|-damage|p1b: Motorwash|43/100\n|move|p1b: Motorwash|Will-O-Wisp|p2b: cara de mewing|[miss]\n|-miss|p1b: Motorwash|p2b: cara de mewing\n|\n|-heal|p1b: Motorwash|48/100|[from] item: Leftovers\n|upkeep\n|turn|3\n|\n|t:|1788397197\n|move|p2b: cara de mewing|Protect|p2b: cara de mewing\n|-singleturn|p2b: cara de mewing|Protect\n|move|p1b: Motorwash|Protect|p1b: Motorwash\n|-singleturn|p1b: Motorwash|Protect\n|move|p2a: Sinistcha|Matcha Gotcha|p1a: Iron Mugulis|[spread] \n|-activate|p1b: Motorwash|move: Protect\n|-miss|p2a: Sinistcha|p1a: Iron Mugulis\n|move|p1a: Iron Mugulis|Trick Room|p1a: Iron Mugulis\n|-fieldend|move: Trick Room\n|\n|-heal|p1b: Motorwash|54/100|[from] item: Leftovers\n|upkeep\n|turn|4\n|\n|t:|1788397232\n|switch|p1b: Morganucodon|Talonflame, L50, M|100/100\n|switch|p2b: lady gaga|Primarina, L50, F|100/100\n|move|p1a: Iron Mugulis|Strength Sap|p2b: lady gaga\n|-unboost|p2b: lady gaga|atk|1\n|-heal|p1a: Iron Mugulis|100/100\n|move|p2a: Sinistcha|Trick Room|p2a: Sinistcha\n|-fieldstart|move: Trick Room|[of] p2a: Sinistcha\n|\n|upkeep\n|turn|5\n|\n|t:|1788397257\n|move|p1b: Morganucodon|Protect|p1b: Morganucodon\n|-singleturn|p1b: Morganucodon|Protect\n|move|p2b: lady gaga|Hyper Voice|p1b: Morganucodon|[spread] p1a\n|-activate|p1b: Morganucodon|move: Protect\n|-resisted|p1a: Iron Mugulis|1\n|-damage|p1a: Iron Mugulis|71/100\n|-damage|p2b: lady gaga|90/100|[from] item: Life Orb\n|move|p1a: Iron Mugulis|Matcha Gotcha|p2b: lady gaga|[spread] p2a,p2b\n|-resisted|p2a: Sinistcha|1\n|-supereffective|p2b: lady gaga|1\n|-damage|p2a: Sinistcha|88/100\n|-heal|p1a: Iron Mugulis|76/100|[from] drain|[of] p2a: Sinistcha\n|-damage|p2b: lady gaga|50/100g\n|-heal|p1a: Iron Mugulis|97/100|[from] drain|[of] p2b: lady gaga\n|move|p2a: Sinistcha|Matcha Gotcha|p1b: Morganucodon|[spread] p1a\n|-activate|p1b: Morganucodon|move: Protect\n|-resisted|p1a: Iron Mugulis|1\n|-damage|p1a: Iron Mugulis|83/100\n|-heal|p2a: Sinistcha|95/100|[from] drain|[of] p1a: Iron Mugulis\n|\n|upkeep\n|turn|6\n|\n|t:|1788397332\n|move|p1b: Morganucodon|Dual Wingbeat|p2a: Sinistcha|[miss]\n|-miss|p1b: Morganucodon|p2a: Sinistcha\n|move|p2b: lady gaga|Hyper Voice|p1b: Morganucodon|[spread] p1a,p1b\n|-resisted|p1a: Iron Mugulis|1\n|-supereffective|p1b: Morganucodon|1\n|-damage|p1a: Iron Mugulis|57/100\n|-enditem|p1b: Morganucodon|Focus Sash\n|-damage|p1b: Morganucodon|1/100\n|-damage|p2b: lady gaga|40/100|[from] item: Life Orb\n|move|p2a: Sinistcha|Matcha Gotcha|p1b: Morganucodon|[spread] p1a,p1b\n|-resisted|p1a: Iron Mugulis|1\n|-resisted|p1b: Morganucodon|2\n|-damage|p1a: Iron Mugulis|43/100\n|-heal|p2a: Sinistcha|100/100|[from] drain|[of] p1a: Iron Mugulis\n|-damage|p1b: Morganucodon|0 fnt\n|-status|p1a: Iron Mugulis|brn\n|-enditem|p1a: Iron Mugulis|Sitrus Berry|[eat]\n|-heal|p1a: Iron Mugulis|68/100 brn|[from] item: Sitrus Berry\n|faint|p1b: Morganucodon\n|move|p1a: Iron Mugulis|Matcha Gotcha|p2a: Sinistcha|[spread] p2a,p2b\n|-resisted|p2a: Sinistcha|1\n|-supereffective|p2b: lady gaga|1\n|-damage|p2a: Sinistcha|88/100\n|-heal|p1a: Iron Mugulis|74/100 brn|[from] drain|[of] p2a: Sinistcha\n|-damage|p2b: lady gaga|0 fnt\n|-heal|p1a: Iron Mugulis|95/100 brn|[from] drain|[of] p2b: lady gaga\n|faint|p2b: lady gaga\n|\n|-damage|p1a: Iron Mugulis|89/100 brn|[from] brn\n|upkeep\n|\n|t:|1788397364\n|switch|p2b: cara de mewing|Mawile-Mega, L50, M|100/100\n|switch|p1b: Unseen|Sneasler, L50, M|100/100\n|turn|7\n|\n|t:|1788397388\n|move|p2b: cara de mewing|Protect|p2b: cara de mewing\n|-singleturn|p2b: cara de mewing|Protect\n|move|p1b: Unseen|Fake Out|p2b: cara de mewing\n|-activate|p2b: cara de mewing|move: Protect\n|move|p2a: Sinistcha|Matcha Gotcha|p1b: Unseen|[spread] p1a,p1b\n|-resisted|p1a: Iron Mugulis|1\n|-resisted|p1b: Unseen|1\n|-damage|p1a: Iron Mugulis|73/100 brn\n|-heal|p2a: Sinistcha|96/100|[from] drain|[of] p1a: Iron Mugulis\n|-damage|p1b: Unseen|84/100\n|-heal|p2a: Sinistcha|100/100|[from] drain|[of] p1b: Unseen\n|move|p1a: Iron Mugulis|Trick Room|p1a: Iron Mugulis\n|-fieldend|move: Trick Room\n|\n|-damage|p1a: Iron Mugulis|67/100 brn|[from] brn\n|upkeep\n|turn|8\n|\n|t:|1788397418\n|move|p2a: Sinistcha|Rage Powder|p2a: Sinistcha\n|-singleturn|p2a: Sinistcha|move: Rage Powder\n|move|p1b: Unseen|Close Combat|p2a: Sinistcha\n|-immune|p2a: Sinistcha\n|move|p1a: Iron Mugulis|Strength Sap|p2b: cara de mewing\n|-unboost|p2b: cara de mewing|atk|1\n|-heal|p1a: Iron Mugulis|100/100 brn\n|move|p2b: cara de mewing|Play Rough|p1a: Iron Mugulis\n|-damage|p1a: Iron Mugulis|55/100 brn\n|\n|-damage|p1a: Iron Mugulis|49/100 brn|[from] brn\n|upkeep\n|turn|9\n|\n|t:|1788397467\n|move|p1b: Unseen|Protect|p1b: Unseen\n|-singleturn|p1b: Unseen|Protect\n|move|p2b: cara de mewing|Protect|p2b: cara de mewing\n|-singleturn|p2b: cara de mewing|Protect\n|move|p1a: Iron Mugulis|Strength Sap|p2b: cara de mewing\n|-activate|p2b: cara de mewing|move: Protect\n|move|p2a: Sinistcha|Trick Room|p2a: Sinistcha\n|-fieldstart|move: Trick Room|[of] p2a: Sinistcha\n|\n|-damage|p1a: Iron Mugulis|43/100 brn|[from] brn\n|upkeep\n|turn|10\n|\n|t:|1788397523\n|move|p2b: cara de mewing|Play Rough|p1a: Iron Mugulis|[miss]\n|-miss|p2b: cara de mewing|p1a: Iron Mugulis\n|move|p1a: Iron Mugulis|Strength Sap|p2b: cara de mewing\n|-unboost|p2b: cara de mewing|atk|1\n|-heal|p1a: Iron Mugulis|100/100 brn\n|move|p2a: Sinistcha|Matcha Gotcha|p1a: Iron Mugulis|[spread] p1b\n|-miss|p2a: Sinistcha|p1a: Iron Mugulis\n|-resisted|p1b: Unseen|1\n|-damage|p1b: Unseen|67/100\n|move|p1b: Unseen|Dire Claw|p2a: Sinistcha\n|-damage|p2a: Sinistcha|68/100\n|-status|p2a: Sinistcha|slp\n|\n|-damage|p1a: Iron Mugulis|93/100 brn|[from] brn\n|upkeep\n|turn|11\n|\n|t:|1788397549\n|move|p1a: Iron Mugulis|Rage Powder|p1a: Iron Mugulis\n|-singleturn|p1a: Iron Mugulis|move: Rage Powder\n|move|p2b: cara de mewing|Play Rough|p1a: Iron Mugulis\n|-damage|p1a: Iron Mugulis|60/100 brn\n|cant|p2a: Sinistcha|slp\n|move|p1b: Unseen|Close Combat|p2b: cara de mewing\n|-damage|p2b: cara de mewing|40/100\n|-unboost|p1b: Unseen|def|1\n|-unboost|p1b: Unseen|spd|1\n|\n|-damage|p1a: Iron Mugulis|53/100 brn|[from] brn\n|upkeep\n|turn|12\n|\n|t:|1788397578\n|move|p1b: Unseen|Protect|p1b: Unseen\n|-singleturn|p1b: Unseen|Protect\n|move|p2b: cara de mewing|Play Rough|p1b: Unseen\n|-activate|p1b: Unseen|move: Protect\n|cant|p2a: Sinistcha|slp\n|move|p1a: Iron Mugulis|Strength Sap|p2b: cara de mewing\n|-unboost|p2b: cara de mewing|atk|1\n|-heal|p1a: Iron Mugulis|100/100 brn\n|\n|-damage|p1a: Iron Mugulis|93/100 brn|[from] brn\n|upkeep\n|turn|13\n|-message|lliny forfeited.\n|\n|win|Luma Tactas\n|raw|Luma Tactas's rating: 1138 &rarr; <strong>1162</strong><br />(+24 for winning)\n|raw|lliny's rating: 1122 &rarr; <strong>1098</strong><br />(-24 for losing)\n|l|☆lliny\n|player|p2|\n","uploadtime":1788397591,"views":"10","formatid":"gen9championsvgc2026regmb","rating":1098,"private":0,"password":null}