{"id":"gen9championsvgc2026regmb-2674615670","format":"[Gen 9 Champions] VGC 2026 Reg M-B","players":["Sampsonwildbeast","proman65"],"log":"|j|☆Sampsonwildbeast\n|j|‽proman65\n|t:|1788380645\n|gametype|doubles\n|player|p1|Sampsonwildbeast|169|1563\n|player|p2|proman65|elesa|1608\n|gen|9\n|tier|[Gen 9 Champions] VGC 2026 Reg M-B\n|rated|\n|rule|Species Clause: Limit one of each Pokémon\n|rule|Item Clause: Limit 1 of each item\n|clearpoke\n|poke|p1|Charizard, L50, F|\n|poke|p1|Venusaur, L50, F|\n|poke|p1|Archaludon, L50, M|\n|poke|p1|Swampert, L50, M|\n|poke|p1|Pelipper, L50, F|\n|poke|p1|Sneasler, L50, M|\n|poke|p2|Swampert, L50, M|\n|poke|p2|Pelipper, L50, M|\n|poke|p2|Archaludon, L50, F|\n|poke|p2|Grimmsnarl, L50, M|\n|poke|p2|Metagross, L50|\n|poke|p2|Sableye, L50, M|\n|teampreview|4\n|inactive|Battle timer is ON: inactive players will automatically lose when time's up. (requested by proman65)\n|inactive|proman65 has 60 seconds left.\n|inactive|proman65 has 30 seconds left.\n|inactive|proman65 has 20 seconds left.\n|inactive|proman65 has 15 seconds left.\n|inactive|proman65 has 10 seconds left.\n|\n|t:|1788380727\n|teamsize|p1|4\n|teamsize|p2|4\n|start\n|switch|p1a: Charizard|Charizard, L50, F|100/100\n|switch|p1b: Venusaur|Venusaur, L50, F|100/100\n|switch|p2a: Archaludon|Archaludon, L50, F|100/100\n|switch|p2b: Sableye|Sableye, L50, M|100/100\n|turn|1\n|\n|t:|1788380745\n|move|p1a: Charizard|Protect|p1a: Charizard\n|-singleturn|p1a: Charizard|Protect\n|move|p2a: Archaludon|Protect|p2a: Archaludon\n|-singleturn|p2a: Archaludon|Protect\n|move|p2b: Sableye|Taunt|p1b: Venusaur\n|-start|p1b: Venusaur|move: Taunt\n|cant|p1b: Venusaur|move: Taunt|Sleep Powder\n|\n|upkeep\n|turn|2\n|\n|t:|1788380769\n|detailschange|p1a: Charizard|Charizard-Mega-Y, L50, F\n|-mega|p1a: Charizard|Charizard|Charizardite Y\n|-weather|SunnyDay|[from] ability: Drought|[of] p1a: Charizard\n|move|p2b: Sableye|Rain Dance|p2b: Sableye\n|-weather|RainDance\n|move|p1a: Charizard|Heat Wave|p2b: Sableye|[spread] p2a\n|-miss|p1a: Charizard|p2b: Sableye\n|-damage|p2a: Archaludon|76/100\n|-ability|p2a: Archaludon|Stamina|boost\n|-boost|p2a: Archaludon|def|1\n|move|p1b: Venusaur|Leaf Storm|p2b: Sableye\n|-damage|p2b: Sableye|31/100\n|-unboost|p1b: Venusaur|spa|2\n|move|p2a: Archaludon|Electro Shot||[still]\n|-prepare|p2a: Archaludon|Electro Shot\n|-boost|p2a: Archaludon|spa|1\n|-anim|p2a: Archaludon|Electro Shot|p1a: Charizard\n|-supereffective|p1a: Charizard|1\n|-damage|p1a: Charizard|0 fnt\n|faint|p1a: Charizard\n|\n|-weather|RainDance|[upkeep]\n|upkeep\n|\n|t:|1788380793\n|switch|p1a: Archaludon|Archaludon, L50, M|100/100\n|turn|3\n|\n|t:|1788380809\n|switch|p1b: Pelipper|Pelipper, L50, F|100/100\n|move|p2b: Sableye|Light Screen|p2b: Sableye\n|-sidestart|p2: proman65|move: Light Screen\n|move|p1a: Archaludon|Dragon Pulse|p2a: Archaludon\n|-damage|p2a: Archaludon|42/100\n|-ability|p2a: Archaludon|Stamina|boost\n|-boost|p2a: Archaludon|def|1\n|move|p2a: Archaludon|Electro Shot||[still]\n|-prepare|p2a: Archaludon|Electro Shot\n|-boost|p2a: Archaludon|spa|1\n|-anim|p2a: Archaludon|Electro Shot|p1a: Archaludon\n|-resisted|p1a: Archaludon|1\n|-damage|p1a: Archaludon|48/100\n|-ability|p1a: Archaludon|Stamina|boost\n|-boost|p1a: Archaludon|def|1\n|\n|-weather|RainDance|[upkeep]\n|upkeep\n|turn|4\n|inactive|proman65 has 30 seconds left.\n|\n|t:|1788380842\n|switch|p2b: Pelipper|Pelipper, L50, M|100/100\n|move|p1a: Archaludon|Dragon Pulse|p2a: Archaludon\n|-damage|p2a: Archaludon|4/100\n|-ability|p2a: Archaludon|Stamina|boost\n|-boost|p2a: Archaludon|def|1\n|move|p2a: Archaludon|Dragon Pulse|p1a: Archaludon\n|-damage|p1a: Archaludon|0 fnt\n|faint|p1a: Archaludon\n|move|p1b: Pelipper|Weather Ball|p2b: Pelipper\n|-resisted|p2b: Pelipper|1\n|-damage|p2b: Pelipper|65/100\n|\n|-weather|RainDance|[upkeep]\n|upkeep\n|\n|t:|1788380857\n|switch|p1a: Venusaur|Venusaur, L50, F|100/100\n|turn|5\n|\n|t:|1788380863\n|move|p2a: Archaludon|Protect|p2a: Archaludon\n|-singleturn|p2a: Archaludon|Protect\n|move|p1a: Venusaur|Sleep Powder|p2b: Pelipper\n|-status|p2b: Pelipper|slp|[from] move: Sleep Powder\n|cant|p2b: Pelipper|slp\n|move|p1b: Pelipper|Weather Ball|p2a: Archaludon\n|-activate|p2a: Archaludon|move: Protect\n|\n|-weather|RainDance|[upkeep]\n|upkeep\n|turn|6\n|\n|t:|1788380880\n|move|p1a: Venusaur|Sludge Bomb|p2b: Pelipper\n|-damage|p2b: Pelipper|25/100 slp\n|move|p2a: Archaludon|Electro Shot||[still]\n|-prepare|p2a: Archaludon|Electro Shot\n|-boost|p2a: Archaludon|spa|1\n|-anim|p2a: Archaludon|Electro Shot|p1b: Pelipper\n|-supereffective|p1b: Pelipper|2\n|-damage|p1b: Pelipper|0 fnt\n|faint|p1b: Pelipper\n|cant|p2b: Pelipper|slp\n|\n|-weather|none\n|upkeep\n|turn|7\n|\n|t:|1788380899\n|move|p1a: Venusaur|Leaf Storm|p2a: Archaludon\n|-resisted|p2a: Archaludon|2\n|-damage|p2a: Archaludon|0 fnt\n|-unboost|p1a: Venusaur|spa|2\n|faint|p2a: Archaludon\n|-curestatus|p2b: Pelipper|slp|[msg]\n|move|p2b: Pelipper|Ice Beam|p1a: Venusaur\n|-supereffective|p1a: Venusaur|1\n|-damage|p1a: Venusaur|36/100\n|\n|-sideend|p2: proman65|move: Light Screen\n|upkeep\n|\n|t:|1788380903\n|switch|p2a: Sableye|Sableye, L50, M|31/100\n|turn|8\n|\n|t:|1788380918\n|move|p2a: Sableye|Taunt|p1a: Venusaur\n|-start|p1a: Venusaur|move: Taunt\n|move|p1a: Venusaur|Leaf Storm|p2b: Pelipper\n|-damage|p2b: Pelipper|0 fnt\n|-unboost|p1a: Venusaur|spa|2\n|faint|p2b: Pelipper\n|\n|upkeep\n|\n|t:|1788380923\n|switch|p2b: Swampert|Swampert, L50, M|100/100\n|turn|9\n|\n|t:|1788380933\n|detailschange|p2b: Swampert|Swampert-Mega, L50, M\n|-mega|p2b: Swampert|Swampert|Swampertite\n|move|p2a: Sableye|Rain Dance|p2a: Sableye\n|-weather|RainDance\n|move|p2b: Swampert|Ice Punch|p1a: Venusaur\n|-supereffective|p1a: Venusaur|1\n|-damage|p1a: Venusaur|0 fnt\n|faint|p1a: Venusaur\n|\n|win|proman65\n|raw|Sampsonwildbeast's rating: 1563 &rarr; <strong>1546</strong><br />(-17 for losing)\n|raw|proman65's rating: 1608 &rarr; <strong>1625</strong><br />(+17 for winning)\n|l|☆Sampsonwildbeast\n|player|p1|\n","uploadtime":1788380957,"views":"5","formatid":"gen9championsvgc2026regmb","rating":1546,"private":0,"password":null}