{"id":"gen9championsvgc2026regmb-2674168795","format":"[Gen 9 Champions] VGC 2026 Reg M-B","players":["deathbyelf","cortepapayon"],"log":"|j|‽deathbyelf\n|j|‽cortepapayon\n|t:|1788309478\n|gametype|doubles\n|player|p1|deathbyelf|266|1000\n|player|p2|cortepapayon|workerice|1103\n|gen|9\n|tier|[Gen 9 Champions] VGC 2026 Reg M-B\n|rated|\n|rule|Species Clause: Limit one of each Pokémon\n|rule|Item Clause: Limit 1 of each item\n|clearpoke\n|poke|p1|Steelix, L50, F|\n|poke|p1|Grimmsnarl, L50, M, shiny|\n|poke|p1|Weavile, L50, F|\n|poke|p1|Swampert, L50, F|\n|poke|p1|Scrafty, L50, M|\n|poke|p1|Pinsir, L50, F|\n|poke|p2|Whimsicott, L50, M|\n|poke|p2|Sinistcha, L50|\n|poke|p2|Abomasnow, L50, M|\n|poke|p2|Gourgeist-Super, L50, M|\n|poke|p2|Meganium, L50, M|\n|poke|p2|Tsareena, L50, F|\n|teampreview|4\n|inactive|Battle timer is ON: inactive players will automatically lose when time's up. (requested by cortepapayon)\n|l|‽cortepapayon\n|inactive|cortepapayon disconnected and has a minute to reconnect!\n|player|p2|\n|inactive|deathbyelf has 60 seconds left.\n|inactive|cortepapayon has 30 seconds to reconnect!\n|inactive|cortepapayon has 20 seconds to reconnect!\n|inactive|cortepapayon has 15 seconds to reconnect!\n|j|☆cortepapayon\n|inactive|cortepapayon reconnected and has 25 seconds left.\n|player|p2|cortepapayon|workerice|\n|inactive|cortepapayon has 20 seconds left.\n|inactive|cortepapayon has 15 seconds left.\n|\n|t:|1788309558\n|teamsize|p1|4\n|teamsize|p2|4\n|start\n|switch|p1a: Grimmsnarl|Grimmsnarl, L50, M, shiny|100/100\n|switch|p1b: Scrafty|Scrafty, L50, M|100/100\n|switch|p2a: Meganium|Meganium, L50, M|100/100\n|switch|p2b: Gourgeist|Gourgeist-Super, L50, M|100/100\n|-ability|p1b: Scrafty|Intimidate|boost\n|-unboost|p2a: Meganium|atk|1\n|-unboost|p2b: Gourgeist|atk|1\n|turn|1\n|inactive|deathbyelf has 30 seconds left.\n|\n|t:|1788309584\n|switch|p2b: Tsareena|Tsareena, L50, F|100/100\n|detailschange|p2a: Meganium|Meganium-Mega, L50, M\n|-mega|p2a: Meganium|Meganium|Meganiumite\n|detailschange|p1b: Scrafty|Scrafty-Mega, L50, M\n|-mega|p1b: Scrafty|Scrafty|Scraftinite\n|-ability|p1b: Scrafty|Intimidate|boost\n|-unboost|p2a: Meganium|atk|1\n|-unboost|p2b: Tsareena|atk|1\n|move|p1a: Grimmsnarl|Light Screen|p1a: Grimmsnarl\n|-sidestart|p1: deathbyelf|move: Light Screen\n|move|p2a: Meganium|Dazzling Gleam|p1b: Scrafty|[spread] p1a,p1b\n|-supereffective|p1a: Grimmsnarl|1\n|-supereffective|p1b: Scrafty|2\n|-damage|p1a: Grimmsnarl|57/100\n|-damage|p1b: Scrafty|29/100\n|move|p1b: Scrafty|Crunch|p2b: Tsareena\n|-damage|p2b: Tsareena|63/100\n|\n|upkeep\n|turn|2\n|\n|t:|1788309609\n|switch|p2b: Gourgeist|Gourgeist-Super, L50, M|100/100\n|move|p1a: Grimmsnarl|Reflect|p1a: Grimmsnarl\n|-sidestart|p1: deathbyelf|Reflect\n|move|p2a: Meganium|Dazzling Gleam|p1a: Grimmsnarl|[spread] p1a,p1b\n|-supereffective|p1a: Grimmsnarl|1\n|-supereffective|p1b: Scrafty|2\n|-damage|p1a: Grimmsnarl|13/100\n|-damage|p1b: Scrafty|0 fnt\n|-enditem|p1a: Grimmsnarl|Sitrus Berry|[eat]\n|-heal|p1a: Grimmsnarl|38/100|[from] item: Sitrus Berry\n|faint|p1b: Scrafty\n|\n|upkeep\n|\n|t:|1788309621\n|switch|p1b: Weavile|Weavile, L50, F|100/100\n|-ability|p1b: Weavile|Pressure\n|turn|3\n|\n|t:|1788309637\n|move|p1b: Weavile|Triple Axel|p2a: Meganium\n|-supereffective|p2a: Meganium|1\n|-crit|p2a: Meganium\n|-damage|p2a: Meganium|65/100\n|-supereffective|p2a: Meganium|1\n|-damage|p2a: Meganium|23/100\n|-supereffective|p2a: Meganium|1\n|-damage|p2a: Meganium|0 fnt\n|faint|p2a: Meganium\n|-hitcount|p2: Meganium|3\n|move|p1a: Grimmsnarl|Spirit Break|p2b: Gourgeist\n|-damage|p2b: Gourgeist|76/100\n|-unboost|p2b: Gourgeist|spa|1\n|move|p2b: Gourgeist|Will-O-Wisp|p1b: Weavile\n|-status|p1b: Weavile|brn\n|\n|-damage|p1b: Weavile|93/100 brn|[from] brn\n|upkeep\n|\n|t:|1788309656\n|switch|p2a: Whimsicott|Whimsicott, L50, M|100/100\n|turn|4\n|\n|t:|1788309669\n|move|p2b: Gourgeist|Protect|p2b: Gourgeist\n|-singleturn|p2b: Gourgeist|Protect\n|move|p2a: Whimsicott|Moonblast|p1b: Weavile\n|-supereffective|p1b: Weavile|1\n|-damage|p1b: Weavile|36/100 brn\n|move|p1b: Weavile|Knock Off|p2b: Gourgeist\n|-activate|p2b: Gourgeist|move: Protect\n|move|p1a: Grimmsnarl|Spirit Break|p2a: Whimsicott\n|-damage|p2a: Whimsicott|62/100\n|-unboost|p2a: Whimsicott|spa|1\n|\n|-damage|p1b: Weavile|29/100 brn|[from] brn\n|upkeep\n|turn|5\n|inactive|cortepapayon has 30 seconds left.\n|\n|t:|1788309699\n|move|p2a: Whimsicott|Moonblast|p1b: Weavile\n|-supereffective|p1b: Weavile|1\n|-damage|p1b: Weavile|0 fnt\n|faint|p1b: Weavile\n|move|p1a: Grimmsnarl|Spirit Break|p2a: Whimsicott\n|-damage|p2a: Whimsicott|26/100\n|-unboost|p2a: Whimsicott|spa|1\n|move|p2b: Gourgeist|Will-O-Wisp|p1a: Grimmsnarl\n|-status|p1a: Grimmsnarl|brn\n|\n|-damage|p1a: Grimmsnarl|32/100 brn|[from] brn\n|-sideend|p1: deathbyelf|move: Light Screen\n|upkeep\n|\n|t:|1788309712\n|switch|p1b: Swampert|Swampert, L50, F|100/100\n|turn|6\n|\n|t:|1788309727\n|move|p2a: Whimsicott|Protect|p2a: Whimsicott\n|-singleturn|p2a: Whimsicott|Protect\n|move|p1a: Grimmsnarl|Light Screen|p1a: Grimmsnarl\n|-sidestart|p1: deathbyelf|move: Light Screen\n|move|p1b: Swampert|Ice Punch|p2b: Gourgeist\n|-supereffective|p2b: Gourgeist|1\n|-damage|p2b: Gourgeist|35/100\n|-status|p2b: Gourgeist|frz\n|-damage|p1b: Swampert|90/100|[from] item: Life Orb\n|cant|p2b: Gourgeist|frz\n|\n|-damage|p1a: Grimmsnarl|26/100 brn|[from] brn\n|-sideend|p1: deathbyelf|Reflect\n|upkeep\n|turn|7\n|\n|t:|1788309747\n|-curestatus|p2b: Gourgeist|frz|[msg]\n|move|p2b: Gourgeist|Protect|p2b: Gourgeist\n|-singleturn|p2b: Gourgeist|Protect\n|move|p1a: Grimmsnarl|Reflect|p1a: Grimmsnarl\n|-sidestart|p1: deathbyelf|Reflect\n|move|p2a: Whimsicott|Moonblast|p1a: Grimmsnarl\n|-supereffective|p1a: Grimmsnarl|1\n|-damage|p1a: Grimmsnarl|8/100 brn\n|move|p1b: Swampert|Ice Punch|p2a: Whimsicott\n|-supereffective|p2a: Whimsicott|1\n|-damage|p2a: Whimsicott|0 fnt\n|faint|p2a: Whimsicott\n|-damage|p1b: Swampert|80/100|[from] item: Life Orb\n|\n|-damage|p1a: Grimmsnarl|2/100 brn|[from] brn\n|upkeep\n|\n|t:|1788309761\n|switch|p2a: Tsareena|Tsareena, L50, F|63/100\n|turn|8\n|inactive|deathbyelf has 30 seconds left.\n|\n|t:|1788309791\n|move|p1b: Swampert|Protect|p1b: Swampert\n|-singleturn|p1b: Swampert|Protect\n|move|p2a: Tsareena|Power Whip|p1b: Swampert\n|-activate|p1b: Swampert|move: Protect\n|move|p1a: Grimmsnarl|Spirit Break|p2a: Tsareena\n|-damage|p2a: Tsareena|47/100\n|-unboost|p2a: Tsareena|spa|1\n|move|p2b: Gourgeist|Poltergeist||[still]\n|-fail|p2b: Gourgeist\n|\n|-damage|p1a: Grimmsnarl|0 fnt|[from] brn\n|faint|p1a: Grimmsnarl\n|upkeep\n|turn|9\n|inactive|cortepapayon has 30 seconds left.\n|\n|t:|1788309822\n|move|p2a: Tsareena|Power Whip|p1b: Swampert\n|-supereffective|p1b: Swampert|2\n|-damage|p1b: Swampert|0 fnt\n|faint|p1b: Swampert\n|\n|win|cortepapayon\n|raw|deathbyelf's rating: 1000 &rarr; <strong>1000</strong><br />(+0 for losing)\n|raw|cortepapayon's rating: 1103 &rarr; <strong>1121</strong><br />(+18 for winning)\n|l|☆cortepapayon\n|player|p2|\n|l|‽deathbyelf\n|player|p1|\n|j|☆cortepapayon\n|player|p2|cortepapayon|workerice|\n","uploadtime":1788309878,"views":"1","formatid":"gen9championsvgc2026regmb","rating":1000,"private":0,"password":null}