{"id":"gen9championsvgc2026regmb-2674469231","format":"[Gen 9 Champions] VGC 2026 Reg M-B","players":["Leneerprompejenta","eliasvzqz"],"log":"|j|☆Leneerprompejenta\n|j|☆eliasvzqz\n|t:|1788363466\n|gametype|doubles\n|player|p1|Leneerprompejenta|266|1079\n|player|p2|eliasvzqz|miku-ghost|1109\n|gen|9\n|tier|[Gen 9 Champions] VGC 2026 Reg M-B\n|rated|\n|rule|Species Clause: Limit one of each Pokémon\n|rule|Item Clause: Limit 1 of each item\n|clearpoke\n|poke|p1|Dragonite, L50, F|\n|poke|p1|Sneasler, L50, M|\n|poke|p1|Basculegion, L50, M|\n|poke|p1|Kingambit, L50, M|\n|poke|p1|Garchomp, L50, F|\n|poke|p1|Floette-Eternal, L50, F|\n|poke|p2|Absol, L50, M|\n|poke|p2|Whimsicott, L50, M|\n|poke|p2|Garchomp, L50, F|\n|poke|p2|Kingambit, L50, M|\n|poke|p2|Umbreon, L50, M|\n|poke|p2|Samurott-Hisui, L50, F|\n|teampreview|4\neliasvzqz rejected open team sheets.\n|inactive|Battle timer is ON: inactive players will automatically lose when time's up. (requested by eliasvzqz)\n|inactive|Leneerprompejenta has 60 seconds left.\n|\n|t:|1788363559\n|teamsize|p1|4\n|teamsize|p2|4\n|start\n|switch|p1a: Floette|Floette-Eternal, L50, F|100/100\n|switch|p1b: Sneasler|Sneasler, L50, M|100/100\n|switch|p2a: Absol|Absol, L50, M|100/100\n|switch|p2b: Whimsicott|Whimsicott, L50, M|100/100\n|turn|1\n|\n|t:|1788363580\n|move|p1a: Floette|Protect|p1a: Floette\n|-singleturn|p1a: Floette|Protect\n|move|p2a: Absol|Endure|p2a: Absol\n|-singleturn|p2a: Absol|move: Endure\n|move|p1b: Sneasler|Fake Out|p2a: Absol\n|-damage|p2a: Absol|75/100\n|move|p2b: Whimsicott|Beat Up|p2a: Absol\n|-resisted|p2a: Absol|1\n|-damage|p2a: Absol|72/100\n|-ability|p2a: Absol|Justified|boost\n|-boost|p2a: Absol|atk|1\n|-resisted|p2a: Absol|1\n|-damage|p2a: Absol|70/100\n|-ability|p2a: Absol|Justified|boost\n|-boost|p2a: Absol|atk|1\n|-resisted|p2a: Absol|1\n|-damage|p2a: Absol|67/100\n|-ability|p2a: Absol|Justified|boost\n|-boost|p2a: Absol|atk|1\n|-resisted|p2a: Absol|1\n|-damage|p2a: Absol|64/100\n|-ability|p2a: Absol|Justified|boost\n|-boost|p2a: Absol|atk|1\n|-hitcount|p2a: Absol|4\n|\n|upkeep\n|turn|2\n|inactive|Leneerprompejenta has 30 seconds left.\n|inactive|eliasvzqz has 30 seconds left.\n|\n|t:|1788363614\n|detailschange|p1a: Floette|Floette-Mega, L50, F\n|-mega|p1a: Floette|Floette|Floettite\n|-ability|p1a: Floette|Fairy Aura\n|detailschange|p2a: Absol|Absol-Mega, L50, M\n|-mega|p2a: Absol|Absol|Absolite\n|move|p1b: Sneasler|Feint|p2a: Absol\n|-damage|p2a: Absol|42/100\n|move|p2b: Whimsicott|Encore|p1a: Floette\n|-start|p1a: Floette|Encore\n|move|p1a: Floette|Protect||[still]\n|-fail|p1a: Floette\n|move|p2a: Absol|Brutal Swing|p1a: Floette|[spread] p2b,p1a,p1b\n|-resisted|p2b: Whimsicott|1\n|-resisted|p1a: Floette|1\n|-resisted|p1b: Sneasler|1\n|-damage|p2b: Whimsicott|69/100\n|-damage|p1a: Floette|54/100\n|-damage|p1b: Sneasler|31/100\n|\n|upkeep\n|turn|3\n|inactive|Leneerprompejenta has 30 seconds left.\n|inactive|eliasvzqz has 30 seconds left.\n|\n|t:|1788363639\n|switch|p1a: Kingambit|Kingambit, L50, M|100/100\n|move|p2b: Whimsicott|Encore|p1b: Sneasler\n|-start|p1b: Sneasler|Encore\n|move|p1b: Sneasler|Feint|p2a: Absol\n|-damage|p2a: Absol|20/100y\n|move|p2a: Absol|Brutal Swing|p1a: Kingambit|[spread] p2b,p1a,p1b\n|-resisted|p2b: Whimsicott|1\n|-resisted|p1a: Kingambit|1\n|-resisted|p1b: Sneasler|1\n|-damage|p2b: Whimsicott|35/100\n|-damage|p1a: Kingambit|72/100\n|-damage|p1b: Sneasler|0 fnt\n|faint|p1b: Sneasler\n|\n|upkeep\n|\n|t:|1788363660\n|switch|p1b: Floette|Floette-Mega, L50, F|54/100\n|-ability|p1b: Floette|Fairy Aura\n|turn|4\n|\n|t:|1788363673\n|move|p2a: Absol|Endure|p2a: Absol\n|-singleturn|p2a: Absol|move: Endure\n|move|p1a: Kingambit|Sucker Punch||[still]\n|-fail|p1a: Kingambit\n|move|p1b: Floette|Dazzling Gleam|p2b: Whimsicott|[spread] p2a,p2b\n|-supereffective|p2a: Absol|1\n|-activate|p2a: Absol|move: Endure\n|-damage|p2a: Absol|1/100\n|-damage|p2b: Whimsicott|0 fnt\n|faint|p2b: Whimsicott\n|\n|upkeep\n|\n|t:|1788363686\n|switch|p2b: Garchomp|Garchomp, L50, F|100/100\n|turn|5\n|\n|t:|1788363698\n|move|p2b: Garchomp|Earthquake|p1b: Floette|[spread] p2a,p1a,p1b\n|-supereffective|p1a: Kingambit|1\n|-damage|p2a: Absol|0 fnt\n|-damage|p1a: Kingambit|0 fnt\n|-damage|p1b: Floette|0 fnt\n|faint|p2a: Absol\n|faint|p1a: Kingambit\n|faint|p1b: Floette\n|-damage|p2b: Garchomp|90/100|[from] item: Life Orb\n|\n|upkeep\n|\n|t:|1788363708\n|switch|p2a: Kingambit|Kingambit, L50, M|100/100\n|switch|p1a: Garchomp|Garchomp, L50, F|100/100\n|turn|6\n|\n|t:|1788363718\n|move|p2a: Kingambit|Sucker Punch|p1a: Garchomp\n|-damage|p1a: Garchomp|51/100\n|-damage|p2a: Kingambit|87/100|[from] ability: Rough Skin|[of] p1a: Garchomp\n|move|p1a: Garchomp|Earthquake|p2b: Garchomp|[spread] p2a,p2b\n|-supereffective|p2a: Kingambit|1\n|-damage|p2a: Kingambit|31/100\n|-damage|p2b: Garchomp|49/100\n|move|p2b: Garchomp|Dragon Claw|p1a: Garchomp\n|-supereffective|p1a: Garchomp|1\n|-damage|p1a: Garchomp|0 fnt\n|-damage|p2b: Garchomp|37/100|[from] ability: Rough Skin|[of] p1a: Garchomp\n|faint|p1a: Garchomp\n|-damage|p2b: Garchomp|27/100|[from] item: Life Orb\n|\n|win|eliasvzqz\n|raw|Leneerprompejenta's rating: 1079 &rarr; <strong>1059</strong><br />(-20 for losing)\n|raw|eliasvzqz's rating: 1109 &rarr; <strong>1132</strong><br />(+23 for winning)\n|l|☆Leneerprompejenta\n|player|p1|\n","uploadtime":1788363733,"views":"19","formatid":"gen9championsvgc2026regmb","rating":1059,"private":0,"password":null}