{"id":"gen9championsvgc2026regmb-2674743242","format":"[Gen 9 Champions] VGC 2026 Reg M-B","players":["Vhplays","raposaraspada"],"log":"|j|☆Vhplays\n|j|☆raposaraspada\n|t:|1788399265\n|gametype|doubles\n|player|p1|Vhplays|266|\n|player|p2|raposaraspada|170|\n|gen|9\n|tier|[Gen 9 Champions] VGC 2026 Reg M-B\n|rule|Species Clause: Limit one of each Pokémon\n|rule|Item Clause: Limit 1 of each item\n|clearpoke\n|poke|p1|Cofagrigus, L50, M|\n|poke|p1|Hawlucha, L50, M|\n|poke|p1|Lycanroc-Midnight, L50, F|\n|poke|p1|Umbreon, L50, M, shiny|\n|poke|p1|Infernape, L50, M|\n|poke|p1|Dragalge, L50, F|\n|poke|p2|Toxicroak, L50, M|\n|poke|p2|Sceptile, L50, F|\n|poke|p2|Aromatisse, L50, F|\n|poke|p2|Mawile, L50, F|\n|poke|p2|Charizard, L50, F|\n|poke|p2|Sharpedo, L50, F|\n|teampreview|4\n|j| victorjls21\n|j| rsbjjjjjjjjj\n|\n|t:|1788399303\n|teamsize|p1|4\n|teamsize|p2|4\n|start\n|switch|p1a: Goleiro Bruno|Cofagrigus, L50, M|100/100\n|switch|p1b: David Silva Torres|Dragalge, L50, F|100/100\n|switch|p2a: BuIzEo|Toxicroak, L50, M|100/100\n|switch|p2b: SnOrLaXi|Aromatisse, L50, F|100/100\n|turn|1\n|l| rsbjjjjjjjjj\n|j| rsbjjjjjjjjj\n|\n|t:|1788399327\n|move|p1b: David Silva Torres|Protect|p1b: David Silva Torres\n|-singleturn|p1b: David Silva Torres|Protect\n|move|p2a: BuIzEo|Fake Out|p1b: David Silva Torres\n|-activate|p1b: David Silva Torres|move: Protect\n|move|p1a: Goleiro Bruno|Imprison|p1a: Goleiro Bruno\n|-start|p1a: Goleiro Bruno|move: Imprison\n|cant|p2b: SnOrLaXi|move: Imprison|Trick Room\n|\n|upkeep\n|turn|2\n|\n|t:|1788399365\n|move|p1a: Goleiro Bruno|Protect|p1a: Goleiro Bruno\n|-singleturn|p1a: Goleiro Bruno|Protect\n|move|p2a: BuIzEo|Sucker Punch||[still]\n|-fail|p2a: BuIzEo\n|move|p1b: David Silva Torres|Sludge Bomb|p2b: SnOrLaXi\n|-supereffective|p2b: SnOrLaXi|1\n|-damage|p2b: SnOrLaXi|0 fnt\n|faint|p2b: SnOrLaXi\n|-damage|p1b: David Silva Torres|90/100|[from] item: Life Orb\n|\n|upkeep\n|j| kappamobs\n|\n|t:|1788399379\n|switch|p2b: PUCCA|Mawile, L50, F|100/100\n|-ability|p2b: PUCCA|Intimidate|boost\n|-unboost|p1a: Goleiro Bruno|atk|1\n|-unboost|p1b: David Silva Torres|atk|1\n|turn|3\n|j| matheusmes\n|l| matheusmes\n|j| matheusmes\n|\n|t:|1788399421\n|move|p1a: Goleiro Bruno|Protect||[still]\n|-fail|p1a: Goleiro Bruno\n|move|p2a: BuIzEo|Sucker Punch||[still]\n|-fail|p2a: BuIzEo\n|move|p2b: PUCCA|Play Rough|p1b: David Silva Torres\n|-damage|p1b: David Silva Torres|51/100\n|move|p1b: David Silva Torres|Thunderbolt|p2b: PUCCA\n|-damage|p2b: PUCCA|46/100\n|-damage|p1b: David Silva Torres|41/100|[from] item: Life Orb\n|\n|upkeep\n|turn|4\n|\n|t:|1788399452\n|move|p1b: David Silva Torres|Protect|p1b: David Silva Torres\n|-singleturn|p1b: David Silva Torres|Protect\n|move|p2a: BuIzEo|Sucker Punch||[still]\n|-fail|p2a: BuIzEo\n|move|p2b: PUCCA|Sucker Punch||[still]\n|-fail|p2b: PUCCA\n|move|p1a: Goleiro Bruno|Body Press|p2b: PUCCA\n|-crit|p2b: PUCCA\n|-damage|p2b: PUCCA|0 fnt\n|faint|p2b: PUCCA\n|\n|upkeep\n|\n|t:|1788399463\n|switch|p2b: Kisame|Sharpedo, L50, F|100/100\n|turn|5\n|c| rsbjjjjjjjjj|brutal\n|\n|t:|1788399485\n|move|p2a: BuIzEo|Sucker Punch|p1b: David Silva Torres\n|-damage|p1b: David Silva Torres|13/100\n|-damage|p2a: BuIzEo|90/100|[from] item: Life Orb\n|move|p2b: Kisame|Ice Fang|p1b: David Silva Torres\n|-supereffective|p1b: David Silva Torres|1\n|-damage|p1b: David Silva Torres|0 fnt\n|faint|p1b: David Silva Torres\n|move|p1a: Goleiro Bruno|Trick Room|p1a: Goleiro Bruno\n|-fieldstart|move: Trick Room|[of] p1a: Goleiro Bruno\n|\n|-ability|p2b: Kisame|Speed Boost|boost\n|-boost|p2b: Kisame|spe|1\n|upkeep\n|c| rsbjjjjjjjjj|goleiro bruno botando terror\n|\n|t:|1788399503\n|switch|p1b: Zico|Infernape, L50, M|100/100\n|turn|6\n|\n|t:|1788399521\n|move|p1b: Zico|Fake Out|p2a: BuIzEo\n|-damage|p2a: BuIzEo|69/100\n|move|p1a: Goleiro Bruno|Body Press|p2b: Kisame\n|-supereffective|p2b: Kisame|1\n|-damage|p2b: Kisame|0 fnt\n|faint|p2b: Kisame\n|cant|p2a: BuIzEo|flinch\n|\n|upkeep\n|turn|7\n|\n|t:|1788399545\n|move|p2a: BuIzEo|Poison Jab|p1b: Zico\n|-damage|p1b: Zico|27/100\n|-status|p1b: Zico|psn\n|-damage|p2a: BuIzEo|60/100|[from] item: Life Orb\n|move|p1b: Zico|Overheat|p2a: BuIzEo\n|-damage|p2a: BuIzEo|0 fnt\n|-unboost|p1b: Zico|spa|2\n|faint|p2a: BuIzEo\n|\n|win|Vhplays\n|l| victorjls21\n|l|☆Vhplays\n|player|p1|\n","uploadtime":1788399558,"views":"2","formatid":"gen9championsvgc2026regmb","rating":null,"private":0,"password":null}