{"id":"gen9championsvgc2026regmbbo3-2673666782","format":"[Gen 9 Champions] VGC 2026 Reg M-B (Bo3)","players":["Blupixl","superswagz"],"log":"|j|☆Blupixl\n|j|☆superswagz\n|html|<table width=\"100%\"><tr><td align=\"left\">Blupixl</td><td align=\"right\">superswagz</tr><tr><td align=\"left\"><i class=\"fa fa-circle-o\"></i> <i class=\"fa fa-circle-o\"></i> </td><td align=\"right\"><i class=\"fa fa-circle-o\"></i> <i class=\"fa fa-circle-o\"></i> </tr></table>\n|uhtml|bestof|<h2><strong>Game 1</strong> of <a href=\"/game-bestof3-gen9championsvgc2026regmbbo3-2673666781\">a best-of-3</a></h2>\n|t:|1788229784\n|gametype|doubles\n|player|p1|Blupixl|medium|\n|player|p2|superswagz|265|\n|gen|9\n|tier|[Gen 9 Champions] VGC 2026 Reg M-B (Bo3)\n|rule|Species Clause: Limit one of each Pokémon\n|rule|Item Clause: Limit 1 of each item\n|clearpoke\n|poke|p1|Farigiraf, L50, M|\n|poke|p1|Mawile, L50, M|\n|poke|p1|Araquanid, L50, M|\n|poke|p1|Skeledirge, L50, F|\n|poke|p1|Machamp, L50, F|\n|poke|p1|Politoed, L50, M|\n|poke|p2|Slowking-Galar, L50, F|\n|poke|p2|Rotom-Wash, L50, shiny|\n|poke|p2|Scrafty, L50, M|\n|poke|p2|Mamoswine, L50, M|\n|poke|p2|Whimsicott, L50, M|\n|poke|p2|Salazzle, L50, F, shiny|\n|teampreview|4\n|showteam|p1|Farigiraf||SitrusBerry|ArmorTail|Psychic,Protect,TrickRoom,HyperVoice|Sassy||M|||50|]Mawile||Mawilite|Intimidate|PlayRough,IronHead,PsychicFangs,SuckerPunch|Adamant||M|||50|]Araquanid||MysticWater|WaterBubble|Liquidation,LeechLife,PoisonJab,Substitute|Adamant||M|||50|]Skeledirge||Leftovers|Unaware|TorchSong,ShadowBall,SlackOff,Yawn|Bold||F|||50|]Machamp||BlackBelt|Guts|DrainPunch,DarkestLariat,WideGuard,BulletPunch|Adamant||F|||50|]Politoed||DampRock|Drizzle|WeatherBall,IceBeam,Encore,PerishSong|Modest||M|||50|\n|showteam|p2|Slowking-Galar||SitrusBerry|Regenerator|TrickRoom,Imprison,Psychic,Flamethrower|Relaxed||F|||50|]Rotom-Wash||Leftovers|Levitate|HydroPump,WillOWisp,Protect,Thunderbolt|Bold|||||50|]Scrafty||Scraftinite|Intimidate|DrainPunch,ThunderPunch,KnockOff,Detect|Careful||M|||50|]Mamoswine||LifeOrb|ThickFat|HighHorsepower,IcicleCrash,IceShard,Protect|Adamant||M|||50|]Whimsicott||ExpertBelt|Prankster|Encore,Moonblast,Hurricane,Protect|Quiet||M|||50|]Salazzle||FocusSash|Corrosion|HeatWave,SludgeBomb,Endeavor,Protect|Quiet||F|||50|\n|j| ringdaman\n|\n|t:|1788229881\n|teamsize|p1|4\n|teamsize|p2|4\n|start\n|switch|p1a: QB|Farigiraf, L50, M|100/100\n|switch|p1b: Center|Machamp, L50, F|100/100\n|switch|p2a: Slowking|Slowking-Galar, L50, F|100/100\n|switch|p2b: Mamoswine|Mamoswine, L50, M|100/100\n|turn|1\n|\n|t:|1788229914\n|move|p2b: Mamoswine|Protect|p2b: Mamoswine\n|-singleturn|p2b: Mamoswine|Protect\n|move|p1b: Center|Wide Guard|p1b: Center\n|-singleturn|p1b: Center|Wide Guard\n|move|p1a: QB|Psychic|p2a: Slowking\n|-damage|p2a: Slowking|70/100\n|move|p2a: Slowking|Imprison|p2a: Slowking\n|-start|p2a: Slowking|move: Imprison\n|\n|upkeep\n|turn|2\n|\n|t:|1788229937\n|switch|p1a: WR|Araquanid, L50, M|100/100\n|move|p2b: Mamoswine|High Horsepower|p1b: Center\n|-damage|p1b: Center|27/100\n|-damage|p2b: Mamoswine|90/100|[from] item: Life Orb\n|move|p1b: Center|Drain Punch|p2b: Mamoswine\n|-supereffective|p2b: Mamoswine|1\n|-damage|p2b: Mamoswine|0 fnt\n|-heal|p1b: Center|75/100|[from] drain|[of] p2b: Mamoswine\n|faint|p2b: Mamoswine\n|move|p2a: Slowking|Psychic|p1b: Center\n|-supereffective|p1b: Center|1\n|-damage|p1b: Center|1/100\n|\n|upkeep\n|\n|t:|1788229956\n|switch|p2b: Scrafty|Scrafty, L50, M|100/100\n|-ability|p2b: Scrafty|Intimidate|boost\n|-unboost|p1a: WR|atk|1\n|-unboost|p1b: Center|atk|1\n|turn|3\n|\n|t:|1788229978\n|switch|p1a: WR1|Mawile, L50, M|100/100\n|-ability|p1a: WR1|Intimidate|boost\n|-unboost|p2a: Slowking|atk|1\n|-unboost|p2b: Scrafty|atk|1\n|move|p2b: Scrafty|Detect|p2b: Scrafty\n|-singleturn|p2b: Scrafty|Protect\n|move|p1b: Center|Bullet Punch|p2a: Slowking\n|-damage|p2a: Slowking|61/100\n|move|p2a: Slowking|Psychic|p1b: Center\n|-supereffective|p1b: Center|1\n|-damage|p1b: Center|0 fnt\n|faint|p1b: Center\n|\n|upkeep\n|\n|t:|1788229994\n|switch|p1b: WR|Araquanid, L50, M|100/100\n|turn|4\n|\n|t:|1788230019\n|switch|p2b: Rotom|Rotom-Wash, L50, shiny|100/100\n|move|p1a: WR1|Iron Head|p2a: Slowking\n|-damage|p2a: Slowking|33/100\n|-enditem|p2a: Slowking|Sitrus Berry|[eat]\n|-heal|p2a: Slowking|57/100|[from] item: Sitrus Berry\n|move|p1b: WR|Substitute|p1b: WR\n|-start|p1b: WR|Substitute\n|-damage|p1b: WR|75/100\n|move|p2a: Slowking|Flamethrower|p1a: WR1\n|-supereffective|p1a: WR1|1\n|-damage|p1a: WR1|4/100\n|\n|upkeep\n|turn|5\n|c|☆superswagz|wait\n|c|☆superswagz|i can see all his moves lol\n|c|☆superswagz|when i hover\n|c|☆superswagz|i just realized rn\n|c|☆Blupixl|i forgot to mega evolve last turn\n|\n|t:|1788230111\n|-heal|p2a: Slowking|91/100|[from] ability: Regenerator|[silent]\n|switch|p2a: Scrafty|Scrafty, L50, M|100/100\n|-ability|p2a: Scrafty|Intimidate|boost\n|-unboost|p1a: WR1|atk|1\n|-immune|p1b: WR\n|detailschange|p1a: WR1|Mawile-Mega, L50, M\n|-mega|p1a: WR1|Mawile|Mawilite\n|move|p2b: Rotom|Thunderbolt|p1a: WR1\n|-damage|p1a: WR1|0 fnt\n|faint|p1a: WR1\n|move|p1b: WR|Liquidation|p2a: Scrafty\n|-crit|p2a: Scrafty\n|-damage|p2a: Scrafty|0 fnt\n|faint|p2a: Scrafty\n|\n|upkeep\n|\n|t:|1788230128\n|switch|p2a: Slowking|Slowking-Galar, L50, F|91/100\n|switch|p1a: QB|Farigiraf, L50, M|100/100\n|turn|6\n|\n|t:|1788230164\n|move|p2b: Rotom|Hydro Pump|p1a: QB|[miss]\n|-miss|p2b: Rotom|p1a: QB\n|move|p1a: QB|Psychic|p2b: Rotom\n|-damage|p2b: Rotom|59/100\n|move|p1b: WR|Leech Life|p2b: Rotom\n|-damage|p2b: Rotom|32/100\n|-heal|p1b: WR|88/100|[from] drain|[of] p2b: Rotom\n|move|p2a: Slowking|Imprison|p2a: Slowking\n|-start|p2a: Slowking|move: Imprison\n|\n|-heal|p2b: Rotom|38/100|[from] item: Leftovers\n|upkeep\n|turn|7\n|\n|t:|1788230190\n|move|p2b: Rotom|Protect|p2b: Rotom\n|-singleturn|p2b: Rotom|Protect\n|move|p1a: QB|Hyper Voice|p2b: Rotom|[spread] p2a\n|-activate|p2b: Rotom|move: Protect\n|-damage|p2a: Slowking|69/100\n|move|p1b: WR|Liquidation|p2b: Rotom\n|-activate|p2b: Rotom|move: Protect\n|move|p2a: Slowking|Psychic|p1b: WR\n|-end|p1b: WR|Substitute\n|\n|-heal|p2b: Rotom|43/100|[from] item: Leftovers\n|upkeep\n|turn|8\n|j| jeensoo\n|c| jeensoo|uh just dont hover\n|\n|t:|1788230233\n|move|p2b: Rotom|Thunderbolt|p1b: WR\n|-supereffective|p1b: WR|1\n|-damage|p1b: WR|26/100\n|move|p1a: QB|Hyper Voice|p2b: Rotom|[spread] p2a,p2b\n|-damage|p2a: Slowking|50/100y\n|-damage|p2b: Rotom|14/100\n|move|p1b: WR|Liquidation|p2b: Rotom\n|-resisted|p2b: Rotom|1\n|-damage|p2b: Rotom|0 fnt\n|faint|p2b: Rotom\n|move|p2a: Slowking|Psychic|p1b: WR\n|-damage|p1b: WR|0 fnt\n|faint|p1b: WR\n|\n|upkeep\n|turn|9\n|c| jeensoo|and if u ask me ill tell u possible speeds\n|\n|t:|1788230248\n|move|p1a: QB|Hyper Voice|p2a: Slowking\n|-damage|p2a: Slowking|22/100\n|move|p2a: Slowking|Flamethrower|p1a: QB\n|-damage|p1a: QB|81/100\n|\n|upkeep\n|turn|10\n|c|☆superswagz|uh oh\n|\n|t:|1788230262\n|move|p1a: QB|Hyper Voice|p2a: Slowking\n|-damage|p2a: Slowking|0 fnt\n|faint|p2a: Slowking\n|\n|win|Blupixl\n","uploadtime":1788230268,"views":"18","formatid":"gen9championsvgc2026regmbbo3","rating":null,"private":0,"password":null}