{"id":"gen9championsvgc2026regmb-2674685018","format":"[Gen 9 Champions] VGC 2026 Reg M-B","players":["randomtieflinggirl","Caputoinou"],"log":"|j|☆randomtieflinggirl\n|j|☆Caputoinou\n|t:|1788390241\n|gametype|doubles\n|player|p1|randomtieflinggirl|170|1206\n|player|p2|Caputoinou|1|1239\n|gen|9\n|tier|[Gen 9 Champions] VGC 2026 Reg M-B\n|rated|\n|rule|Species Clause: Limit one of each Pokémon\n|rule|Item Clause: Limit 1 of each item\n|clearpoke\n|poke|p1|Lycanroc-Dusk, L50, F|\n|poke|p1|Froslass, L50, F|\n|poke|p1|Scovillain, L50, M|\n|poke|p1|Basculegion, L50, M|\n|poke|p1|Kingambit, L50, M|\n|poke|p1|Sneasler, L50, F|\n|poke|p2|Archaludon, L50, M|\n|poke|p2|Sneasler, L50, F|\n|poke|p2|Corviknight, L50, F|\n|poke|p2|Politoed, L50, M|\n|poke|p2|Banette, L50, M|\n|poke|p2|Sylveon, L50, M|\n|teampreview|4\nrandomtieflinggirl has agreed to open team sheets.\n|\n|t:|1788390294\n|teamsize|p1|4\n|teamsize|p2|4\n|start\n|switch|p1a: Froslass|Froslass, L50, F|100/100\n|switch|p1b: Kingambit|Kingambit, L50, M|100/100\n|switch|p2a: Sneasler|Sneasler, L50, F|100/100\n|switch|p2b: Banette|Banette, L50, M|100/100\n|-item|p1a: Froslass|Froslassite|[from] ability: Frisk|[of] p2b: Banette\n|-item|p1b: Kingambit|Black Glasses|[from] ability: Frisk|[of] p2b: Banette\n|turn|1\n|\n|t:|1788390330\n|detailschange|p1a: Froslass|Froslass-Mega, L50, F\n|-mega|p1a: Froslass|Froslass|Froslassite\n|-weather|Snowscape|[from] ability: Snow Warning|[of] p1a: Froslass\n|detailschange|p2b: Banette|Banette-Mega, L50, M\n|-mega|p2b: Banette|Banette|Banettite\n|move|p1b: Kingambit|Protect|p1b: Kingambit\n|-singleturn|p1b: Kingambit|Protect\n|move|p2b: Banette|Swagger|p2a: Sneasler\n|-boost|p2a: Sneasler|atk|2\n|-start|p2a: Sneasler|confusion\n|-enditem|p2a: Sneasler|Lum Berry|[eat]\n|-end|p2a: Sneasler|confusion\n|move|p2a: Sneasler|Throat Chop|p1a: Froslass\n|-supereffective|p1a: Froslass|1\n|-damage|p1a: Froslass|0 fnt\n|faint|p1a: Froslass\n|\n|-weather|Snowscape|[upkeep]\n|upkeep\n|\n|t:|1788390347\n|switch|p1a: Sneasler|Sneasler, L50, F|100/100\n|turn|2\n|\n|t:|1788390398\n|move|p1a: Sneasler|Fake Out|p2a: Sneasler\n|-crit|p2a: Sneasler\n|-damage|p2a: Sneasler|68/100\n|cant|p2a: Sneasler|flinch\n|move|p2b: Banette|Poltergeist|p1b: Kingambit\n|-activate|p1b: Kingambit|move: Poltergeist|Black Glasses\n|-resisted|p1b: Kingambit|1\n|-damage|p1b: Kingambit|76/100\n|move|p1b: Kingambit|Kowtow Cleave|p2a: Sneasler\n|-resisted|p2a: Sneasler|1\n|-damage|p2a: Sneasler|18/100\n|\n|-weather|Snowscape|[upkeep]\n|upkeep\n|turn|3\n|\n|t:|1788390417\n|move|p1a: Sneasler|Protect|p1a: Sneasler\n|-singleturn|p1a: Sneasler|Protect\n|move|p1b: Kingambit|Sucker Punch|p2a: Sneasler\n|-resisted|p2a: Sneasler|1\n|-damage|p2a: Sneasler|0 fnt\n|faint|p2a: Sneasler\n|move|p2b: Banette|Poltergeist|p1b: Kingambit\n|-activate|p1b: Kingambit|move: Poltergeist|Black Glasses\n|-resisted|p1b: Kingambit|1\n|-damage|p1b: Kingambit|52/100\n|\n|-weather|Snowscape|[upkeep]\n|upkeep\n|\n|t:|1788390433\n|switch|p2a: Corviknight|Corviknight, L50, F|100/100\n|turn|4\n|\n|t:|1788390441\n|move|p1b: Kingambit|Sucker Punch||[still]\n|-fail|p1b: Kingambit\n|move|p1a: Sneasler|Close Combat|p2a: Corviknight\n|-damage|p2a: Corviknight|54/100\n|-unboost|p1a: Sneasler|def|1\n|-unboost|p1a: Sneasler|spd|1\n|-enditem|p1a: Sneasler|White Herb\n|-clearnegativeboost|p1a: Sneasler|[silent]\n|move|p2a: Corviknight|Iron Defense|p2a: Corviknight\n|-boost|p2a: Corviknight|def|2\n|move|p2b: Banette|Trick Room|p2b: Banette\n|-fieldstart|move: Trick Room|[of] p2b: Banette\n|\n|-weather|Snowscape|[upkeep]\n|upkeep\n|turn|5\n|\n|t:|1788390461\n|move|p1a: Sneasler|Protect|p1a: Sneasler\n|-singleturn|p1a: Sneasler|Protect\n|move|p1b: Kingambit|Kowtow Cleave|p2b: Banette\n|-supereffective|p2b: Banette|1\n|-damage|p2b: Banette|0 fnt\n|faint|p2b: Banette\n|move|p2a: Corviknight|Iron Defense|p2a: Corviknight\n|-boost|p2a: Corviknight|def|2\n|\n|-weather|none\n|upkeep\n|\n|t:|1788390469\n|switch|p2b: Politoed|Politoed, L50, M|100/100\n|-weather|RainDance|[from] ability: Drizzle|[of] p2b: Politoed\n|turn|6\n|\n|t:|1788390500\n|move|p1b: Kingambit|Kowtow Cleave|p2a: Corviknight\n|-damage|p2a: Corviknight|40/100\n|move|p2b: Politoed|Weather Ball|p1a: Sneasler\n|-damage|p1a: Sneasler|38/100\n|move|p2a: Corviknight|Body Press|p1b: Kingambit\n|-supereffective|p1b: Kingambit|2\n|-damage|p1b: Kingambit|0 fnt\n|faint|p1b: Kingambit\n|move|p1a: Sneasler|Close Combat|p2a: Corviknight|[miss]\n|-miss|p1a: Sneasler|p2a: Corviknight\n|\n|-weather|RainDance|[upkeep]\n|upkeep\n|\n|t:|1788390517\n|switch|p1b: Basculegion|Basculegion, L50, M|100/100\n|turn|7\n|\n|t:|1788390537\n|move|p1a: Sneasler|Protect|p1a: Sneasler\n|-singleturn|p1a: Sneasler|Protect\n|move|p2b: Politoed|Perish Song|p2b: Politoed\n|-start|p1a: Sneasler|perish3|[silent]\n|-start|p1b: Basculegion|perish3|[silent]\n|-start|p2a: Corviknight|perish3|[silent]\n|-start|p2b: Politoed|perish3|[silent]\n|-fieldactivate|move: Perish Song\n|move|p2a: Corviknight|Roost|p2a: Corviknight\n|-heal|p2a: Corviknight|90/100\n|-singleturn|p2a: Corviknight|move: Roost\n|move|p1b: Basculegion|Wave Crash|p2a: Corviknight\n|-damage|p2a: Corviknight|59/100\n|-damage|p1b: Basculegion|90/100|[from] Recoil\n|\n|-weather|RainDance|[upkeep]\n|-start|p2b: Politoed|perish3\n|-start|p2a: Corviknight|perish3\n|-start|p1b: Basculegion|perish3\n|-start|p1a: Sneasler|perish3\n|upkeep\n|turn|8\n|\n|t:|1788390560\n|move|p2b: Politoed|Hypnosis|p1b: Basculegion|[miss]\n|-miss|p2b: Politoed|p1b: Basculegion\n|move|p2a: Corviknight|Roost|p2a: Corviknight\n|-heal|p2a: Corviknight|100/100\n|-singleturn|p2a: Corviknight|move: Roost\n|move|p1b: Basculegion|Wave Crash|p2a: Corviknight|[miss]\n|-miss|p1b: Basculegion|p2a: Corviknight\n|move|p1a: Sneasler|Close Combat|p2b: Politoed\n|-damage|p2b: Politoed|44/100\n|-unboost|p1a: Sneasler|def|1\n|-unboost|p1a: Sneasler|spd|1\n|-enditem|p2b: Politoed|Sitrus Berry|[eat]\n|-heal|p2b: Politoed|69/100|[from] item: Sitrus Berry\n|\n|-weather|RainDance|[upkeep]\n|-start|p2b: Politoed|perish2\n|-start|p2a: Corviknight|perish2\n|-start|p1b: Basculegion|perish2\n|-start|p1a: Sneasler|perish2\n|-fieldend|move: Trick Room\n|upkeep\n|turn|9\n|\n|t:|1788390587\n|move|p1a: Sneasler|Close Combat|p2a: Corviknight\n|-damage|p2a: Corviknight|85/100\n|-unboost|p1a: Sneasler|def|1\n|-unboost|p1a: Sneasler|spd|1\n|move|p1b: Basculegion|Wave Crash|p2a: Corviknight\n|-damage|p2a: Corviknight|50/100g\n|-damage|p1b: Basculegion|79/100|[from] Recoil\n|move|p2a: Corviknight|Roost|p2a: Corviknight\n|-heal|p2a: Corviknight|100/100\n|-singleturn|p2a: Corviknight|move: Roost\n|move|p2b: Politoed|Weather Ball|p1a: Sneasler\n|-damage|p1a: Sneasler|0 fnt\n|faint|p1a: Sneasler\n|\n|-weather|RainDance|[upkeep]\n|-start|p1b: Basculegion|perish1\n|-start|p2a: Corviknight|perish1\n|-start|p2b: Politoed|perish1\n|upkeep\n|turn|10\n|\n|t:|1788390613\n|move|p1b: Basculegion|Protect|p1b: Basculegion\n|-singleturn|p1b: Basculegion|Protect\n|move|p2b: Politoed|Protect|p2b: Politoed\n|-singleturn|p2b: Politoed|Protect\n|move|p2a: Corviknight|Iron Defense|p2a: Corviknight\n|-boost|p2a: Corviknight|def|2\n|\n|-weather|none\n|-start|p1b: Basculegion|perish0\n|-start|p2a: Corviknight|perish0\n|-start|p2b: Politoed|perish0\n|faint|p1b: Basculegion\n|faint|p2a: Corviknight\n|faint|p2b: Politoed\n|\n|win|Caputoinou\n|raw|randomtieflinggirl's rating: 1206 &rarr; <strong>1183</strong><br />(-23 for losing)\n|raw|Caputoinou's rating: 1239 &rarr; <strong>1262</strong><br />(+23 for winning)\n","uploadtime":1788390617,"views":"9","formatid":"gen9championsvgc2026regmb","rating":1183,"private":0,"password":null}