{"id":"gen9championsvgc2026regmbbo3-2673676043","format":"[Gen 9 Champions] VGC 2026 Reg M-B (Bo3)","players":["eklyst","thecrazur"],"log":"|j|☆eklyst\n|j|☆thecrazur\n|html|<table width=\"100%\"><tr><td align=\"left\">eklyst</td><td align=\"right\">thecrazur</tr><tr><td align=\"left\"><i class=\"fa fa-circle\"></i> <i class=\"fa fa-circle-o\"></i> </td><td align=\"right\"><i class=\"fa fa-circle-o\"></i> <i class=\"fa fa-circle\"></i> </tr></table>\n|uhtml|bestof|<h2><strong>Game 3</strong> of <a href=\"/game-bestof3-gen9championsvgc2026regmbbo3-2673672618\">a best-of-3</a></h2>\n|t:|1788231304\n|gametype|doubles\n|player|p1|eklyst|pokemaniac|1337\n|player|p2|thecrazur|265|1231\n|gen|9\n|tier|[Gen 9 Champions] VGC 2026 Reg M-B (Bo3)\n|rated|\n|rule|Species Clause: Limit one of each Pokémon\n|rule|Item Clause: Limit 1 of each item\n|clearpoke\n|poke|p1|Sinistcha, L50|\n|poke|p1|Incineroar, L50, M|\n|poke|p1|Blaziken, L50, F|\n|poke|p1|Ninetales-Alola, L50, M|\n|poke|p1|Mawile, L50, F|\n|poke|p1|Basculegion, L50, M|\n|poke|p2|Blaziken, L50, M|\n|poke|p2|Ninetales-Alola, L50, F|\n|poke|p2|Araquanid, L50, F|\n|poke|p2|Gholdengo, L50|\n|poke|p2|Whimsicott, L50, M|\n|poke|p2|Staraptor, L50, M|\n|teampreview|4\n|showteam|p1|Sinistcha||KasibBerry|Hospitality|MatchaGotcha,RagePowder,TrickRoom,Protect|Relaxed|||||50|]Incineroar||SitrusBerry|Intimidate|FlareBlitz,FakeOut,PartingShot,HelpingHand|Careful||M|||50|]Blaziken||Blazikenite|SpeedBoost|CloseCombat,FlareBlitz,RockSlide,Detect|Adamant||F|||50|]Ninetales-Alola||NeverMeltIce|SnowWarning|Blizzard,FreezeDry,Encore,Protect|Timid||M|||50|]Mawile||Mawilite|HyperCutter|PlayRough,IronHead,SuckerPunch,Protect|Adamant||F|||50|]Basculegion||LifeOrb|Adaptability|WaveCrash,LastRespects,AquaJet,Protect|Adamant||M|||50|\n|showteam|p2|Blaziken||Blazikenite|SpeedBoost|AuraSphere,HeatWave,ScorchingSands,Detect|Modest||M|||50|]Ninetales-Alola||LifeOrb|SnowWarning|Blizzard,FreezeDry,Moonblast,Protect|Timid||F|||50|]Araquanid||MysticWater|WaterBubble|Liquidation,WideGuard,LeechLife,Protect|Brave||F|||50|]Gholdengo||ChoiceScarf|GoodasGold|MakeItRain,PowerGem,ShadowBall,Trick|Timid|||||50|]Whimsicott||FocusSash|Prankster|Moonblast,Tailwind,Protect,Charm|Timid||M|||50|]Staraptor||Staraptite|Intimidate|CloseCombat,BraveBird,Protect,Roost|Jolly||M|||50|\n|inactive|Battle timer is ON: inactive players will automatically lose when time's up. (requested by eklyst)\n|inactive|thecrazur has 60 seconds left.\n|\n|t:|1788231337\n|teamsize|p1|4\n|teamsize|p2|4\n|start\n|switch|p1a: Sinistcha|Sinistcha, L50|100/100\n|switch|p1b: Mawile|Mawile, L50, F|100/100\n|switch|p2a: Staraptor|Staraptor, L50, M|100/100\n|switch|p2b: Whimsicott|Whimsicott, L50, M|100/100\n|-ability|p2a: Staraptor|Intimidate|boost\n|-unboost|p1a: Sinistcha|atk|1\n|-fail|p1b: Mawile|unboost|Attack|[from] ability: Hyper Cutter|[of] p1b: Mawile\n|turn|1\n|inactive|eklyst has 30 seconds left.\n|inactive|thecrazur has 30 seconds left.\n|\n|t:|1788231365\n|detailschange|p2a: Staraptor|Staraptor-Mega, L50, M\n|-mega|p2a: Staraptor|Staraptor|Staraptite\n|move|p1b: Mawile|Protect|p1b: Mawile\n|-singleturn|p1b: Mawile|Protect\n|move|p2b: Whimsicott|Charm|p2a: Staraptor\n|-boost|p2a: Staraptor|atk|2\n|move|p2a: Staraptor|Close Combat|p1b: Mawile\n|-activate|p1b: Mawile|move: Protect\n|move|p1a: Sinistcha|Trick Room|p1a: Sinistcha\n|-fieldstart|move: Trick Room|[of] p1a: Sinistcha\n|\n|upkeep\n|turn|2\n|inactive|thecrazur has 30 seconds left.\n|\n|t:|1788231396\n|switch|p2a: Gholdengo|Gholdengo, L50|100/100\n|detailschange|p1b: Mawile|Mawile-Mega, L50, F\n|-mega|p1b: Mawile|Mawile|Mawilite\n|move|p2b: Whimsicott|Protect|p2b: Whimsicott\n|-singleturn|p2b: Whimsicott|Protect\n|move|p1a: Sinistcha|Rage Powder|p1a: Sinistcha\n|-singleturn|p1a: Sinistcha|move: Rage Powder\n|move|p1b: Mawile|Play Rough|p2a: Gholdengo\n|-resisted|p2a: Gholdengo|1\n|-damage|p2a: Gholdengo|48/100\n|\n|upkeep\n|turn|3\n|\n|t:|1788231412\n|switch|p1a: Incineroar|Incineroar, L50, M|100/100\n|-ability|p1a: Incineroar|Intimidate|boost\n|-unboost|p2a: Gholdengo|atk|1\n|-unboost|p2b: Whimsicott|atk|1\n|switch|p2b: Araquanid|Araquanid, L50, F|100/100\n|move|p1b: Mawile|Sucker Punch||[still]\n|-fail|p1b: Mawile\n|move|p2a: Gholdengo|Trick||[still]\n|-fail|p2a: Gholdengo\n|\n|upkeep\n|turn|4\n|inactive|eklyst has 30 seconds left.\n|\n|t:|1788231443\n|switch|p1a: Sinistcha|Sinistcha, L50|100/100\n|switch|p2a: Whimsicott|Whimsicott, L50, M|100/100\n|move|p2b: Araquanid|Liquidation|p1b: Mawile\n|-damage|p1b: Mawile|21/100\n|move|p1b: Mawile|Play Rough|p2b: Araquanid\n|-damage|p2b: Araquanid|0 fnt\n|faint|p2b: Araquanid\n|\n|upkeep\n|\n|t:|1788231462\n|switch|p2b: Staraptor|Staraptor-Mega, L50, M|100/100\n|turn|5\n|\n|t:|1788231466\n|move|p2a: Whimsicott|Protect|p2a: Whimsicott\n|-singleturn|p2a: Whimsicott|Protect\n|move|p2b: Staraptor|Protect|p2b: Staraptor\n|-singleturn|p2b: Staraptor|Protect\n|move|p1b: Mawile|Iron Head|p2a: Whimsicott\n|-activate|p2a: Whimsicott|move: Protect\n|move|p1a: Sinistcha|Matcha Gotcha|p2b: Staraptor|[spread] \n|-activate|p2a: Whimsicott|move: Protect\n|-activate|p2b: Staraptor|move: Protect\n|\n|-fieldend|move: Trick Room\n|upkeep\n|turn|6\n|inactive|thecrazur has 30 seconds left.\n|\n|t:|1788231495\n|move|p1a: Sinistcha|Rage Powder|p1a: Sinistcha\n|-singleturn|p1a: Sinistcha|move: Rage Powder\n|move|p2a: Whimsicott|Moonblast|p1b: Mawile\n|-resisted|p1b: Mawile|1\n|-damage|p1b: Mawile|1/100\n|move|p2b: Staraptor|Brave Bird|p1a: Sinistcha\n|-supereffective|p1a: Sinistcha|1\n|-damage|p1a: Sinistcha|0 fnt\n|faint|p1a: Sinistcha\n|-damage|p2b: Staraptor|63/100|[from] Recoil\n|move|p1b: Mawile|Play Rough|p2b: Staraptor\n|-supereffective|p2b: Staraptor|1\n|-damage|p2b: Staraptor|0 fnt\n|faint|p2b: Staraptor\n|\n|upkeep\n|c|☆thecrazur|woooo\n|\n|t:|1788231519\n|switch|p2b: Gholdengo|Gholdengo, L50|48/100\n|switch|p1a: Basculegion|Basculegion, L50, M|100/100\n|turn|7\n|c|☆thecrazur|wooow\n|\n|t:|1788231533\n|move|p1b: Mawile|Sucker Punch|p2b: Gholdengo\n|-supereffective|p2b: Gholdengo|1\n|-damage|p2b: Gholdengo|0 fnt\n|faint|p2b: Gholdengo\n|move|p2a: Whimsicott|Moonblast|p1b: Mawile\n|-resisted|p1b: Mawile|1\n|-damage|p1b: Mawile|0 fnt\n|faint|p1b: Mawile\n|move|p1a: Basculegion|Last Respects|p2a: Whimsicott\n|-enditem|p2a: Whimsicott|Focus Sash\n|-damage|p2a: Whimsicott|1/100\n|-damage|p1a: Basculegion|90/100|[from] item: Life Orb\n|\n|upkeep\n|\n|t:|1788231542\n|switch|p1b: Incineroar|Incineroar, L50, M|100/100\n|-ability|p1b: Incineroar|Intimidate|boost\n|-unboost|p2a: Whimsicott|atk|1\n|turn|8\n|-message|thecrazur forfeited.\n|\n|win|eklyst\n|raw|eklyst's rating: 1337 &rarr; <strong>1351</strong><br />(+14 for winning)\n|raw|thecrazur's rating: 1231 &rarr; <strong>1213</strong><br />(-18 for losing)\n|l|☆thecrazur\n|player|p2|\n","uploadtime":1788231548,"views":"3","formatid":"gen9championsvgc2026regmbbo3","rating":1213,"private":0,"password":null}