{"id":"gen9championsvgc2026regmb-2674565768","format":"[Gen 9 Champions] VGC 2026 Reg M-B","players":["arma124","Kamehameha VII"],"log":"|j|☆arma124\n|j|☆Kamehameha VII\n|t:|1788374625\n|gametype|doubles\n|player|p1|arma124|102|1158\n|player|p2|Kamehameha VII|roughneck|1158\n|gen|9\n|tier|[Gen 9 Champions] VGC 2026 Reg M-B\n|rated|\n|rule|Species Clause: Limit one of each Pokémon\n|rule|Item Clause: Limit 1 of each item\n|clearpoke\n|poke|p1|Primarina, L50, F|\n|poke|p1|Scovillain, L50, M|\n|poke|p1|Chesnaught, L50, M|\n|poke|p1|Incineroar, L50, F|\n|poke|p1|Mamoswine, L50, F|\n|poke|p1|Slowking-Galar, L50, M|\n|poke|p2|Charizard, L50, F, shiny|\n|poke|p2|Staraptor, L50, F, shiny|\n|poke|p2|Mamoswine, L50, F|\n|poke|p2|Grimmsnarl, L50, M, shiny|\n|poke|p2|Toxapex, L50, F|\n|poke|p2|Hydreigon, L50, M|\n|teampreview|4\n|\n|t:|1788374672\n|teamsize|p1|4\n|teamsize|p2|4\n|start\n|switch|p1a: Slowking|Slowking-Galar, L50, M|100/100\n|switch|p1b: Scovillain|Scovillain, L50, M|100/100\n|switch|p2a: Staraptor|Staraptor, L50, F, shiny|100/100\n|switch|p2b: Charizard|Charizard, L50, F, shiny|100/100\n|-ability|p2a: Staraptor|Intimidate|boost\n|-unboost|p1a: Slowking|atk|1\n|-unboost|p1b: Scovillain|atk|1\n|turn|1\n|\n|t:|1788374689\n|detailschange|p2b: Charizard|Charizard-Mega-Y, L50, F, shiny\n|-mega|p2b: Charizard|Charizard|Charizardite Y\n|-weather|SunnyDay|[from] ability: Drought|[of] p2b: Charizard\n|detailschange|p1b: Scovillain|Scovillain-Mega, L50, M\n|-mega|p1b: Scovillain|Scovillain|Scovillainite\n|move|p1b: Scovillain|Rage Powder|p1b: Scovillain\n|-singleturn|p1b: Scovillain|move: Rage Powder\n|move|p2b: Charizard|Heat Wave|p1a: Slowking|[spread] p1a\n|-miss|p2b: Charizard|p1b: Scovillain\n|-damage|p1a: Slowking|59/100\n|move|p2a: Staraptor|Brave Bird|p1b: Scovillain\n|-supereffective|p1b: Scovillain|1\n|-damage|p1b: Scovillain|0 fnt\n|-status|p2a: Staraptor|brn|[from] ability: Spicy Spray|[of] p1b: Scovillain\n|faint|p1b: Scovillain\n|-damage|p2a: Staraptor|70/100 brn|[from] Recoil\n|move|p1a: Slowking|Trick Room|p1a: Slowking\n|-fieldstart|move: Trick Room|[of] p1a: Slowking\n|\n|-weather|SunnyDay|[upkeep]\n|-damage|p2a: Staraptor|64/100 brn|[from] brn\n|upkeep\n|\n|t:|1788374711\n|switch|p1b: Primarina|Primarina, L50, F|100/100\n|turn|2\n|\n|t:|1788374721\n|-prepare|p1a: Slowking|Chilly Reception|[premajor]\n|move|p1a: Slowking|Chilly Reception|p1a: Slowking\n|-weather|Snowscape\n|\n|t:|1788374725\n|-heal|p1a: Slowking|93/100|[from] ability: Regenerator|[silent]\n|switch|p1a: Mamoswine|Mamoswine, L50, F|100/100|[from] Chilly Reception\n|move|p1b: Primarina|Hyper Voice|p2b: Charizard|[spread] p2a,p2b\n|-supereffective|p2b: Charizard|1\n|-damage|p2a: Staraptor|17/100 brn\n|-damage|p2b: Charizard|21/100\n|move|p2a: Staraptor|Brave Bird|p1a: Mamoswine\n|-crit|p1a: Mamoswine\n|-damage|p1a: Mamoswine|70/100\n|-damage|p2a: Staraptor|6/100 brn|[from] Recoil\n|move|p2b: Charizard|Solar Beam||[still]\n|-prepare|p2b: Charizard|Solar Beam\n|\n|-weather|Snowscape|[upkeep]\n|-damage|p2a: Staraptor|1/100 brn|[from] brn\n|upkeep\n|turn|3\n|\n|t:|1788374756\n|move|p1b: Primarina|Hyper Voice|p2a: Staraptor|[spread] p2a,p2b\n|-crit|p2a: Staraptor\n|-supereffective|p2b: Charizard|1\n|-damage|p2a: Staraptor|0 fnt\n|-damage|p2b: Charizard|0 fnt\n|faint|p2a: Staraptor\n|faint|p2b: Charizard\n|move|p1a: Mamoswine|Knock Off|p2: Staraptor|[notarget]\n|-fail|p1a: Mamoswine\n|\n|-weather|Snowscape|[upkeep]\n|upkeep\n|\n|t:|1788374759\n|switch|p2a: Grimmsnarl|Grimmsnarl, L50, M, shiny|100/100\n|switch|p2b: Hydreigon|Hydreigon, L50, M|100/100\n|turn|4\n|\n|t:|1788374774\n|move|p2a: Grimmsnarl|Fake Out|p1b: Primarina\n|-damage|p1b: Primarina|88/100\n|move|p1a: Mamoswine|Ice Shard|p2b: Hydreigon\n|-supereffective|p2b: Hydreigon|1\n|-damage|p2b: Hydreigon|45/100\n|cant|p1b: Primarina|flinch\n|move|p2b: Hydreigon|Flash Cannon|p1a: Mamoswine\n|-supereffective|p1a: Mamoswine|1\n|-damage|p1a: Mamoswine|5/100\n|-unboost|p1a: Mamoswine|spd|1\n|\n|-weather|Snowscape|[upkeep]\n|-heal|p1b: Primarina|94/100|[from] item: Leftovers\n|upkeep\n|turn|5\n|\n|t:|1788374791\n|move|p2a: Grimmsnarl|Reflect|p2a: Grimmsnarl\n|-sidestart|p2: Kamehameha VII|Reflect\n|move|p1a: Mamoswine|Ice Shard|p2b: Hydreigon\n|-supereffective|p2b: Hydreigon|1\n|-damage|p2b: Hydreigon|7/100\n|move|p1b: Primarina|Calm Mind|p1b: Primarina\n|-boost|p1b: Primarina|spa|1\n|-boost|p1b: Primarina|spd|1\n|move|p2b: Hydreigon|Flash Cannon|p1a: Mamoswine\n|-supereffective|p1a: Mamoswine|1\n|-damage|p1a: Mamoswine|0 fnt\n|faint|p1a: Mamoswine\n|\n|-weather|Snowscape|[upkeep]\n|-heal|p1b: Primarina|100/100|[from] item: Leftovers\n|-fieldend|move: Trick Room\n|upkeep\n|\n|t:|1788374806\n|switch|p1a: Slowking|Slowking-Galar, L50, M|93/100\n|turn|6\n|\n|t:|1788374817\n|move|p2a: Grimmsnarl|Light Screen|p2a: Grimmsnarl\n|-sidestart|p2: Kamehameha VII|move: Light Screen\n|move|p2b: Hydreigon|Flash Cannon|p1b: Primarina\n|-damage|p1b: Primarina|84/100\n|move|p1b: Primarina|Hyper Voice|p2b: Hydreigon|[spread] p2a,p2b\n|-resisted|p2b: Hydreigon|1\n|-damage|p2a: Grimmsnarl|71/100\n|-damage|p2b: Hydreigon|0 fnt\n|faint|p2b: Hydreigon\n|move|p1a: Slowking|Trick Room|p1a: Slowking\n|-fieldstart|move: Trick Room|[of] p1a: Slowking\n|\n|-weather|none\n|-heal|p1b: Primarina|90/100|[from] item: Leftovers\n|upkeep\n|turn|7\n|\n|t:|1788374832\n|move|p1a: Slowking|Acid Spray|p2a: Grimmsnarl\n|-supereffective|p2a: Grimmsnarl|1\n|-damage|p2a: Grimmsnarl|56/100\n|-unboost|p2a: Grimmsnarl|spd|2\n|move|p1b: Primarina|Moonblast|p2a: Grimmsnarl\n|-supereffective|p2a: Grimmsnarl|1\n|-damage|p2a: Grimmsnarl|0 fnt\n|faint|p2a: Grimmsnarl\n|\n|win|arma124\n|raw|arma124's rating: 1158 &rarr; <strong>1183</strong><br />(+25 for winning)\n|raw|Kamehameha VII's rating: 1158 &rarr; <strong>1133</strong><br />(-25 for losing)\n|c|☆arma124|Gg\n","uploadtime":1788374874,"views":"0","formatid":"gen9championsvgc2026regmb","rating":1133,"private":0,"password":null}