{"id":"gen9championsvgc2026regmb-2674662949","format":"[Gen 9 Champions] VGC 2026 Reg M-B","players":["Adkon","BeTransThrowHands"],"log":"|j|☆Adkon\n|j|☆BeTransThrowHands\n|html|<table width=\"100%\"><tr><td align=\"left\">Adkon</td><td align=\"right\">BeTransThrowHands</tr><tr><td align=\"left\"><i class=\"fa fa-circle\"></i> <i class=\"fa fa-circle-o\"></i> </td><td align=\"right\"><i class=\"fa fa-circle-o\"></i> <i class=\"fa fa-circle-o\"></i> </tr></table>\n|uhtml|bestof|<h2><strong>Game 2</strong> of <a href=\"/game-bestof3-gen9championsvgc2026regmb-2674660256\">a best-of-3</a></h2>\n|t:|1788386928\n|gametype|doubles\n|player|p1|Adkon|1|\n|player|p2|BeTransThrowHands|may-masters|\n|gen|9\n|tier|[Gen 9 Champions] VGC 2026 Reg M-B\n|rule|Species Clause: Limit one of each Pokémon\n|rule|Item Clause: Limit 1 of each item\n|raw|<div class=\"infobox\"><details class=\"readmore\" open><summary><strong>1 custom rule:</strong></summary> Best of = 3</details></div>\n|clearpoke\n|poke|p1|Froslass, L50, F|\n|poke|p1|Sylveon, L50, M|\n|poke|p1|Pelipper, L50, F|\n|poke|p1|Starmie, L50|\n|poke|p1|Maushold, L50|\n|poke|p1|Manectric, L50, M|\n|poke|p2|Gholdengo, L50, shiny|\n|poke|p2|Delphox, L50, M|\n|poke|p2|Simipour, L50, F, shiny|\n|poke|p2|Grimmsnarl, L50, M|\n|poke|p2|Clefable, L50, F|\n|poke|p2|Barbaracle, L50, F|\n|teampreview|4\n|j| Serial Driller\n|j| pizzamemes123\nAdkon rejected open team sheets.\n|\n|t:|1788386980\n|teamsize|p1|4\n|teamsize|p2|4\n|start\n|switch|p1a: Weather Report|Pelipper, L50, F|100/100\n|switch|p1b: King Crimson|Sylveon, L50, M|100/100\n|switch|p2a: Spice Girl|Clefable, L50, F|100/100\n|switch|p2b: Foo Fighters|Barbaracle, L50, F|100/100\n|-weather|RainDance|[from] ability: Drizzle|[of] p1a: Weather Report\n|turn|1\n|\n|t:|1788386996\n|detailschange|p2b: Foo Fighters|Barbaracle-Mega, L50, F\n|-mega|p2b: Foo Fighters|Barbaracle|Barbaracite\n|move|p2a: Spice Girl|Helping Hand|p2b: Foo Fighters\n|-singleturn|p2b: Foo Fighters|Helping Hand|[of] p2a: Spice Girl\n|move|p1b: King Crimson|Hyper Voice|p2a: Spice Girl|[spread] p2a,p2b\n|-supereffective|p2b: Foo Fighters|1\n|-damage|p2a: Spice Girl|59/100\n|-damage|p2b: Foo Fighters|25/100\n|move|p1a: Weather Report|Tailwind|p1a: Weather Report\n|-sidestart|p1: Adkon|move: Tailwind\n|move|p2b: Foo Fighters|Poison Jab|p1b: King Crimson\n|-supereffective|p1b: King Crimson|1\n|-damage|p1b: King Crimson|0 fnt\n|faint|p1b: King Crimson\n|\n|-weather|RainDance|[upkeep]\n|upkeep\n|\n|t:|1788387011\n|switch|p1b: STARmie Platinum|Starmie, L50|100/100\n|turn|2\n|j| Dizzy Kiske\n|\n|t:|1788387057\n|detailschange|p1b: STARmie Platinum|Starmie-Mega, L50\n|-mega|p1b: STARmie Platinum|Starmie|Starminite\n|move|p2a: Spice Girl|Follow Me|p2a: Spice Girl\n|-singleturn|p2a: Spice Girl|move: Follow Me\n|move|p1b: STARmie Platinum|Gravity|p1b: STARmie Platinum\n|-fieldstart|move: Gravity\n|move|p1a: Weather Report|Muddy Water|p2a: Spice Girl|[spread] p2a,p2b\n|-supereffective|p2b: Foo Fighters|1\n|-damage|p2a: Spice Girl|18/100\n|-damage|p2b: Foo Fighters|0 fnt\n|-enditem|p2a: Spice Girl|Sitrus Berry|[eat]\n|-heal|p2a: Spice Girl|43/100|[from] item: Sitrus Berry\n|faint|p2b: Foo Fighters\n|\n|-weather|RainDance|[upkeep]\n|upkeep\n|\n|t:|1788387066\n|switch|p2b: Love Deluxe|Grimmsnarl, L50, M|100/100\n|turn|3\n|c| pizzamemes123|gravity son im crying\n|c| Serial Driller|I love gravity this is epic\n|\n|t:|1788387087\n|move|p1b: STARmie Platinum|Protect|p1b: STARmie Platinum\n|-singleturn|p1b: STARmie Platinum|Protect\n|move|p1a: Weather Report|Protect|p1a: Weather Report\n|-singleturn|p1a: Weather Report|Protect\n|move|p2b: Love Deluxe|Parting Shot|p1b: STARmie Platinum\n|-activate|p1b: STARmie Platinum|move: Protect\n|move|p2a: Spice Girl|Life Dew||[still]|[spread] p2a,p2b\n|-heal|p2a: Spice Girl|68/100\n|-fail|p2b: Love Deluxe|heal\n|\n|-weather|RainDance|[upkeep]\n|upkeep\n|turn|4\n|\n|t:|1788387101\n|move|p1b: STARmie Platinum|Aqua Jet|p2b: Love Deluxe\n|-damage|p2b: Love Deluxe|49/100\n|move|p2b: Love Deluxe|Reflect|p2b: Love Deluxe\n|-sidestart|p2: BeTransThrowHands|Reflect\n|move|p1a: Weather Report|Muddy Water|p2a: Spice Girl|[spread] p2a,p2b\n|-damage|p2a: Spice Girl|27/100\n|-damage|p2b: Love Deluxe|3/100\n|-unboost|p2b: Love Deluxe|accuracy|1\n|move|p2a: Spice Girl|Life Dew|p2a: Spice Girl|[spread] p2a,p2b\n|-heal|p2a: Spice Girl|52/100\n|-heal|p2b: Love Deluxe|28/100\n|\n|-weather|RainDance|[upkeep]\n|-sideend|p1: Adkon|move: Tailwind\n|upkeep\n|turn|5\n|\n|t:|1788387119\n|move|p1b: STARmie Platinum|Aqua Jet|p2a: Spice Girl\n|-damage|p2a: Spice Girl|24/100\n|move|p2b: Love Deluxe|Parting Shot|p1a: Weather Report\n|-unboost|p1a: Weather Report|atk|1\n|-unboost|p1a: Weather Report|spa|1\n|\n|t:|1788387124\n|switch|p2b: Harvest|Gholdengo, L50, shiny|100/100|[from] Parting Shot\n|move|p1a: Weather Report|Muddy Water|p2b: Harvest|[spread] p2a,p2b\n|-damage|p2a: Spice Girl|0 fnt\n|-damage|p2b: Harvest|62/100\n|faint|p2a: Spice Girl\n|\n|-weather|none\n|upkeep\n|\n|t:|1788387125\n|switch|p2a: Love Deluxe|Grimmsnarl, L50, M|28/100\n|turn|6\n|\n|t:|1788387136\n|switch|p1a: Harvest|Maushold, L50|100/100\n|move|p1b: STARmie Platinum|Protect|p1b: STARmie Platinum\n|-singleturn|p1b: STARmie Platinum|Protect\n|move|p2a: Love Deluxe|Fake Out|p1b: STARmie Platinum\n|-activate|p1b: STARmie Platinum|move: Protect\n|move|p2b: Harvest|Power Gem|p1a: Harvest\n|-damage|p1a: Harvest|51/100\n|-damage|p2b: Harvest|52/100|[from] item: Life Orb\n|\n|-fieldend|move: Gravity\n|upkeep\n|turn|7\n|\n|t:|1788387144\n|move|p1a: Harvest|Follow Me|p1a: Harvest\n|-singleturn|p1a: Harvest|move: Follow Me\n|move|p1b: STARmie Platinum|Liquidation|p2a: Love Deluxe\n|-damage|p2a: Love Deluxe|0 fnt\n|faint|p2a: Love Deluxe\n|move|p2b: Harvest|Steel Beam|p1a: Harvest|[miss]\n|-miss|p2b: Harvest|p1a: Harvest\n|-damage|p2b: Harvest|2/100|[from] steelbeam\n|\n|upkeep\n|turn|8\n|c|☆BeTransThrowHands|Dude\n|c|☆BeTransThrowHands|Whatever\n|c|☆Adkon|I’m so sorry\n|l| Dizzy Kiske\n|c| Serial Driller|Wait it still does tbe damage if it misses???\n|\n|t:|1788387173\n|move|p1a: Harvest|Crunch|p2b: Harvest\n|-supereffective|p2b: Harvest|1\n|-damage|p2b: Harvest|0 fnt\n|faint|p2b: Harvest\n|\n|win|Adkon\n|c| pizzamemes123|yes\n|l|☆BeTransThrowHands\n|player|p2|\n|c| pizzamemes123|much like explosion\n|c| Serial Driller|That move sucks 😭\n|c|☆Adkon|I remember instruct steel beam into protect\n|c| Serial Driller|🔥\n|l| Serial Driller\n","uploadtime":1788387239,"views":"25","formatid":"gen9championsvgc2026regmb","rating":null,"private":0,"password":null}