{"id":"gen9championsvgc2026regmb-2675007399","format":"[Gen 9 Champions] VGC 2026 Reg M-B","players":["Zapdos79","gawkgawk67"],"log":"|j|☆Zapdos79\n|j|☆gawkgawk67\n|t:|1788448015\n|gametype|doubles\n|player|p1|Zapdos79|flannery|1186\n|player|p2|gawkgawk67|101|1168\n|gen|9\n|tier|[Gen 9 Champions] VGC 2026 Reg M-B\n|rated|\n|rule|Species Clause: Limit one of each Pokémon\n|rule|Item Clause: Limit 1 of each item\n|clearpoke\n|poke|p1|Espathra, L50, F|\n|poke|p1|Floette-Eternal, L50, F|\n|poke|p1|Charizard, L50, F|\n|poke|p1|Zoroark-Hisui, L50, M|\n|poke|p1|Sneasler, L50, F|\n|poke|p1|Kingambit, L50, F|\n|poke|p2|Tyranitar, L50, M|\n|poke|p2|Excadrill, L50, F|\n|poke|p2|Orthworm, L50, M|\n|poke|p2|Sneasler, L50, F|\n|poke|p2|Tsareena, L50, F, shiny|\n|poke|p2|Rotom-Wash, L50|\n|teampreview|4\n|inactive|Battle timer is ON: inactive players will automatically lose when time's up. (requested by gawkgawk67)\ngawkgawk67 rejected open team sheets.\n|inactive|Zapdos79 has 60 seconds left.\n|\n|t:|1788448069\n|teamsize|p1|4\n|teamsize|p2|4\n|start\n|switch|p1a: Espathra|Espathra, L50, F|100/100\n|switch|p1b: Floette|Floette-Eternal, L50, F|100/100\n|switch|p2a: Tyranitar|Tyranitar, L50, M|100/100\n|switch|p2b: Sneasler|Sneasler, L50, F|100/100\n|-weather|Sandstorm|[from] ability: Sand Stream|[of] p2a: Tyranitar\n|turn|1\n|inactive|gawkgawk67 has 30 seconds left.\n|\n|t:|1788448095\n|move|p2b: Sneasler|Fake Out|p1b: Floette\n|-immune|p1b: Floette\n|move|p1b: Floette|Will-O-Wisp|p2a: Tyranitar\n|-status|p2a: Tyranitar|brn\n|move|p1a: Espathra|Calm Mind|p1a: Espathra\n|-boost|p1a: Espathra|spa|1\n|-boost|p1a: Espathra|spd|1\n|move|p2a: Tyranitar|Knock Off|p1a: Espathra\n|-supereffective|p1a: Espathra|1\n|-damage|p1a: Espathra|52/100\n|-enditem|p1a: Espathra|Sitrus Berry|[from] move: Knock Off|[of] p2a: Tyranitar\n|\n|-weather|Sandstorm|[upkeep]\n|-damage|p1b: Floette|93/100|[from] Sandstorm\n|-damage|p2b: Sneasler|94/100|[from] Sandstorm\n|-damage|p1a: Espathra|46/100|[from] Sandstorm\n|-damage|p2a: Tyranitar|94/100 brn|[from] brn\n|-ability|p1a: Espathra|Speed Boost|boost\n|-boost|p1a: Espathra|spe|1\n|upkeep\n|turn|2\n|\n|t:|1788448116\n|move|p1a: Espathra|Protect|p1a: Espathra\n|-singleturn|p1a: Espathra|Protect\n|move|p1b: Floette|Bitter Malice|p2a: Tyranitar\n|-resisted|p2a: Tyranitar|1\n|-damage|p2a: Tyranitar|84/100 brn\n|-unboost|p2a: Tyranitar|atk|1\n|move|p2b: Sneasler|Dire Claw|p1a: Espathra\n|-activate|p1a: Espathra|move: Protect\n|move|p2a: Tyranitar|Knock Off|p1b: Floette\n|-supereffective|p1b: Floette|1\n|-damage|p1b: Floette|14/100\n|replace|p1b: Zoroark|Zoroark-Hisui, L50, M\n|-end|p1b: Zoroark|Illusion\n|-enditem|p1b: Zoroark|Focus Sash|[from] move: Knock Off|[of] p2a: Tyranitar\n|\n|-weather|Sandstorm|[upkeep]\n|-damage|p1a: Espathra|40/100|[from] Sandstorm\n|-damage|p1b: Zoroark|8/100|[from] Sandstorm\n|-damage|p2b: Sneasler|88/100|[from] Sandstorm\n|-damage|p2a: Tyranitar|78/100 brn|[from] brn\n|-ability|p1a: Espathra|Speed Boost|boost\n|-boost|p1a: Espathra|spe|1\n|upkeep\n|turn|3\n|inactive|Zapdos79 has 30 seconds left.\n|\n|t:|1788448141\n|switch|p2a: Tsareena|Tsareena, L50, F, shiny|100/100\n|move|p1a: Espathra|Lumina Crash|p2b: Sneasler\n|-supereffective|p2b: Sneasler|2\n|-damage|p2b: Sneasler|0 fnt\n|faint|p2b: Sneasler\n|move|p1b: Zoroark|Bitter Malice|p2a: Tsareena\n|-damage|p2a: Tsareena|53/100\n|-unboost|p2a: Tsareena|atk|1\n|\n|-weather|Sandstorm|[upkeep]\n|-damage|p1a: Espathra|34/100|[from] Sandstorm\n|-damage|p2a: Tsareena|47/100|[from] Sandstorm\n|-damage|p1b: Zoroark|2/100|[from] Sandstorm\n|-ability|p1a: Espathra|Speed Boost|boost\n|-boost|p1a: Espathra|spe|1\n|upkeep\n|\n|t:|1788448150\n|switch|p2b: Excadrill|Excadrill, L50, F|100/100\n|turn|4\n|\n|t:|1788448173\n|move|p1a: Espathra|Baton Pass|p1a: Espathra\n|\n|t:|1788448175\n|switch|p1a: Floette|Floette-Eternal, L50, F|100/100|[from] Baton Pass\n|move|p2b: Excadrill|Rock Slide|p1a: Floette|[spread] p1a,p1b\n|-damage|p1a: Floette|74/100\n|-damage|p1b: Zoroark|0 fnt\n|faint|p1b: Zoroark\n|move|p2a: Tsareena|Knock Off|p1a: Floette\n|-resisted|p1a: Floette|1\n|-damage|p1a: Floette|65/100\n|\n|-weather|Sandstorm|[upkeep]\n|-damage|p1a: Floette|60/100|[from] Sandstorm\n|-damage|p2a: Tsareena|41/100|[from] Sandstorm\n|upkeep\n|\n|t:|1788448190\n|switch|p1b: Sneasler|Sneasler, L50, F|100/100\n|turn|5\n|\n|t:|1788448205\n|detailschange|p1a: Floette|Floette-Mega, L50, F\n|-mega|p1a: Floette|Floette|Floettite\n|-ability|p1a: Floette|Fairy Aura\n|move|p1a: Floette|Protect|p1a: Floette\n|-singleturn|p1a: Floette|Protect\n|move|p2b: Excadrill|Protect|p2b: Excadrill\n|-singleturn|p2b: Excadrill|Protect\n|move|p2a: Tsareena|Knock Off|p1b: Sneasler\n|-resisted|p1b: Sneasler|1\n|-damage|p1b: Sneasler|81/100\n|-enditem|p1b: Sneasler|White Herb|[from] move: Knock Off|[of] p2a: Tsareena\n|move|p1b: Sneasler|Close Combat|p2a: Tsareena\n|-damage|p2a: Tsareena|0 fnt\n|-unboost|p1b: Sneasler|def|1\n|-unboost|p1b: Sneasler|spd|1\n|faint|p2a: Tsareena\n|\n|-weather|none\n|upkeep\n|\n|t:|1788448217\n|switch|p2a: Tyranitar|Tyranitar, L50, M|78/100 brn\n|-weather|Sandstorm|[from] ability: Sand Stream|[of] p2a: Tyranitar\n|turn|6\n|\n|t:|1788448227\n|detailschange|p2a: Tyranitar|Tyranitar-Mega, L50, M\n|-mega|p2a: Tyranitar|Tyranitar|Tyranitarite\n|move|p1b: Sneasler|Close Combat|p2b: Excadrill\n|-supereffective|p2b: Excadrill|1\n|-enditem|p2b: Excadrill|Focus Sash\n|-damage|p2b: Excadrill|1/100\n|-unboost|p1b: Sneasler|def|1\n|-unboost|p1b: Sneasler|spd|1\n|move|p1a: Floette|Moonblast|p2b: Excadrill\n|-resisted|p2b: Excadrill|1\n|-damage|p2b: Excadrill|0 fnt\n|faint|p2b: Excadrill\n|move|p2a: Tyranitar|Earthquake|p1b: Sneasler|[spread] p1a,p1b\n|-supereffective|p1b: Sneasler|1\n|-damage|p1a: Floette|43/100\n|-damage|p1b: Sneasler|0 fnt\n|faint|p1b: Sneasler\n|\n|-weather|Sandstorm|[upkeep]\n|-damage|p1a: Floette|37/100|[from] Sandstorm\n|-damage|p2a: Tyranitar|72/100 brn|[from] brn\n|upkeep\n|\n|t:|1788448236\n|switch|p1b: Espathra|Espathra, L50, F|34/100\n|turn|7\n|\n|t:|1788448246\n|move|p1b: Espathra|Protect|p1b: Espathra\n|-singleturn|p1b: Espathra|Protect\n|move|p1a: Floette|Moonblast|p2a: Tyranitar\n|-supereffective|p2a: Tyranitar|1\n|-damage|p2a: Tyranitar|0 fnt\n|faint|p2a: Tyranitar\n|\n|win|Zapdos79\n|raw|Zapdos79's rating: 1186 &rarr; <strong>1210</strong><br />(+24 for winning)\n|raw|gawkgawk67's rating: 1168 &rarr; <strong>1144</strong><br />(-24 for losing)\n|c|☆Zapdos79|gg\n|l|☆gawkgawk67\n|player|p2|\n","uploadtime":1788448253,"views":"0","formatid":"gen9championsvgc2026regmb","rating":1144,"private":0,"password":null}