{"id":"gen9championsvgc2026regmb-2674208245","format":"[Gen 9 Champions] VGC 2026 Reg M-B","players":["wearthemask","WrstEGirl"],"log":"|j|☆wearthemask\n|j|☆WrstEGirl\n|t:|1788315668\n|gametype|doubles\n|player|p1|wearthemask|101|1178\n|player|p2|WrstEGirl|dawn|1240\n|gen|9\n|tier|[Gen 9 Champions] VGC 2026 Reg M-B\n|rated|\n|rule|Species Clause: Limit one of each Pokémon\n|rule|Item Clause: Limit 1 of each item\n|clearpoke\n|poke|p1|Grimmsnarl, L50, M|\n|poke|p1|Basculegion, L50, M|\n|poke|p1|Blastoise, L50, F|\n|poke|p1|Politoed, L50, F|\n|poke|p1|Gholdengo, L50|\n|poke|p1|Swampert, L50, M|\n|poke|p2|Sneasler, L50, M|\n|poke|p2|Blastoise, L50, M|\n|poke|p2|Kingambit, L50, M|\n|poke|p2|Incineroar, L50, M|\n|poke|p2|Delphox, L50, F|\n|poke|p2|Sinistcha, L50|\n|teampreview|4\n|inactive|Battle timer is ON: inactive players will automatically lose when time's up. (requested by wearthemask)\nWrstEGirl rejected open team sheets.\n|\n|t:|1788315698\n|teamsize|p1|4\n|teamsize|p2|4\n|start\n|switch|p1a: Grimmsnarl|Grimmsnarl, L50, M|100/100\n|switch|p1b: Blastoise|Blastoise, L50, F|100/100\n|switch|p2a: Sneasler|Sneasler, L50, M|100/100\n|switch|p2b: Blastoise|Blastoise, L50, M|100/100\n|turn|1\n|\n|t:|1788315711\n|detailschange|p1b: Blastoise|Blastoise-Mega, L50, F\n|-mega|p1b: Blastoise|Blastoise|Blastoisinite\n|detailschange|p2b: Blastoise|Blastoise-Mega, L50, M\n|-mega|p2b: Blastoise|Blastoise|Blastoisinite\n|move|p2a: Sneasler|Fake Out|p1b: Blastoise\n|-damage|p1b: Blastoise|85/100\n|-status|p1b: Blastoise|psn|[from] ability: Poison Touch|[of] p2a: Sneasler\n|move|p1a: Grimmsnarl|Fake Out|p2b: Blastoise\n|-damage|p2b: Blastoise|89/100\n|cant|p2b: Blastoise|flinch\n|cant|p1b: Blastoise|flinch\n|\n|-damage|p1b: Blastoise|73/100 psn|[from] psn\n|upkeep\n|turn|2\n|inactive|WrstEGirl has 30 seconds left.\n|\n|t:|1788315743\n|move|p1a: Grimmsnarl|Light Screen|p1a: Grimmsnarl\n|-sidestart|p1: wearthemask|move: Light Screen\n|move|p2a: Sneasler|Close Combat|p1b: Blastoise\n|-damage|p1b: Blastoise|11/100 psn\n|-unboost|p2a: Sneasler|def|1\n|-unboost|p2a: Sneasler|spd|1\n|move|p1b: Blastoise|Aura Sphere|p2b: Blastoise\n|-damage|p2b: Blastoise|40/100\n|move|p2b: Blastoise|Dark Pulse|p1b: Blastoise\n|-crit|p1b: Blastoise\n|-damage|p1b: Blastoise|0 fnt\n|faint|p1b: Blastoise\n|\n|upkeep\n|\n|t:|1788315755\n|switch|p1b: Gholdengo|Gholdengo, L50|100/100\n|turn|3\n|\n|t:|1788315767\n|move|p2b: Blastoise|Protect|p2b: Blastoise\n|-singleturn|p2b: Blastoise|Protect\n|move|p1a: Grimmsnarl|Parting Shot|p2b: Blastoise\n|-activate|p2b: Blastoise|move: Protect\n|move|p2a: Sneasler|Poison Jab|p1a: Grimmsnarl\n|-supereffective|p1a: Grimmsnarl|1\n|-damage|p1a: Grimmsnarl|0 fnt\n|faint|p1a: Grimmsnarl\n|move|p1b: Gholdengo|Make It Rain|p2a: Sneasler|[spread] p2a\n|-activate|p2b: Blastoise|move: Protect\n|-enditem|p2a: Sneasler|Focus Sash\n|-damage|p2a: Sneasler|1/100\n|-unboost|p1b: Gholdengo|spa|2\n|-damage|p1b: Gholdengo|90/100|[from] item: Life Orb\n|\n|upkeep\n|\n|t:|1788315774\n|switch|p1a: Politoed|Politoed, L50, F|100/100\n|-weather|RainDance|[from] ability: Drizzle|[of] p1a: Politoed\n|turn|4\n|\n|t:|1788315791\n|move|p2a: Sneasler|Poison Jab|p1a: Politoed\n|-damage|p1a: Politoed|54/100\n|-status|p1a: Politoed|psn|[from] ability: Poison Touch|[of] p2a: Sneasler\n|move|p1b: Gholdengo|Nasty Plot|p1b: Gholdengo\n|-boost|p1b: Gholdengo|spa|2\n|move|p2b: Blastoise|Shell Smash|p2b: Blastoise\n|-unboost|p2b: Blastoise|def|1\n|-unboost|p2b: Blastoise|spd|1\n|-boost|p2b: Blastoise|atk|2\n|-boost|p2b: Blastoise|spa|2\n|-boost|p2b: Blastoise|spe|2\n|move|p1a: Politoed|Muddy Water|p2a: Sneasler|[spread] p2a,p2b\n|-resisted|p2b: Blastoise|1\n|-damage|p2a: Sneasler|0 fnt\n|-damage|p2b: Blastoise|16/100\n|faint|p2a: Sneasler\n|\n|-weather|RainDance|[upkeep]\n|-heal|p1a: Politoed|60/100 psn|[from] item: Leftovers\n|-damage|p1a: Politoed|48/100 psn|[from] psn\n|upkeep\n|\n|t:|1788315808\n|switch|p2a: Sinistcha|Sinistcha, L50|100/100\n|-heal|p2b: Blastoise|40/100|[from] ability: Hospitality|[of] p2a: Sinistcha\n|turn|5\n|\n|t:|1788315816\n|move|p1b: Gholdengo|Protect|p1b: Gholdengo\n|-singleturn|p1b: Gholdengo|Protect\n|move|p2b: Blastoise|Dark Pulse|p1b: Gholdengo\n|-activate|p1b: Gholdengo|move: Protect\n|move|p2a: Sinistcha|Matcha Gotcha|p1b: Gholdengo|[spread] p1a\n|-activate|p1b: Gholdengo|move: Protect\n|-supereffective|p1a: Politoed|1\n|-damage|p1a: Politoed|23/100 psn\n|move|p1a: Politoed|Muddy Water|p2b: Blastoise|[spread] p2a,p2b\n|-resisted|p2a: Sinistcha|1\n|-resisted|p2b: Blastoise|1\n|-damage|p2a: Sinistcha|84/100\n|-damage|p2b: Blastoise|13/100\n|\n|-weather|RainDance|[upkeep]\n|-heal|p1a: Politoed|29/100 psn|[from] item: Leftovers\n|-damage|p1a: Politoed|17/100 psn|[from] psn\n|upkeep\n|turn|6\n|\n|t:|1788315837\n|move|p1a: Politoed|Helping Hand|p1b: Gholdengo\n|-immune|p1b: Gholdengo|[from] ability: Good as Gold\n|move|p2b: Blastoise|Dark Pulse|p1b: Gholdengo\n|-supereffective|p1b: Gholdengo|1\n|-damage|p1b: Gholdengo|0 fnt\n|faint|p1b: Gholdengo\n|move|p2a: Sinistcha|Life Dew|p2a: Sinistcha|[spread] p2a,p2b\n|-heal|p2a: Sinistcha|100/100\n|-heal|p2b: Blastoise|38/100\n|\n|-weather|RainDance|[upkeep]\n|-heal|p1a: Politoed|23/100 psn|[from] item: Leftovers\n|-damage|p1a: Politoed|11/100 psn|[from] psn\n|upkeep\n|turn|7\n|-message|wearthemask forfeited.\n|\n|win|WrstEGirl\n|raw|wearthemask's rating: 1178 &rarr; <strong>1157</strong><br />(-21 for losing)\n|raw|WrstEGirl's rating: 1240 &rarr; <strong>1261</strong><br />(+21 for winning)\n|l|☆wearthemask\n|player|p1|\n","uploadtime":1788315859,"views":"3","formatid":"gen9championsvgc2026regmb","rating":1157,"private":0,"password":null}