{"id":"gen9championsvgc2026regmbbo3-2674486771","format":"[Gen 9 Champions] VGC 2026 Reg M-B (Bo3)","players":["itangood5","torchic naruto"],"log":"|j|☆itangood5\n|j|☆torchic naruto\n|html|<table width=\"100%\"><tr><td align=\"left\">itangood5</td><td align=\"right\">torchic naruto</tr><tr><td align=\"left\"><i class=\"fa fa-circle\"></i> <i class=\"fa fa-circle-o\"></i> </td><td align=\"right\"><i class=\"fa fa-circle-o\"></i> <i class=\"fa fa-circle\"></i> </tr></table>\n|uhtml|bestof|<h2><strong>Game 3</strong> of <a href=\"/game-bestof3-gen9championsvgc2026regmbbo3-2674482948\">a best-of-3</a></h2>\n|t:|1788365528\n|gametype|doubles\n|player|p1|itangood5|266|1110\n|player|p2|torchic naruto|266|1000\n|gen|9\n|tier|[Gen 9 Champions] VGC 2026 Reg M-B (Bo3)\n|rated|\n|rule|Species Clause: Limit one of each Pokémon\n|rule|Item Clause: Limit 1 of each item\n|clearpoke\n|poke|p1|Staraptor, L50, M|\n|poke|p1|Gholdengo, L50|\n|poke|p1|Garchomp, L50, M|\n|poke|p1|Floette-Eternal, L50, F|\n|poke|p1|Milotic, L50, F|\n|poke|p1|Arcanine-Hisui, L50, M|\n|poke|p2|Blaziken, L50, F, shiny|\n|poke|p2|Sinistcha, L50|\n|poke|p2|Kingambit, L50, M|\n|poke|p2|Froslass, L50, F|\n|poke|p2|Incineroar, L50, F, shiny|\n|poke|p2|Sneasler, L50, F|\n|teampreview|4\n|showteam|p1|Staraptor||Staraptite|Intimidate|CloseCombat,DualWingbeat,Tailwind,Protect|Jolly||M|||50|]Gholdengo||FocusSash|GoodasGold|MakeItRain,ShadowBall,PowerGem,Protect|Timid|||||50|]Garchomp||ChoiceScarf|RoughSkin|Earthquake,StompingTantrum,DragonClaw,RockSlide|Adamant||M|||50|]Floette-Eternal||Floettite|FlowerVeil|LightofRuin,Moonblast,DazzlingGleam,Protect|Timid||F|||50|]Milotic||SitrusBerry|Competitive|MuddyWater,IceBeam,Coil,Hypnosis|Calm||F|||50|]Arcanine-Hisui||LifeOrb|RockHead|ExtremeSpeed,FlareBlitz,HeadSmash,Protect|Adamant||M|||50|\n|showteam|p2|Blaziken||Blazikenite|SpeedBoost|CloseCombat,FlareBlitz,RockSlide,Detect|Adamant||F|||50|]Sinistcha||OccaBerry|Hospitality|Protect,MatchaGotcha,TrickRoom,RagePowder|Sassy|||||50|]Kingambit||BlackGlasses|Defiant|KowtowCleave,SuckerPunch,Protect,SwordsDance|Adamant||M|||50|]Froslass||Froslassite|SnowCloak|Blizzard,ShadowBall,AuroraVeil,Protect|Calm||F|||50|]Incineroar||SitrusBerry|Intimidate|FlareBlitz,FakeOut,PartingShot,HelpingHand|Adamant||F|||50|]Sneasler||WhiteHerb|Unburden|CloseCombat,DireClaw,Protect,FakeOut|Adamant||F|||50|\n|inactive|Battle timer is ON: inactive players will automatically lose when time's up. (requested by itangood5)\n|\n|t:|1788365544\n|teamsize|p1|4\n|teamsize|p2|4\n|start\n|switch|p1a: Milotic|Milotic, L50, F|100/100\n|switch|p1b: Arcanine|Arcanine-Hisui, L50, M|100/100\n|switch|p2a: Sneasler|Sneasler, L50, F|100/100\n|switch|p2b: Froslass|Froslass, L50, F|100/100\n|turn|1\n|\n|t:|1788365562\n|detailschange|p2b: Froslass|Froslass-Mega, L50, F\n|-mega|p2b: Froslass|Froslass|Froslassite\n|-weather|Snowscape|[from] ability: Snow Warning|[of] p2b: Froslass\n|move|p1b: Arcanine|Protect|p1b: Arcanine\n|-singleturn|p1b: Arcanine|Protect\n|move|p2a: Sneasler|Fake Out|p1b: Arcanine\n|-activate|p1b: Arcanine|move: Protect\n|move|p2b: Froslass|Aurora Veil|p2b: Froslass\n|-sidestart|p2: torchic naruto|move: Aurora Veil\n|move|p1a: Milotic|Hypnosis|p2a: Sneasler|[miss]\n|-miss|p1a: Milotic|p2a: Sneasler\n|\n|-weather|Snowscape|[upkeep]\n|upkeep\n|turn|2\n|\n|t:|1788365576\n|switch|p1b: Gholdengo|Gholdengo, L50|100/100\n|move|p2b: Froslass|Shadow Ball|p1a: Milotic\n|-damage|p1a: Milotic|73/100\n|move|p2a: Sneasler|Close Combat|p1b: Gholdengo\n|-immune|p1b: Gholdengo\n|move|p1a: Milotic|Hypnosis|p2a: Sneasler\n|-status|p2a: Sneasler|slp|[from] move: Hypnosis\n|\n|-weather|Snowscape|[upkeep]\n|upkeep\n|turn|3\n|\n|t:|1788365589\n|cant|p2a: Sneasler|slp\n|move|p2b: Froslass|Shadow Ball|p1b: Gholdengo\n|-supereffective|p1b: Gholdengo|1\n|-damage|p1b: Gholdengo|7/100\n|move|p1b: Gholdengo|Shadow Ball|p2b: Froslass\n|-supereffective|p2b: Froslass|1\n|-damage|p2b: Froslass|46/100\n|-unboost|p2b: Froslass|spd|1\n|move|p1a: Milotic|Hypnosis|p2b: Froslass|[miss]\n|-miss|p1a: Milotic|p2b: Froslass\n|\n|-weather|Snowscape|[upkeep]\n|upkeep\n|turn|4\n|\n|t:|1788365602\n|move|p2b: Froslass|Shadow Ball|p1b: Gholdengo\n|-supereffective|p1b: Gholdengo|1\n|-damage|p1b: Gholdengo|0 fnt\n|faint|p1b: Gholdengo\n|cant|p2a: Sneasler|slp\n|move|p1a: Milotic|Muddy Water|p2a: Sneasler|[spread] p2a,p2b\n|-damage|p2a: Sneasler|80/100 slp\n|-damage|p2b: Froslass|24/100\n|-unboost|p2b: Froslass|accuracy|1\n|\n|-weather|Snowscape|[upkeep]\n|upkeep\n|\n|t:|1788365608\n|switch|p1b: Floette|Floette-Eternal, L50, F|100/100\n|turn|5\n|\n|t:|1788365612\n|switch|p2b: Sinistcha|Sinistcha, L50|100/100\n|-heal|p2a: Sneasler|100/100 slp|[from] ability: Hospitality|[of] p2b: Sinistcha\n|detailschange|p1b: Floette|Floette-Mega, L50, F\n|-mega|p1b: Floette|Floette|Floettite\n|-ability|p1b: Floette|Fairy Aura\n|move|p1b: Floette|Moonblast|p2a: Sneasler\n|-damage|p2a: Sneasler|34/100 slp\n|-curestatus|p2a: Sneasler|slp|[msg]\n|move|p2a: Sneasler|Dire Claw|p1b: Floette\n|-supereffective|p1b: Floette|1\n|-damage|p1b: Floette|0 fnt\n|faint|p1b: Floette\n|move|p1a: Milotic|Muddy Water|p2b: Sinistcha|[spread] p2a,p2b\n|-resisted|p2b: Sinistcha|1\n|-damage|p2a: Sneasler|13/100\n|-damage|p2b: Sinistcha|92/100\n|\n|-weather|none\n|-sideend|p2: torchic naruto|move: Aurora Veil\n|upkeep\n|\n|t:|1788365625\n|switch|p1b: Arcanine|Arcanine-Hisui, L50, M|100/100\n|turn|6\n|inactive|torchic naruto has 30 seconds left.\n|\n|t:|1788365654\n|switch|p2b: Froslass|Froslass-Mega, L50, F|24/100\n|-weather|Snowscape|[from] ability: Snow Warning|[of] p2b: Froslass\n|move|p2a: Sneasler|Protect|p2a: Sneasler\n|-singleturn|p2a: Sneasler|Protect\n|move|p1b: Arcanine|Extreme Speed|p2a: Sneasler\n|-activate|p2a: Sneasler|move: Protect\n|move|p1a: Milotic|Ice Beam|p2b: Froslass\n|-resisted|p2b: Froslass|1\n|-damage|p2b: Froslass|15/100\n|\n|-weather|Snowscape|[upkeep]\n|upkeep\n|turn|7\n|\n|t:|1788365670\n|switch|p2a: Sinistcha|Sinistcha, L50|92/100\n|-heal|p2b: Froslass|39/100|[from] ability: Hospitality|[of] p2a: Sinistcha\n|move|p1b: Arcanine|Extreme Speed|p2a: Sinistcha\n|-immune|p2a: Sinistcha\n|move|p2b: Froslass|Shadow Ball|p1b: Arcanine\n|-damage|p1b: Arcanine|57/100\n|move|p1a: Milotic|Muddy Water|p2b: Froslass|[spread] p2a,p2b\n|-resisted|p2a: Sinistcha|1\n|-damage|p2a: Sinistcha|80/100\n|-damage|p2b: Froslass|15/100\n|-unboost|p2a: Sinistcha|accuracy|1\n|\n|-weather|Snowscape|[upkeep]\n|upkeep\n|turn|8\n|\n|t:|1788365693\n|move|p2a: Sinistcha|Rage Powder|p2a: Sinistcha\n|-singleturn|p2a: Sinistcha|move: Rage Powder\n|move|p2b: Froslass|Shadow Ball|p1b: Arcanine\n|-damage|p1b: Arcanine|18/100\n|-unboost|p1b: Arcanine|spd|1\n|move|p1b: Arcanine|Flare Blitz|p2a: Sinistcha\n|-supereffective|p2a: Sinistcha|1\n|-enditem|p2a: Sinistcha|Occa Berry|[eat]\n|-enditem|p2a: Sinistcha|Occa Berry|[weaken]\n|-damage|p2a: Sinistcha|17/100\n|-status|p2a: Sinistcha|brn\n|-damage|p1b: Arcanine|8/100|[from] item: Life Orb\n|move|p1a: Milotic|Muddy Water|p2a: Sinistcha|[spread] p2a,p2b\n|-resisted|p2a: Sinistcha|1\n|-damage|p2a: Sinistcha|5/100 brn\n|-damage|p2b: Froslass|0 fnt\n|faint|p2b: Froslass\n|\n|-weather|Snowscape|[upkeep]\n|-damage|p2a: Sinistcha|0 fnt|[from] brn\n|faint|p2a: Sinistcha\n|upkeep\n|\n|t:|1788365707\n|switch|p2b: Sneasler|Sneasler, L50, F|13/100\n|switch|p2a: Kingambit|Kingambit, L50, M|100/100\n|turn|9\n|\n|t:|1788365717\n|move|p2b: Sneasler|Protect|p2b: Sneasler\n|-singleturn|p2b: Sneasler|Protect\n|move|p1b: Arcanine|Protect|p1b: Arcanine\n|-singleturn|p1b: Arcanine|Protect\n|move|p1a: Milotic|Hypnosis|p2a: Kingambit|[miss]\n|-miss|p1a: Milotic|p2a: Kingambit\n|move|p2a: Kingambit|Kowtow Cleave|p1b: Arcanine\n|-activate|p1b: Arcanine|move: Protect\n|\n|-weather|Snowscape|[upkeep]\n|upkeep\n|turn|10\n|inactive|torchic naruto has 30 seconds left.\n|inactive|torchic naruto has 20 seconds left.\n|inactive|torchic naruto has 15 seconds left.\n|\n|t:|1788365758\n|move|p1b: Arcanine|Extreme Speed|p2b: Sneasler\n|-damage|p2b: Sneasler|0 fnt\n|faint|p2b: Sneasler\n|-damage|p1b: Arcanine|0 fnt|[from] item: Life Orb\n|faint|p1b: Arcanine\n|move|p1a: Milotic|Hypnosis|p2a: Kingambit\n|-status|p2a: Kingambit|slp|[from] move: Hypnosis\n|cant|p2a: Kingambit|slp\n|\n|-weather|none\n|upkeep\n|turn|11\n|\n|t:|1788365769\n|move|p1a: Milotic|Muddy Water|p2a: Kingambit\n|-damage|p2a: Kingambit|68/100 slp\n|-curestatus|p2a: Kingambit|slp|[msg]\n|move|p2a: Kingambit|Kowtow Cleave|p1a: Milotic\n|-damage|p1a: Milotic|13/100\n|-enditem|p1a: Milotic|Sitrus Berry|[eat]\n|-heal|p1a: Milotic|38/100|[from] item: Sitrus Berry\n|\n|upkeep\n|turn|12\n|\n|t:|1788365777\n|move|p1a: Milotic|Muddy Water|p2a: Kingambit\n|-damage|p2a: Kingambit|33/100\n|move|p2a: Kingambit|Kowtow Cleave|p1a: Milotic\n|-damage|p1a: Milotic|0 fnt\n|faint|p1a: Milotic\n|\n|win|torchic naruto\n|raw|itangood5's rating: 1110 &rarr; <strong>1077</strong><br />(-33 for losing)\n|raw|torchic naruto's rating: 1000 &rarr; <strong>1052</strong><br />(+52 for winning)\n","uploadtime":1788365794,"views":"1","formatid":"gen9championsvgc2026regmbbo3","rating":1052,"private":0,"password":null}