{"id":"gen9championsvgc2026regmbbo3-2674223779","format":"[Gen 9 Champions] VGC 2026 Reg M-B (Bo3)","players":["dhxc10","ilykuronaa"],"log":"|j|☆dhxc10\n|j|☆ilykuronaa\n|html|<table width=\"100%\"><tr><td align=\"left\">dhxc10</td><td align=\"right\">ilykuronaa</tr><tr><td align=\"left\"><i class=\"fa fa-circle\"></i> <i class=\"fa fa-circle-o\"></i> </td><td align=\"right\"><i class=\"fa fa-circle-o\"></i> <i class=\"fa fa-circle\"></i> </tr></table>\n|uhtml|bestof|<h2><strong>Game 3</strong> of <a href=\"/game-bestof3-gen9championsvgc2026regmbbo3-2674219546\">a best-of-3</a></h2>\n|t:|1788318266\n|gametype|doubles\n|player|p1|dhxc10|red|1000\n|player|p2|ilykuronaa|102|1145\n|gen|9\n|tier|[Gen 9 Champions] VGC 2026 Reg M-B (Bo3)\n|rated|\n|rule|Species Clause: Limit one of each Pokémon\n|rule|Item Clause: Limit 1 of each item\n|clearpoke\n|poke|p1|Toxapex, L50, M|\n|poke|p1|Greninja, L50, M|\n|poke|p1|Dragonite, L50, M|\n|poke|p1|Lucario, L50, M|\n|poke|p1|Sylveon, L50, M|\n|poke|p1|Lycanroc-Dusk, L50, F|\n|poke|p2|Floette-Eternal, L50, F|\n|poke|p2|Basculegion, L50, M|\n|poke|p2|Kingambit, L50, F|\n|poke|p2|Dragonite, L50, M|\n|poke|p2|Garchomp, L50, F|\n|poke|p2|Sneasler, L50, F|\n|teampreview|4\n|showteam|p1|Toxapex||Leftovers|Regenerator|Toxic,Infestation,WideGuard,BanefulBunker|Bold||M|||50|]Greninja||Greninjite|Protean|DarkPulse,IceBeam,WaterShuriken,Protect|Timid||M|||50|]Dragonite||SilkScarf|Multiscale|ExtremeSpeed,Roost,DragonDance,Protect|Adamant||M|||50|]Lucario||Lucarionite|InnerFocus|CloseCombat,AuraSphere,ExtremeSpeed,Protect|Naive||M|||50|]Sylveon||FairyFeather|Pixilate|HyperBeam,HyperVoice,QuickAttack,Protect|Sassy||M|||50|]Lycanroc-Dusk||FocusSash|ToughClaws|CloseCombat,RockSlide,Accelerock,Protect|Jolly||F|||50|\n|showteam|p2|Floette-Eternal||Floettite|FlowerVeil|Moonblast,DazzlingGleam,LightofRuin,Protect|Timid||F|||50|]Basculegion||LifeOrb|Adaptability|WaveCrash,LastRespects,AquaJet,Protect|Adamant||M|||50|]Kingambit||ChopleBerry|Defiant|SuckerPunch,KowtowCleave,LowKick,IronHead|Adamant||F|||50|]Dragonite||Dragoninite|Multiscale|DragonPulse,HeatWave,ExtremeSpeed,Protect|Modest||M|||50|]Garchomp||ChoiceScarf|RoughSkin|DragonClaw,StompingTantrum,Earthquake,RockSlide|Jolly||F|||50|]Sneasler||FocusSash|Unburden|CloseCombat,DireClaw,FakeOut,Feint|Adamant||F|||50|\n|\n|t:|1788318321\n|teamsize|p1|4\n|teamsize|p2|4\n|start\n|switch|p1a: Lucario|Lucario, L50, M|100/100\n|switch|p1b: Toxapex|Toxapex, L50, M|100/100\n|switch|p2a: Sneasler|Sneasler, L50, F|100/100\n|switch|p2b: Floette|Floette-Eternal, L50, F|100/100\n|turn|1\n|\n|t:|1788318354\n|detailschange|p2b: Floette|Floette-Mega, L50, F\n|-mega|p2b: Floette|Floette|Floettite\n|-ability|p2b: Floette|Fairy Aura\n|move|p1a: Lucario|Protect|p1a: Lucario\n|-singleturn|p1a: Lucario|Protect\n|move|p1b: Toxapex|Baneful Bunker|p1b: Toxapex\n|-singleturn|p1b: Toxapex|move: Protect\n|move|p2a: Sneasler|Fake Out|p1b: Toxapex\n|-activate|p1b: Toxapex|move: Protect\n|move|p2b: Floette|Light of Ruin|p1a: Lucario\n|-activate|p1a: Lucario|move: Protect\n|\n|upkeep\n|turn|2\n|\n|t:|1788318391\n|switch|p2a: Basculegion|Basculegion, L50, M|100/100\n|detailschange|p1a: Lucario|Lucario-Mega, L50, M\n|-mega|p1a: Lucario|Lucario|Lucarionite\n|move|p1a: Lucario|Close Combat|p2a: Basculegion\n|-immune|p2a: Basculegion\n|move|p2b: Floette|Light of Ruin|p1a: Lucario\n|-damage|p1a: Lucario|0 fnt\n|faint|p1a: Lucario\n|-damage|p2b: Floette|51/100|[from] Recoil\n|move|p1b: Toxapex|Infestation|p2b: Floette\n|-resisted|p2b: Floette|1\n|-damage|p2b: Floette|50/100g\n|-activate|p2b: Floette|move: Infestation|[of] p1b: Toxapex\n|\n|-damage|p2b: Floette|38/100|[from] move: Infestation|[partiallytrapped]\n|upkeep\n|\n|t:|1788318416\n|switch|p1a: Sylveon|Sylveon, L50, M|100/100\n|turn|3\n|\n|t:|1788318440\n|move|p2b: Floette|Protect|p2b: Floette\n|-singleturn|p2b: Floette|Protect\n|move|p1b: Toxapex|Baneful Bunker|p1b: Toxapex\n|-singleturn|p1b: Toxapex|move: Protect\n|move|p2a: Basculegion|Wave Crash|p1a: Sylveon\n|-damage|p1a: Sylveon|0 fnt\n|faint|p1a: Sylveon\n|-damage|p2a: Basculegion|65/100|[from] Recoil\n|-damage|p2a: Basculegion|56/100|[from] item: Life Orb\n|\n|-damage|p2b: Floette|26/100|[from] move: Infestation|[partiallytrapped]\n|upkeep\n|\n|t:|1788318456\n|switch|p1a: Dragonite|Dragonite, L50, M|100/100\n|turn|4\n|\n|t:|1788318505\n|move|p1a: Dragonite|Extreme Speed|p2b: Floette\n|-damage|p2b: Floette|0 fnt\n|faint|p2b: Floette\n|move|p2a: Basculegion|Last Respects|p1b: Toxapex\n|-damage|p1b: Toxapex|47/100\n|-damage|p2a: Basculegion|46/100|[from] item: Life Orb\n|move|p1b: Toxapex|Toxic|p2a: Basculegion\n|-status|p2a: Basculegion|tox\n|\n|-heal|p1b: Toxapex|52/100|[from] item: Leftovers\n|-damage|p2a: Basculegion|40/100 tox|[from] psn\n|upkeep\n|\n|t:|1788318515\n|switch|p2b: Sneasler|Sneasler, L50, F|100/100\n|turn|5\n|\n|t:|1788318551\n|move|p2b: Sneasler|Feint|p1b: Toxapex\n|-damage|p1b: Toxapex|45/100\n|move|p1a: Dragonite|Extreme Speed|p2b: Sneasler\n|-damage|p2b: Sneasler|40/100\n|move|p2a: Basculegion|Last Respects|p1b: Toxapex\n|-damage|p1b: Toxapex|0 fnt\n|faint|p1b: Toxapex\n|-damage|p2a: Basculegion|30/100 tox|[from] item: Life Orb\n|\n|-damage|p2a: Basculegion|18/100 tox|[from] psn\n|upkeep\n|turn|6\n|\n|t:|1788318573\n|move|p1a: Dragonite|Extreme Speed|p2b: Sneasler\n|-damage|p2b: Sneasler|0 fnt\n|faint|p2b: Sneasler\n|move|p2a: Basculegion|Last Respects|p1a: Dragonite\n|-damage|p1a: Dragonite|26/100\n|-damage|p2a: Basculegion|9/100 tox|[from] item: Life Orb\n|\n|-damage|p2a: Basculegion|0 fnt|[from] psn\n|faint|p2a: Basculegion\n|upkeep\n|\n|t:|1788318577\n|switch|p2a: Garchomp|Garchomp, L50, F|100/100\n|turn|7\n|\n|t:|1788318589\n|move|p2a: Garchomp|Dragon Claw|p1a: Dragonite\n|-supereffective|p1a: Dragonite|1\n|-damage|p1a: Dragonite|0 fnt\n|faint|p1a: Dragonite\n|\n|win|ilykuronaa\n|raw|dhxc10's rating: 1000 &rarr; <strong>1000</strong><br />(+0 for losing)\n|raw|ilykuronaa's rating: 1145 &rarr; <strong>1160</strong><br />(+15 for winning)\n","uploadtime":1788318589,"views":"0","formatid":"gen9championsvgc2026regmbbo3","rating":1000,"private":0,"password":null}