{"id":"gen9championsvgc2026regmbbo3-2673446742","format":"[Gen 9 Champions] VGC 2026 Reg M-B (Bo3)","players":["testeifie","testdigi"],"log":"|j|☆testeifie\n|j|☆testdigi\n|html|<table width=\"100%\"><tr><td align=\"left\">testeifie</td><td align=\"right\">testdigi</tr><tr><td align=\"left\"><i class=\"fa fa-circle\"></i> <i class=\"fa fa-circle-o\"></i> </td><td align=\"right\"><i class=\"fa fa-circle-o\"></i> <i class=\"fa fa-circle-o\"></i> </tr></table>\n|uhtml|bestof|<h2><strong>Game 2</strong> of <a href=\"/game-bestof3-gen9championsvgc2026regmbbo3-2673444429\">a best-of-3</a></h2>\n|t:|1788198821\n|gametype|doubles\n|player|p1|testeifie|winona|1388\n|player|p2|testdigi|169|1296\n|gen|9\n|tier|[Gen 9 Champions] VGC 2026 Reg M-B (Bo3)\n|rated|\n|rule|Species Clause: Limit one of each Pokémon\n|rule|Item Clause: Limit 1 of each item\n|clearpoke\n|poke|p1|Blaziken, L50, M|\n|poke|p1|Kingambit, L50, F|\n|poke|p1|Whimsicott, L50, M|\n|poke|p1|Garchomp, L50, M|\n|poke|p1|Basculegion, L50, M|\n|poke|p1|Floette-Eternal, L50, F|\n|poke|p2|Staraptor, L50, F, shiny|\n|poke|p2|Arcanine-Hisui, L50, F, shiny|\n|poke|p2|Kingambit, L50, F, shiny|\n|poke|p2|Sylveon, L50, M, shiny|\n|poke|p2|Raichu, L50, F, shiny|\n|poke|p2|Farigiraf, L50, M, shiny|\n|teampreview|4\n|showteam|p1|Blaziken||Blazikenite|SpeedBoost|CloseCombat,FlareBlitz,RockSlide,Detect|Adamant||M|||50|]Kingambit||FocusSash|Defiant|KowtowCleave,IronHead,SuckerPunch,Protect|Adamant||F|||50|]Whimsicott||FairyFeather|Prankster|Moonblast,Tailwind,Encore,Protect|Timid||M|||50|]Garchomp||SitrusBerry|RoughSkin|DragonClaw,StompingTantrum,RockSlide,Protect|Jolly||M|||50|]Basculegion||LifeOrb|Adaptability|WaveCrash,LastRespects,AquaJet,Protect|Adamant||M|||50|]Floette-Eternal||Floettite|FlowerVeil|DazzlingGleam,Moonblast,LightofRuin,Protect|Modest||F|||50|\n|showteam|p2|Staraptor||Staraptite|Intimidate|DualWingbeat,CloseCombat,Tailwind,Protect|Jolly||F|||50|]Arcanine-Hisui||FocusSash|RockHead|FlareBlitz,HeadSmash,ExtremeSpeed,Protect|Jolly||F|||50|]Kingambit||LifeOrb|Defiant|KowtowCleave,SuckerPunch,SwordsDance,Protect|Adamant||F|||50|]Sylveon||FairyFeather|Pixilate|HyperVoice,HyperBeam,QuickAttack,Detect|Modest||M|||50|]Raichu||RaichuniteY|LightningRod|ZapCannon,FocusBlast,FakeOut,Protect|Timid||F|||50|]Farigiraf||SitrusBerry|ArmorTail|Psychic,Imprison,TrickRoom,Protect|Calm||M|||50|\n|\n|t:|1788198849\n|teamsize|p1|4\n|teamsize|p2|4\n|start\n|switch|p1a: Basculegion|Basculegion, L50, M|100/100\n|switch|p1b: Whimsicott|Whimsicott, L50, M|100/100\n|switch|p2a: Fridge|Farigiraf, L50, M, shiny|100/100\n|switch|p2b: Big Chu|Raichu, L50, F, shiny|100/100\n|turn|1\n|\n|t:|1788198884\n|detailschange|p2b: Big Chu|Raichu-Mega-Y, L50, F, shiny\n|-mega|p2b: Big Chu|Raichu|Raichunite Y\n|move|p2b: Big Chu|Protect|p2b: Big Chu\n|-singleturn|p2b: Big Chu|Protect\n|move|p1a: Basculegion|Protect|p1a: Basculegion\n|-singleturn|p1a: Basculegion|Protect\n|move|p1b: Whimsicott|Moonblast|p2b: Big Chu\n|-activate|p2b: Big Chu|move: Protect\n|move|p2a: Fridge|Psychic|p1a: Basculegion\n|-activate|p1a: Basculegion|move: Protect\n|\n|upkeep\n|turn|2\n|\n|t:|1788198900\n|switch|p2b: Flower Man|Staraptor, L50, F, shiny|100/100\n|-ability|p2b: Flower Man|Intimidate|boost\n|-unboost|p1a: Basculegion|atk|1\n|-unboost|p1b: Whimsicott|atk|1\n|move|p1b: Whimsicott|Tailwind|p1b: Whimsicott\n|-sidestart|p1: testeifie|move: Tailwind\n|move|p1a: Basculegion|Wave Crash|p2b: Flower Man\n|-damage|p2b: Flower Man|19/100\n|-damage|p1a: Basculegion|78/100|[from] Recoil\n|-damage|p1a: Basculegion|68/100|[from] item: Life Orb\n|move|p2a: Fridge|Imprison|p2a: Fridge\n|-start|p2a: Fridge|move: Imprison\n|\n|upkeep\n|turn|3\n|\n|t:|1788198927\n|move|p1b: Whimsicott|Moonblast|p2a: Fridge\n|-damage|p2a: Fridge|76/100\n|move|p1a: Basculegion|Wave Crash|p2a: Fridge\n|-damage|p2a: Fridge|17/100\n|-enditem|p2a: Fridge|Sitrus Berry|[eat]\n|-heal|p2a: Fridge|42/100|[from] item: Sitrus Berry\n|-damage|p1a: Basculegion|48/100|[from] Recoil\n|-damage|p1a: Basculegion|38/100|[from] item: Life Orb\n|move|p2b: Flower Man|Tailwind|p2b: Flower Man\n|-sidestart|p2: testdigi|move: Tailwind\n|move|p2a: Fridge|Psychic|p1a: Basculegion\n|-damage|p1a: Basculegion|3/100\n|\n|upkeep\n|turn|4\n|\n|t:|1788198965\n|switch|p1a: Kingambit|Kingambit, L50, F|100/100\n|move|p2b: Flower Man|Dual Wingbeat|p1b: Whimsicott\n|-supereffective|p1b: Whimsicott|1\n|-damage|p1b: Whimsicott|65/100\n|-supereffective|p1b: Whimsicott|1\n|-damage|p1b: Whimsicott|31/100\n|-hitcount|p1b: Whimsicott|2\n|move|p1b: Whimsicott|Moonblast|p2b: Flower Man\n|-damage|p2b: Flower Man|0 fnt\n|faint|p2b: Flower Man\n|move|p2a: Fridge|Psychic|p1a: Kingambit\n|-immune|p1a: Kingambit\n|\n|upkeep\n|\n|t:|1788198970\n|switch|p2b: Big Chu|Raichu-Mega-Y, L50, F, shiny|100/100\n|turn|5\n|inactive|Battle timer is ON: inactive players will automatically lose when time's up. (requested by testdigi)\n|\n|t:|1788199016\n|switch|p1a: Basculegion|Basculegion, L50, M|3/100\n|move|p2b: Big Chu|Fake Out|p1a: Basculegion\n|-immune|p1a: Basculegion\n|move|p1b: Whimsicott|Moonblast|p2b: Big Chu\n|-damage|p2b: Big Chu|56/100\n|move|p2a: Fridge|Psychic|p1b: Whimsicott\n|-damage|p1b: Whimsicott|0 fnt\n|faint|p1b: Whimsicott\n|\n|-sideend|p1: testeifie|move: Tailwind\n|upkeep\n|\n|t:|1788199031\n|switch|p1b: Kingambit|Kingambit, L50, F|100/100\n|turn|6\n|\n|t:|1788199054\n|move|p2a: Fridge|Protect|p2a: Fridge\n|-singleturn|p2a: Fridge|Protect\n|move|p2b: Big Chu|Focus Blast|p1b: Kingambit\n|-supereffective|p1b: Kingambit|2\n|-enditem|p1b: Kingambit|Focus Sash\n|-damage|p1b: Kingambit|1/100\n|move|p1a: Basculegion|Wave Crash|p2b: Big Chu\n|-damage|p2b: Big Chu|0 fnt\n|faint|p2b: Big Chu\n|-damage|p1a: Basculegion|0 fnt|[from] Recoil\n|faint|p1a: Basculegion\n|move|p1b: Kingambit|Kowtow Cleave|p2a: Fridge\n|-activate|p2a: Fridge|move: Protect\n|\n|-sideend|p2: testdigi|move: Tailwind\n|upkeep\n|\n|t:|1788199058\n|switch|p2b: Sadie Sink|Sylveon, L50, M, shiny|100/100\n|switch|p1a: Floette|Floette-Eternal, L50, F|100/100\n|turn|7\n|inactive|testeifie has 30 seconds left.\n|inactive|testeifie has 20 seconds left.\n|\n|t:|1788199094\n|detailschange|p1a: Floette|Floette-Mega, L50, F\n|-mega|p1a: Floette|Floette|Floettite\n|-ability|p1a: Floette|Fairy Aura\n|move|p1a: Floette|Dazzling Gleam|p2a: Fridge|[spread] p2a,p2b\n|-damage|p2a: Fridge|1/100\n|-damage|p2b: Sadie Sink|63/100\n|move|p2b: Sadie Sink|Hyper Voice|p1a: Floette|[spread] p1a,p1b\n|-damage|p1a: Floette|47/100\n|-damage|p1b: Kingambit|0 fnt\n|faint|p1b: Kingambit\n|move|p2a: Fridge|Psychic|p1a: Floette\n|-damage|p1a: Floette|17/100\n|\n|upkeep\n|turn|8\n|\n|t:|1788199110\n|move|p1a: Floette|Dazzling Gleam|p2b: Sadie Sink|[spread] p2a,p2b\n|-damage|p2a: Fridge|0 fnt\n|-damage|p2b: Sadie Sink|22/100\n|faint|p2a: Fridge\n|move|p2b: Sadie Sink|Hyper Voice|p1a: Floette\n|-damage|p1a: Floette|0 fnt\n|faint|p1a: Floette\n|\n|win|testdigi\n||testdigi is ready for game 3.\n||testeifie is ready for game 3.\n|uhtml|next|Next: <a href=\"/battle-gen9championsvgc2026regmbbo3-2673449203\"><strong>Game 3 of 3</strong></a>\n","uploadtime":1788198823,"views":"0","formatid":"gen9championsvgc2026regmbbo3","rating":null,"private":0,"password":null}