{"id":"gen9championsvgc2026regmbbo3-2674607136","format":"[Gen 9 Champions] VGC 2026 Reg M-B (Bo3)","players":["firelight261","platanoso"],"log":"|j|☆firelight261\n|j|☆platanoso\n|html|<table width=\"100%\"><tr><td align=\"left\">firelight261</td><td align=\"right\">platanoso</tr><tr><td align=\"left\"><i class=\"fa fa-circle-o\"></i> <i class=\"fa fa-circle-o\"></i> </td><td align=\"right\"><i class=\"fa fa-circle-o\"></i> <i class=\"fa fa-circle\"></i> </tr></table>\n|uhtml|bestof|<h2><strong>Game 2</strong> of <a href=\"/game-bestof3-gen9championsvgc2026regmbbo3-2674604925\">a best-of-3</a></h2>\n|t:|1788379575\n|gametype|doubles\n|player|p1|firelight261|cynthia-gen4|1205\n|player|p2|platanoso|madame-gen4|1217\n|gen|9\n|tier|[Gen 9 Champions] VGC 2026 Reg M-B (Bo3)\n|rated|\n|rule|Species Clause: Limit one of each Pokémon\n|rule|Item Clause: Limit 1 of each item\n|clearpoke\n|poke|p1|Staraptor, L50, F, shiny|\n|poke|p1|Delphox, L50, M|\n|poke|p1|Garchomp, L50, M|\n|poke|p1|Whimsicott, L50, M, shiny|\n|poke|p1|Kingambit, L50, M|\n|poke|p1|Glimmora, L50, F|\n|poke|p2|Floette-Eternal, L50, F|\n|poke|p2|Sneasler, L50, F|\n|poke|p2|Incineroar, L50, F|\n|poke|p2|Sinistcha, L50|\n|poke|p2|Delphox, L50, F|\n|poke|p2|Garchomp, L50, M|\n|teampreview|4\n|showteam|p1|Staraptor||Staraptite|Intimidate|Protect,Roost,CloseCombat,BraveBird|Jolly||F|||50|]Delphox||Delphoxite|Blaze|Protect,Psychic,HeatWave,Substitute|Timid||M|||50|]Garchomp||LifeOrb|RoughSkin|Protect,RockSlide,Earthquake,DragonClaw|Jolly||M|||50|]Whimsicott||OccaBerry|Prankster|Moonblast,Tailwind,Charm,LightScreen|Timid||M|||50|]Kingambit||ChopleBerry|Defiant|KowtowCleave,IronHead,SuckerPunch,LowKick|Adamant||M|||50|]Glimmora||FocusSash|ToxicDebris|SludgeBomb,SpikyShield,DazzlingGleam,PowerGem|Timid||F|||50|\n|showteam|p2|Floette-Eternal||Floettite|FlowerVeil|DazzlingGleam,DrainingKiss,CalmMind,Protect|Timid||F|||50|]Sneasler||FocusSash|PoisonTouch|CloseCombat,PoisonJab,FakeOut,Coaching|Jolly||F|||50|]Incineroar||SitrusBerry|Intimidate|FlareBlitz,DarkestLariat,PartingShot,FakeOut|Impish||F|||50|]Sinistcha||OccaBerry|Hospitality|MatchaGotcha,RagePowder,TrickRoom,Protect|Bold|||||50|]Delphox||Delphoxite|Blaze|Psychic,HeatWave,NastyPlot,Protect|Timid||F|||50|]Garchomp||ChoiceScarf|RoughSkin|DragonClaw,StompingTantrum,Earthquake,RockSlide|Adamant||M|||50|\n|\n|t:|1788379620\n|teamsize|p1|4\n|teamsize|p2|4\n|start\n|switch|p1a: Glimmora|Glimmora, L50, F|100/100\n|switch|p1b: Kingambit|Kingambit, L50, M|100/100\n|switch|p2a: Floette|Floette-Eternal, L50, F|100/100\n|switch|p2b: Sneasler|Sneasler, L50, F|100/100\n|turn|1\n|inactive|Battle timer is ON: inactive players will automatically lose when time's up. (requested by platanoso)\n|inactive|platanoso has 60 seconds left.\n|\n|t:|1788379664\n|detailschange|p2a: Floette|Floette-Mega, L50, F\n|-mega|p2a: Floette|Floette|Floettite\n|-ability|p2a: Floette|Fairy Aura\n|move|p1a: Glimmora|Spiky Shield|p1a: Glimmora\n|-singleturn|p1a: Glimmora|move: Protect\n|move|p2b: Sneasler|Close Combat|p1b: Kingambit\n|-supereffective|p1b: Kingambit|2\n|-enditem|p1b: Kingambit|Chople Berry|[eat]\n|-enditem|p1b: Kingambit|Chople Berry|[weaken]\n|-damage|p1b: Kingambit|10/100\n|-unboost|p2b: Sneasler|def|1\n|-unboost|p2b: Sneasler|spd|1\n|move|p2a: Floette|Calm Mind|p2a: Floette\n|-boost|p2a: Floette|spa|1\n|-boost|p2a: Floette|spd|1\n|move|p1b: Kingambit|Iron Head|p2a: Floette\n|-supereffective|p2a: Floette|1\n|-damage|p2a: Floette|4/100\n|\n|upkeep\n|turn|2\n|inactive|firelight261 has 30 seconds left.\n|inactive|platanoso has 30 seconds left.\n|\n|t:|1788379696\n|move|p2a: Floette|Protect|p2a: Floette\n|-singleturn|p2a: Floette|Protect\n|move|p2b: Sneasler|Close Combat|p1a: Glimmora\n|-damage|p1a: Glimmora|21/100\n|-unboost|p2b: Sneasler|def|1\n|-unboost|p2b: Sneasler|spd|1\n|-activate|p1a: Glimmora|ability: Toxic Debris\n|-sidestart|p2: platanoso|move: Toxic Spikes\n|move|p1a: Glimmora|Dazzling Gleam|p2b: Sneasler|[spread] p2b\n|-activate|p2a: Floette|move: Protect\n|-damage|p2b: Sneasler|33/100\n|move|p1b: Kingambit|Iron Head|p2a: Floette\n|-activate|p2a: Floette|move: Protect\n|\n|upkeep\n|turn|3\n|\n|t:|1788379712\n|switch|p2b: Sinistcha|Sinistcha, L50|100/100\n|-status|p2b: Sinistcha|psn\n|-heal|p2a: Floette|28/100|[from] ability: Hospitality|[of] p2b: Sinistcha\n|move|p1b: Kingambit|Sucker Punch|p2a: Floette\n|-resisted|p2a: Floette|1\n|-damage|p2a: Floette|9/100\n|move|p2a: Floette|Dazzling Gleam|p1a: Glimmora|[spread] p1a,p1b\n|-resisted|p1a: Glimmora|1\n|-crit|p1a: Glimmora\n|-crit|p1b: Kingambit\n|-damage|p1a: Glimmora|0 fnt\n|-damage|p1b: Kingambit|0 fnt\n|faint|p1a: Glimmora\n|faint|p1b: Kingambit\n|\n|-damage|p2b: Sinistcha|87/100 psn|[from] psn\n|upkeep\n|\n|t:|1788379722\n|switch|p1a: Whimsicott|Whimsicott, L50, M, shiny|100/100\n|switch|p1b: Delphox|Delphox, L50, M|100/100\n|turn|4\n|inactive|firelight261 has 30 seconds left.\n|inactive|firelight261 has 20 seconds left.\n|inactive|firelight261 has 15 seconds left.\n|inactive|firelight261 has 10 seconds left.\n|inactive|firelight261 has 5 seconds left.\n|\n|t:|1788379778\n|move|p1b: Delphox|Protect|p1b: Delphox\n|-singleturn|p1b: Delphox|Protect\n|move|p2a: Floette|Protect|p2a: Floette\n|-singleturn|p2a: Floette|Protect\n|move|p1a: Whimsicott|Moonblast|p2b: Sinistcha\n|-damage|p2b: Sinistcha|53/100 psn\n|move|p2b: Sinistcha|Trick Room|p2b: Sinistcha\n|-fieldstart|move: Trick Room|[of] p2b: Sinistcha\n|\n|-damage|p2b: Sinistcha|41/100 psn|[from] psn\n|upkeep\n|turn|5\n|inactive|firelight261 has 30 seconds left.\n|inactive|firelight261 has 20 seconds left.\n|inactive|firelight261 has 15 seconds left.\n|inactive|firelight261 has 10 seconds left.\n|inactive|firelight261 has 5 seconds left.\n|\n|t:|1788379833\n|switch|p2b: Garchomp|Garchomp, L50, M|100/100\n|-status|p2b: Garchomp|psn\n|move|p1b: Delphox|Protect||[still]\n|-fail|p1b: Delphox\n|move|p2a: Floette|Draining Kiss|p1a: Whimsicott\n|-damage|p1a: Whimsicott|15/100\n|-heal|p2a: Floette|60/100|[from] drain|[of] p1a: Whimsicott\n|move|p1a: Whimsicott|Moonblast|p2b: Garchomp\n|-supereffective|p2b: Garchomp|1\n|-damage|p2b: Garchomp|19/100 psn\n|\n|-damage|p2b: Garchomp|7/100 psn|[from] psn\n|upkeep\n|turn|6\n|inactive|firelight261 has 30 seconds left.\n|\n|t:|1788379858\n|detailschange|p1b: Delphox|Delphox-Mega, L50, M\n|-mega|p1b: Delphox|Delphox|Delphoxite\n|move|p1a: Whimsicott|Tailwind|p1a: Whimsicott\n|-sidestart|p1: firelight261|move: Tailwind\n|move|p2a: Floette|Draining Kiss|p1a: Whimsicott\n|-damage|p1a: Whimsicott|0 fnt\n|-heal|p2a: Floette|69/100|[from] drain|[of] p1a: Whimsicott\n|faint|p1a: Whimsicott\n|move|p2b: Garchomp|Dragon Claw|p1b: Delphox\n|-damage|p1b: Delphox|26/100\n|move|p1b: Delphox|Heat Wave|p2b: Garchomp|[spread] p2a,p2b\n|-resisted|p2b: Garchomp|1\n|-damage|p2a: Floette|49/100\n|-damage|p2b: Garchomp|0 fnt\n|faint|p2b: Garchomp\n|\n|upkeep\n|-message|firelight261 forfeited.\n|\n|win|platanoso\n","uploadtime":1788379580,"views":"1","formatid":"gen9championsvgc2026regmbbo3","rating":null,"private":0,"password":null}