{"id":"gen9championsvgc2026regmb-2674267999","format":"[Gen 9 Champions] VGC 2026 Reg M-B","players":["zoto-2000","willhoop"],"log":"|j|☆zoto-2000\n|j|☆willhoop\n|t:|1788327428\n|gametype|doubles\n|player|p1|zoto-2000|170|1374\n|player|p2|willhoop|crasherwake|1432\n|gen|9\n|tier|[Gen 9 Champions] VGC 2026 Reg M-B\n|rated|\n|rule|Species Clause: Limit one of each Pokémon\n|rule|Item Clause: Limit 1 of each item\n|clearpoke\n|poke|p1|Metagross, L50, shiny|\n|poke|p1|Sneasler, L50, F|\n|poke|p1|Ninetales-Alola, L50, F|\n|poke|p1|Hydreigon, L50, M|\n|poke|p1|Aerodactyl, L50, M|\n|poke|p1|Tsareena, L50, F|\n|poke|p2|Charizard, L50, M|\n|poke|p2|Whimsicott, L50, F|\n|poke|p2|Sneasler, L50, F|\n|poke|p2|Venusaur, L50, M|\n|poke|p2|Swampert, L50, M|\n|poke|p2|Gholdengo, L50|\n|teampreview|4\n|inactive|Battle timer is ON: inactive players will automatically lose when time's up. (requested by willhoop)\n|inactive|willhoop has 60 seconds left.\n|\n|t:|1788327463\n|teamsize|p1|4\n|teamsize|p2|4\n|start\n|switch|p1a: Aerodactyl|Aerodactyl, L50, M|100/100\n|switch|p1b: Sneasler|Sneasler, L50, F|100/100\n|switch|p2a: Charizard|Charizard, L50, M|100/100\n|switch|p2b: Whimsicott|Whimsicott, L50, F|100/100\n|turn|1\n|inactive|willhoop has 30 seconds left.\n|inactive|willhoop has 20 seconds left.\n|inactive|willhoop has 15 seconds left.\n|\n|t:|1788327505\n|detailschange|p1a: Aerodactyl|Aerodactyl-Mega, L50, M\n|-mega|p1a: Aerodactyl|Aerodactyl|Aerodactylite\n|move|p2a: Charizard|Protect|p2a: Charizard\n|-singleturn|p2a: Charizard|Protect\n|move|p1b: Sneasler|Fake Out|p2b: Whimsicott\n|-damage|p2b: Whimsicott|83/100\n|cant|p2b: Whimsicott|flinch\n|move|p1a: Aerodactyl|Rock Slide|p2a: Charizard|[spread] p2b\n|-activate|p2a: Charizard|move: Protect\n|-damage|p2b: Whimsicott|49/100\n|\n|upkeep\n|turn|2\n|\n|t:|1788327519\n|switch|p2a: Gholdengo|Gholdengo, L50|100/100\n|move|p2b: Whimsicott|Encore|p1b: Sneasler\n|-start|p1b: Sneasler|Encore\n|move|p1b: Sneasler|Fake Out||[still]\n|-hint|Fake Out only works on your first turn out.\n|-fail|p1b: Sneasler\n|move|p1a: Aerodactyl|Rock Slide|p2b: Whimsicott|[spread] p2a,p2b\n|-resisted|p2a: Gholdengo|1\n|-damage|p2a: Gholdengo|83/100\n|-damage|p2b: Whimsicott|14/100\n|\n|upkeep\n|turn|3\n|\n|t:|1788327538\n|switch|p1b: Hydreigon|Hydreigon, L50, M|100/100\n|move|p1a: Aerodactyl|Protect|p1a: Aerodactyl\n|-singleturn|p1a: Aerodactyl|Protect\n|move|p2b: Whimsicott|Tailwind|p2b: Whimsicott\n|-sidestart|p2: willhoop|move: Tailwind\n|move|p2a: Gholdengo|Make It Rain|p1a: Aerodactyl|[spread] p1b\n|-activate|p1a: Aerodactyl|move: Protect\n|-damage|p1b: Hydreigon|49/100\n|-unboost|p2a: Gholdengo|spa|2\n|\n|upkeep\n|turn|4\n|\n|t:|1788327555\n|switch|p2a: Sneasler|Sneasler, L50, F|100/100\n|switch|p1b: Sneasler|Sneasler, L50, F|100/100\n|move|p2b: Whimsicott|Encore|p1a: Aerodactyl\n|-start|p1a: Aerodactyl|Encore\n|move|p1a: Aerodactyl|Protect||[still]\n|-fail|p1a: Aerodactyl\n|\n|upkeep\n|turn|5\n|\n|t:|1788327571\n|switch|p2b: Charizard|Charizard, L50, M|100/100\n|switch|p1a: Ninetales|Ninetales-Alola, L50, F|100/100\n|-weather|Snowscape|[from] ability: Snow Warning|[of] p1a: Ninetales\n|move|p2a: Sneasler|Fake Out|p1b: Sneasler\n|-damage|p1b: Sneasler|75/100\n|cant|p1b: Sneasler|flinch\n|\n|-weather|Snowscape|[upkeep]\n|upkeep\n|turn|6\n|\n|t:|1788327590\n|detailschange|p2b: Charizard|Charizard-Mega-Y, L50, M\n|-mega|p2b: Charizard|Charizard|Charizardite Y\n|-weather|SunnyDay|[from] ability: Drought|[of] p2b: Charizard\n|move|p1a: Ninetales|Protect|p1a: Ninetales\n|-singleturn|p1a: Ninetales|Protect\n|move|p2a: Sneasler|Close Combat|p1b: Sneasler\n|-resisted|p1b: Sneasler|1\n|-damage|p1b: Sneasler|16/100\n|-unboost|p2a: Sneasler|def|1\n|-unboost|p2a: Sneasler|spd|1\n|-enditem|p2a: Sneasler|White Herb\n|-clearnegativeboost|p2a: Sneasler|[silent]\n|move|p2b: Charizard|Heat Wave|p1a: Ninetales|[spread] p1b\n|-activate|p1a: Ninetales|move: Protect\n|-damage|p1b: Sneasler|0 fnt\n|faint|p1b: Sneasler\n|\n|-weather|SunnyDay|[upkeep]\n|-sideend|p2: willhoop|move: Tailwind\n|upkeep\n|inactive|zoto-2000 has 30 seconds left.\n|inactive|zoto-2000 has 20 seconds left.\n|\n|t:|1788327626\n|switch|p1b: Aerodactyl|Aerodactyl-Mega, L50, M|100/100\n|turn|7\n|\n|t:|1788327646\n|switch|p1a: Hydreigon|Hydreigon, L50, M|49/100\n|switch|p2b: Gholdengo|Gholdengo, L50|83/100\n|move|p2a: Sneasler|Close Combat|p1b: Aerodactyl\n|-damage|p1b: Aerodactyl|21/100\n|-unboost|p2a: Sneasler|def|1\n|-unboost|p2a: Sneasler|spd|1\n|move|p1b: Aerodactyl|Dual Wingbeat|p2a: Sneasler\n|-supereffective|p2a: Sneasler|1\n|-damage|p2a: Sneasler|0 fnt\n|faint|p2a: Sneasler\n|-hitcount|p2: Sneasler|1\n|\n|-weather|SunnyDay|[upkeep]\n|upkeep\n|\n|t:|1788327657\n|switch|p2a: Whimsicott|Whimsicott, L50, F|14/100\n|turn|8\n|\n|t:|1788327678\n|move|p1b: Aerodactyl|Protect|p1b: Aerodactyl\n|-singleturn|p1b: Aerodactyl|Protect\n|move|p2a: Whimsicott|Tailwind|p2a: Whimsicott\n|-sidestart|p2: willhoop|move: Tailwind\n|move|p2b: Gholdengo|Make It Rain|p1a: Hydreigon|[spread] p1a\n|-activate|p1b: Aerodactyl|move: Protect\n|-damage|p1a: Hydreigon|0 fnt\n|-unboost|p2b: Gholdengo|spa|2\n|faint|p1a: Hydreigon\n|\n|-weather|SunnyDay|[upkeep]\n|upkeep\n|\n|t:|1788327687\n|switch|p1a: Ninetales|Ninetales-Alola, L50, F|100/100\n|-weather|Snowscape|[from] ability: Snow Warning|[of] p1a: Ninetales\n|turn|9\n|-message|zoto-2000 forfeited.\n|\n|win|willhoop\n|raw|zoto-2000's rating: 1374 &rarr; <strong>1357</strong><br />(-17 for losing)\n|raw|willhoop's rating: 1432 &rarr; <strong>1449</strong><br />(+17 for winning)\n|l|☆zoto-2000\n|player|p1|\n","uploadtime":1788327693,"views":"0","formatid":"gen9championsvgc2026regmb","rating":1357,"private":0,"password":null}