{"id":"gen9championsvgc2026regmb-2673983727","format":"[Gen 9 Champions] VGC 2026 Reg M-B","players":["pikapip1010","Lvl4Metapod"],"log":"|j|☆pikapip1010\n|j|☆Lvl4Metapod\n|t:|1788284775\n|gametype|doubles\n|player|p1|pikapip1010|170|1674\n|player|p2|Lvl4Metapod|266|1626\n|gen|9\n|tier|[Gen 9 Champions] VGC 2026 Reg M-B\n|rated|\n|rule|Species Clause: Limit one of each Pokémon\n|rule|Item Clause: Limit 1 of each item\n|clearpoke\n|poke|p1|Charizard, L50, M|\n|poke|p1|Incineroar, L50, M|\n|poke|p1|Garchomp, L50, M|\n|poke|p1|Venusaur, L50, M|\n|poke|p1|Sylveon, L50, M|\n|poke|p1|Toxapex, L50, F|\n|poke|p2|Charizard, L50, M|\n|poke|p2|Floette-Eternal, L50, F|\n|poke|p2|Garchomp, L50, F|\n|poke|p2|Incineroar, L50, M|\n|poke|p2|Gholdengo, L50|\n|poke|p2|Sinistcha, L50|\n|teampreview|4\n|inactive|Battle timer is ON: inactive players will automatically lose when time's up. (requested by Lvl4Metapod)\n|\n|t:|1788284808\n|teamsize|p1|4\n|teamsize|p2|4\n|start\n|switch|p1a: Sylveon|Sylveon, L50, M|100/100\n|switch|p1b: Charizard|Charizard, L50, M|100/100\n|switch|p2a: Charizard|Charizard, L50, M|100/100\n|switch|p2b: Garchomp|Garchomp, L50, F|100/100\n|turn|1\n|j| kalevipoeg\n|inactive|Lvl4Metapod has 30 seconds left.\n|inactive|Lvl4Metapod has 20 seconds left.\n|inactive|Lvl4Metapod has 15 seconds left.\n|inactive|Lvl4Metapod has 10 seconds left.\n|inactive|Lvl4Metapod has 5 seconds left.\n|\n|t:|1788284859\n|switch|p1a: Incineroar|Incineroar, L50, M|100/100\n|-ability|p1a: Incineroar|Intimidate|boost\n|-unboost|p2a: Charizard|atk|1\n|-unboost|p2b: Garchomp|atk|1\n|detailschange|p1b: Charizard|Charizard-Mega-Y, L50, M\n|-mega|p1b: Charizard|Charizard|Charizardite Y\n|-weather|SunnyDay|[from] ability: Drought|[of] p1b: Charizard\n|detailschange|p2a: Charizard|Charizard-Mega-Y, L50, M\n|-mega|p2a: Charizard|Charizard|Charizardite Y\n|move|p2b: Garchomp|Rock Slide|p1b: Charizard|[spread] p1a,p1b\n|-supereffective|p1a: Incineroar|1\n|-supereffective|p1b: Charizard|2\n|-damage|p1a: Incineroar|80/100\n|-damage|p1b: Charizard|40/100\n|move|p1b: Charizard|Ancient Power|p2a: Charizard\n|-supereffective|p2a: Charizard|2\n|-damage|p2a: Charizard|29/100\n|move|p2a: Charizard|Weather Ball|p1a: Incineroar\n|-resisted|p1a: Incineroar|1\n|-damage|p1a: Incineroar|41/100\n|-enditem|p1a: Incineroar|Sitrus Berry|[eat]\n|-heal|p1a: Incineroar|66/100|[from] item: Sitrus Berry\n|\n|-weather|SunnyDay|[upkeep]\n|upkeep\n|turn|2\n|inactive|pikapip1010 has 30 seconds left.\n|inactive|pikapip1010 has 20 seconds left.\n|\n|t:|1788284896\n|switch|p1b: Toxapex|Toxapex, L50, F|100/100\n|switch|p2a: Incineroar|Incineroar, L50, M|100/100\n|-ability|p2a: Incineroar|Intimidate|boost\n|-unboost|p1a: Incineroar|atk|1\n|-unboost|p1b: Toxapex|atk|1\n|move|p1a: Incineroar|Fake Out|p2b: Garchomp\n|-damage|p2b: Garchomp|92/100\n|-damage|p1a: Incineroar|53/100|[from] ability: Rough Skin|[of] p2b: Garchomp\n|cant|p2b: Garchomp|flinch\n|\n|-weather|SunnyDay|[upkeep]\n|upkeep\n|turn|3\n|\n|t:|1788284917\n|switch|p2b: Charizard|Charizard-Mega-Y, L50, M|29/100\n|switch|p1a: Sylveon|Sylveon, L50, M|100/100\n|move|p2a: Incineroar|Parting Shot|p1a: Sylveon\n|-unboost|p1a: Sylveon|atk|1\n|-unboost|p1a: Sylveon|spa|1\n|\n|t:|1788284926\n|switch|p2a: Gholdengo|Gholdengo, L50|100/100|[from] Parting Shot\n|move|p1b: Toxapex|Infestation|p2b: Charizard\n|-resisted|p2b: Charizard|2\n|-damage|p2b: Charizard|28/100\n|-activate|p2b: Charizard|move: Infestation|[of] p1b: Toxapex\n|\n|-weather|SunnyDay|[upkeep]\n|-damage|p2b: Charizard|16/100|[from] move: Infestation|[partiallytrapped]\n|upkeep\n|turn|4\n|inactive|pikapip1010 has 30 seconds left.\n|inactive|Lvl4Metapod has 30 seconds left.\n|\n|t:|1788284960\n|move|p1a: Sylveon|Detect|p1a: Sylveon\n|-singleturn|p1a: Sylveon|Protect\n|move|p1b: Toxapex|Baneful Bunker|p1b: Toxapex\n|-singleturn|p1b: Toxapex|move: Protect\n|move|p2a: Gholdengo|Power Gem|p1a: Sylveon\n|-activate|p1a: Sylveon|move: Protect\n|move|p2b: Charizard|Ancient Power|p1a: Sylveon\n|-activate|p1a: Sylveon|move: Protect\n|\n|-weather|SunnyDay|[upkeep]\n|-damage|p2b: Charizard|4/100|[from] move: Infestation|[partiallytrapped]\n|upkeep\n|turn|5\n|\n|t:|1788284981\n|move|p1a: Sylveon|Quick Attack|p2b: Charizard\n|-resisted|p2b: Charizard|1\n|-damage|p2b: Charizard|1/100\n|move|p2a: Gholdengo|Make It Rain|p1a: Sylveon|[spread] p1a,p1b\n|-supereffective|p1a: Sylveon|1\n|-resisted|p1b: Toxapex|1\n|-damage|p1a: Sylveon|23/100\n|-damage|p1b: Toxapex|81/100\n|-unboost|p2a: Gholdengo|spa|2\n|move|p2b: Charizard|Heat Wave|p1a: Sylveon|[spread] p1a,p1b\n|-crit|p1a: Sylveon\n|-resisted|p1b: Toxapex|1\n|-damage|p1a: Sylveon|0 fnt\n|-damage|p1b: Toxapex|57/100\n|faint|p1a: Sylveon\n|move|p1b: Toxapex|Infestation|p2a: Gholdengo\n|-resisted|p2a: Gholdengo|2\n|-damage|p2a: Gholdengo|99/100\n|-activate|p2a: Gholdengo|move: Infestation|[of] p1b: Toxapex\n|\n|-weather|none\n|-heal|p1b: Toxapex|63/100|[from] item: Leftovers\n|-damage|p2a: Gholdengo|87/100|[from] move: Infestation|[partiallytrapped]\n|-damage|p2b: Charizard|0 fnt|[from] move: Infestation|[partiallytrapped]\n|faint|p2b: Charizard\n|upkeep\n|\n|t:|1788284995\n|switch|p2b: Garchomp|Garchomp, L50, F|92/100\n|switch|p1a: Charizard|Charizard-Mega-Y, L50, M|40/100\n|-weather|SunnyDay|[from] ability: Drought|[of] p1a: Charizard\n|turn|6\n|\n|t:|1788285020\n|switch|p2a: Incineroar|Incineroar, L50, M|100/100\n|-ability|p2a: Incineroar|Intimidate|boost\n|-unboost|p1a: Charizard|atk|1\n|-unboost|p1b: Toxapex|atk|1\n|move|p2b: Garchomp|Stomping Tantrum|p1b: Toxapex\n|-supereffective|p1b: Toxapex|1\n|-damage|p1b: Toxapex|14/100\n|move|p1a: Charizard|Weather Ball|p2b: Garchomp\n|-resisted|p2b: Garchomp|1\n|-damage|p2b: Garchomp|55/100\n|move|p1b: Toxapex|Toxic|p2b: Garchomp\n|-status|p2b: Garchomp|tox\n|\n|-weather|SunnyDay|[upkeep]\n|-heal|p1b: Toxapex|19/100|[from] item: Leftovers\n|-damage|p2b: Garchomp|49/100 tox|[from] psn\n|upkeep\n|turn|7\n|\n|t:|1788285041\n|switch|p2a: Gholdengo|Gholdengo, L50|87/100\n|move|p1a: Charizard|Protect|p1a: Charizard\n|-singleturn|p1a: Charizard|Protect\n|move|p1b: Toxapex|Baneful Bunker|p1b: Toxapex\n|-singleturn|p1b: Toxapex|move: Protect\n|move|p2b: Garchomp|Stomping Tantrum|p1b: Toxapex\n|-activate|p1b: Toxapex|move: Protect\n|\n|-weather|SunnyDay|[upkeep]\n|-heal|p1b: Toxapex|25/100|[from] item: Leftovers\n|-damage|p2b: Garchomp|37/100 tox|[from] psn\n|upkeep\n|turn|8\n|inactive|pikapip1010 has 30 seconds left.\n|\n|t:|1788285069\n|switch|p2a: Incineroar|Incineroar, L50, M|100/100\n|-ability|p2a: Incineroar|Intimidate|boost\n|-unboost|p1a: Charizard|atk|1\n|-unboost|p1b: Toxapex|atk|1\n|move|p1b: Toxapex|Wide Guard|p1b: Toxapex\n|-singleturn|p1b: Toxapex|Wide Guard\n|move|p2b: Garchomp|Stomping Tantrum|p1b: Toxapex\n|-supereffective|p1b: Toxapex|1\n|-damage|p1b: Toxapex|0 fnt\n|faint|p1b: Toxapex\n|move|p1a: Charizard|Heat Wave|p2a: Incineroar|[spread] p2a\n|-miss|p1a: Charizard|p2b: Garchomp\n|-resisted|p2a: Incineroar|1\n|-damage|p2a: Incineroar|71/100\n|\n|-weather|SunnyDay|[upkeep]\n|-damage|p2b: Garchomp|19/100 tox|[from] psn\n|upkeep\n|\n|t:|1788285078\n|switch|p1b: Incineroar|Incineroar, L50, M|53/100\n|-ability|p1b: Incineroar|Intimidate|boost\n|-unboost|p2a: Incineroar|atk|1\n|-unboost|p2b: Garchomp|atk|1\n|turn|9\n|\n|t:|1788285087\n|switch|p2b: Gholdengo|Gholdengo, L50|87/100\n|move|p2a: Incineroar|Fake Out|p1a: Charizard\n|-damage|p1a: Charizard|33/100\n|cant|p1a: Charizard|flinch\n|move|p1b: Incineroar|Flare Blitz|p2b: Gholdengo\n|-supereffective|p2b: Gholdengo|1\n|-damage|p2b: Gholdengo|0 fnt\n|faint|p2b: Gholdengo\n|-damage|p1b: Incineroar|30/100|[from] Recoil\n|\n|-weather|SunnyDay|[upkeep]\n|upkeep\n|\n|t:|1788285099\n|switch|p2b: Garchomp|Garchomp, L50, F|19/100 tox\n|turn|10\n|-message|pikapip1010 forfeited.\n|\n|win|Lvl4Metapod\n|raw|pikapip1010's rating: 1674 &rarr; <strong>1651</strong><br />(-23 for losing)\n|raw|Lvl4Metapod's rating: 1626 &rarr; <strong>1649</strong><br />(+23 for winning)\n|l|☆pikapip1010\n|player|p1|\n","uploadtime":1788285113,"views":"10","formatid":"gen9championsvgc2026regmb","rating":1649,"private":0,"password":null}