{"id":"gen9championsvgc2026regmbbo3-2673812354","format":"[Gen 9 Champions] VGC 2026 Reg M-B (Bo3)","players":["craqui butaneroc","DarkVectorVGC"],"log":"|j|☆craqui butaneroc\n|j|☆DarkVectorVGC\n|html|<table width=\"100%\"><tr><td align=\"left\">craqui butaneroc</td><td align=\"right\">DarkVectorVGC</tr><tr><td align=\"left\"><i class=\"fa fa-circle-o\"></i> <i class=\"fa fa-circle-o\"></i> </td><td align=\"right\"><i class=\"fa fa-circle-o\"></i> <i class=\"fa fa-circle-o\"></i> </tr></table>\n|uhtml|bestof|<h2><strong>Game 1</strong> of <a href=\"/game-bestof3-gen9championsvgc2026regmbbo3-2673812353\">a best-of-3</a></h2>\n|t:|1788261927\n|gametype|doubles\n|player|p1|craqui butaneroc|169|1202\n|player|p2|DarkVectorVGC|265|1048\n|gen|9\n|tier|[Gen 9 Champions] VGC 2026 Reg M-B (Bo3)\n|rated|\n|rule|Species Clause: Limit one of each Pokémon\n|rule|Item Clause: Limit 1 of each item\n|clearpoke\n|poke|p1|Garganacl, L50, M|\n|poke|p1|Toxapex, L50, F|\n|poke|p1|Gyarados, L50, F|\n|poke|p1|Sinistcha, L50|\n|poke|p1|Garchomp, L50, F|\n|poke|p1|Charizard, L50, M|\n|poke|p2|Floette-Eternal, L50, F|\n|poke|p2|Charizard, L50, M, shiny|\n|poke|p2|Whimsicott, L50, F, shiny|\n|poke|p2|Garchomp, L50, F|\n|poke|p2|Basculegion, L50, M|\n|poke|p2|Incineroar, L50, M, shiny|\n|teampreview|4\n|showteam|p1|Garganacl||ChopleBerry|PurifyingSalt|SaltCure,Recover,HeavySlam,Protect|Careful||M|||50|]Toxapex||Leftovers|Regenerator|Infestation,Toxic,WideGuard,BanefulBunker|Bold||F|||50|]Gyarados||Gyaradosite|Intimidate|IceFang,Waterfall,DragonDance,Protect|Adamant||F|||50|]Sinistcha||SitrusBerry|Hospitality|MatchaGotcha,RagePowder,LifeDew,TrickRoom|Calm|||||50|]Garchomp||ChoiceScarf|RoughSkin|Earthquake,StompingTantrum,RockSlide,DragonClaw|Adamant||F|||50|]Charizard||CharizarditeY|Blaze|HeatWave,WeatherBall,SolarBeam,Protect|Timid||M|||50|\n|showteam|p2|Floette-Eternal||Floettite|FlowerVeil|DazzlingGleam,CalmMind,Moonblast,Protect|Modest||F|||50|]Charizard||CharizarditeY|Blaze|Protect,HeatWave,WeatherBall,AncientPower|Modest||M|||50|]Whimsicott||FocusSash|Prankster|Protect,Tailwind,Moonblast,Encore|Timid||F|||50|]Garchomp||LifeOrb|RoughSkin|Protect,RockSlide,DragonClaw,StompingTantrum|Jolly||F|||50|]Basculegion||MysticWater|Adaptability|Protect,WaveCrash,LastRespects,AquaJet|Jolly||M|||50|]Incineroar||SitrusBerry|Intimidate|FakeOut,FlareBlitz,PartingShot,Taunt|Impish||M|||50|\n|inactive|Battle timer is ON: inactive players will automatically lose when time's up. (requested by craqui butaneroc)\n|inactive|DarkVectorVGC has 60 seconds left.\n|\n|t:|1788262035\n|teamsize|p1|4\n|teamsize|p2|4\n|start\n|switch|p1a: Toxapex|Toxapex, L50, F|100/100\n|switch|p1b: Gyarados|Gyarados, L50, F|100/100\n|switch|p2a: Whimsicott|Whimsicott, L50, F, shiny|100/100\n|switch|p2b: Floette|Floette-Eternal, L50, F|100/100\n|-ability|p1b: Gyarados|Intimidate|boost\n|-block|p2a: Whimsicott|ability: Flower Veil|[of] p2b: Floette\n|-unboost|p2b: Floette|atk|1\n|turn|1\n|\n|t:|1788262058\n|detailschange|p2b: Floette|Floette-Mega, L50, F\n|-mega|p2b: Floette|Floette|Floettite\n|-ability|p2b: Floette|Fairy Aura\n|move|p2a: Whimsicott|Tailwind|p2a: Whimsicott\n|-sidestart|p2: DarkVectorVGC|move: Tailwind\n|move|p2b: Floette|Moonblast|p1b: Gyarados\n|-damage|p1b: Gyarados|30/100\n|move|p1b: Gyarados|Dragon Dance|p1b: Gyarados\n|-boost|p1b: Gyarados|atk|1\n|-boost|p1b: Gyarados|spe|1\n|move|p1a: Toxapex|Infestation|p2b: Floette\n|-resisted|p2b: Floette|1\n|-damage|p2b: Floette|98/100\n|-activate|p2b: Floette|move: Infestation|[of] p1a: Toxapex\n|\n|-damage|p2b: Floette|86/100|[from] move: Infestation|[partiallytrapped]\n|upkeep\n|turn|2\n|inactive|DarkVectorVGC has 30 seconds left.\n|\n|t:|1788262091\n|switch|p1b: Sinistcha|Sinistcha, L50|100/100\n|move|p2a: Whimsicott|Encore|p1a: Toxapex\n|-start|p1a: Toxapex|Encore\n|move|p2b: Floette|Moonblast|p1b: Sinistcha\n|-damage|p1b: Sinistcha|39/100\n|-enditem|p1b: Sinistcha|Sitrus Berry|[eat]\n|-heal|p1b: Sinistcha|64/100|[from] item: Sitrus Berry\n|move|p1a: Toxapex|Infestation|p2a: Whimsicott\n|-damage|p2a: Whimsicott|94/100\n|-activate|p2a: Whimsicott|move: Infestation|[of] p1a: Toxapex\n|\n|-damage|p2a: Whimsicott|82/100|[from] move: Infestation|[partiallytrapped]\n|-damage|p2b: Floette|73/100|[from] move: Infestation|[partiallytrapped]\n|upkeep\n|turn|3\n|inactive|craqui butaneroc has 30 seconds left.\n|\n|t:|1788262124\n|switch|p1a: Gyarados|Gyarados, L50, F|30/100\n|-ability|p1a: Gyarados|Intimidate|boost\n|-unboost|p2a: Whimsicott|atk|1\n|-unboost|p2b: Floette|atk|1\n|move|p2a: Whimsicott|Moonblast|p1b: Sinistcha\n|-damage|p1b: Sinistcha|21/100\n|move|p2b: Floette|Moonblast|p1b: Sinistcha\n|-damage|p1b: Sinistcha|0 fnt\n|faint|p1b: Sinistcha\n|\n|-end|p2a: Whimsicott|Infestation|[partiallytrapped]|[silent]\n|-end|p2b: Floette|Infestation|[partiallytrapped]|[silent]\n|upkeep\n|\n|t:|1788262134\n|switch|p1b: Toxapex|Toxapex, L50, F|100/100\n|turn|4\n|inactive|DarkVectorVGC has 30 seconds left.\n|\n|t:|1788262164\n|switch|p2a: Garchomp|Garchomp, L50, F|100/100\n|move|p1a: Gyarados|Protect|p1a: Gyarados\n|-singleturn|p1a: Gyarados|Protect\n|move|p2b: Floette|Moonblast|p1a: Gyarados\n|-activate|p1a: Gyarados|move: Protect\n|move|p1b: Toxapex|Toxic|p2b: Floette\n|-status|p2b: Floette|tox\n|\n|-damage|p2b: Floette|68/100 tox|[from] psn\n|-sideend|p2: DarkVectorVGC|move: Tailwind\n|upkeep\n|turn|5\n|inactive|craqui butaneroc has 30 seconds left.\n|inactive|craqui butaneroc has 20 seconds left.\n|inactive|craqui butaneroc has 15 seconds left.\n|\n|t:|1788262205\n|detailschange|p1a: Gyarados|Gyarados-Mega, L50, F\n|-mega|p1a: Gyarados|Gyarados|Gyaradosite\n|-ability|p1a: Gyarados|Mold Breaker\n|move|p2a: Garchomp|Stomping Tantrum|p1b: Toxapex\n|-supereffective|p1b: Toxapex|1\n|-damage|p1b: Toxapex|33/100\n|-damage|p2a: Garchomp|90/100|[from] item: Life Orb\n|move|p2b: Floette|Moonblast|p1a: Gyarados\n|-supereffective|p1a: Gyarados|1\n|-damage|p1a: Gyarados|0 fnt\n|faint|p1a: Gyarados\n|move|p1b: Toxapex|Toxic|p2a: Garchomp\n|-status|p2a: Garchomp|tox\n|\n|-heal|p1b: Toxapex|39/100|[from] item: Leftovers\n|-damage|p2a: Garchomp|84/100 tox|[from] psn\n|-damage|p2b: Floette|56/100 tox|[from] psn\n|upkeep\n|\n|t:|1788262227\n|switch|p1a: Garchomp|Garchomp, L50, F|100/100\n|turn|6\n|inactive|craqui butaneroc has 30 seconds left.\n|\n|t:|1788262254\n|switch|p2a: Incineroar|Incineroar, L50, M, shiny|100/100\n|-ability|p2a: Incineroar|Intimidate|boost\n|-unboost|p1a: Garchomp|atk|1\n|-unboost|p1b: Toxapex|atk|1\n|move|p1b: Toxapex|Baneful Bunker|p1b: Toxapex\n|-singleturn|p1b: Toxapex|move: Protect\n|move|p1a: Garchomp|Dragon Claw|p2a: Incineroar\n|-damage|p2a: Incineroar|74/100\n|move|p2b: Floette|Moonblast|p1a: Garchomp\n|-supereffective|p1a: Garchomp|1\n|-damage|p1a: Garchomp|0 fnt\n|faint|p1a: Garchomp\n|\n|-heal|p1b: Toxapex|45/100|[from] item: Leftovers\n|-damage|p2b: Floette|38/100 tox|[from] psn\n|upkeep\n|turn|7\n|-message|craqui butaneroc forfeited.\n|\n|win|DarkVectorVGC\n||craqui butaneroc is ready for game 2.\n||DarkVectorVGC is ready for game 2.\n|uhtml|next|Next: <a href=\"/battle-gen9championsvgc2026regmbbo3-2673814167\"><strong>Game 2 of 3</strong></a>\n|l|☆craqui butaneroc\n|player|p1|\n","uploadtime":1788262531,"views":"1","formatid":"gen9championsvgc2026regmbbo3","rating":null,"private":0,"password":null}