{"id":"gen9championsvgc2026regmb-2674264930","format":"[Gen 9 Champions] VGC 2026 Reg M-B","players":["Azu Ocra","huylv"],"log":"|j|☆Azu Ocra\n|j|☆huylv\n|t:|1788326695\n|gametype|doubles\n|player|p1|Azu Ocra|265|1254\n|player|p2|huylv|steven|1282\n|gen|9\n|tier|[Gen 9 Champions] VGC 2026 Reg M-B\n|rated|\n|rule|Species Clause: Limit one of each Pokémon\n|rule|Item Clause: Limit 1 of each item\n|clearpoke\n|poke|p1|Charizard, L50, M|\n|poke|p1|Garchomp, L50, M|\n|poke|p1|Kingambit, L50, M|\n|poke|p1|Toxapex, L50, F|\n|poke|p1|Whimsicott, L50, M|\n|poke|p1|Basculegion, L50, M|\n|poke|p2|Dragonite, L50, F|\n|poke|p2|Froslass, L50, F|\n|poke|p2|Basculegion, L50, M|\n|poke|p2|Garchomp, L50, M|\n|poke|p2|Kingambit, L50, F|\n|poke|p2|Sneasler, L50, F|\n|teampreview|4\nAzu Ocra rejected open team sheets.\n|\n|t:|1788326713\n|teamsize|p1|4\n|teamsize|p2|4\n|start\n|switch|p1a: Charizard|Charizard, L50, M|100/100\n|switch|p1b: Garchomp|Garchomp, L50, M|100/100\n|switch|p2a: Dragonite|Dragonite, L50, F|100/100\n|switch|p2b: Sneasler|Sneasler, L50, F|100/100\n|turn|1\n|\n|t:|1788326736\n|detailschange|p1a: Charizard|Charizard-Mega-Y, L50, M\n|-mega|p1a: Charizard|Charizard|Charizardite Y\n|-weather|SunnyDay|[from] ability: Drought|[of] p1a: Charizard\n|detailschange|p2a: Dragonite|Dragonite-Mega, L50, F\n|-mega|p2a: Dragonite|Dragonite|Dragoninite\n|move|p1b: Garchomp|Protect|p1b: Garchomp\n|-singleturn|p1b: Garchomp|Protect\n|move|p2b: Sneasler|Fake Out|p1a: Charizard\n|-damage|p1a: Charizard|87/100\n|move|p2a: Dragonite|Dragon Pulse|p1b: Garchomp\n|-activate|p1b: Garchomp|move: Protect\n|cant|p1a: Charizard|flinch\n|\n|-weather|SunnyDay|[upkeep]\n|upkeep\n|turn|2\n|\n|t:|1788326762\n|move|p2b: Sneasler|Close Combat|p1b: Garchomp\n|-damage|p1b: Garchomp|49/100\n|-unboost|p2b: Sneasler|def|1\n|-unboost|p2b: Sneasler|spd|1\n|-damage|p2b: Sneasler|87/100|[from] ability: Rough Skin|[of] p1b: Garchomp\n|-status|p1b: Garchomp|psn|[from] ability: Poison Touch|[of] p2b: Sneasler\n|-enditem|p1b: Garchomp|Sitrus Berry|[eat]\n|-heal|p1b: Garchomp|74/100 psn|[from] item: Sitrus Berry\n|move|p2a: Dragonite|Dragon Pulse|p1b: Garchomp\n|-supereffective|p1b: Garchomp|1\n|-damage|p1b: Garchomp|0 fnt\n|faint|p1b: Garchomp\n|move|p1a: Charizard|Heat Wave|p2a: Dragonite|[spread] p2a,p2b\n|-resisted|p2a: Dragonite|1\n|-damage|p2a: Dragonite|86/100\n|-damage|p2b: Sneasler|0 fnt\n|faint|p2b: Sneasler\n|\n|-weather|SunnyDay|[upkeep]\n|upkeep\n|\n|t:|1788326785\n|switch|p2b: Garchomp|Garchomp, L50, M|100/100\n|switch|p1b: Basculegion|Basculegion, L50, M|100/100\n|turn|3\n|\n|t:|1788326800\n|move|p1a: Charizard|Protect|p1a: Charizard\n|-singleturn|p1a: Charizard|Protect\n|move|p2b: Garchomp|Rock Slide|p1b: Basculegion|[spread] \n|-activate|p1a: Charizard|move: Protect\n|-miss|p2b: Garchomp|p1b: Basculegion\n|move|p2a: Dragonite|Dragon Pulse|p1b: Basculegion\n|-damage|p1b: Basculegion|35/100\n|move|p1b: Basculegion|Last Respects|p2a: Dragonite\n|-damage|p2a: Dragonite|4/100\n|-damage|p1b: Basculegion|25/100|[from] item: Life Orb\n|\n|-weather|SunnyDay|[upkeep]\n|upkeep\n|turn|4\n|\n|t:|1788326818\n|switch|p1a: Kingambit|Kingambit, L50, M|100/100\n|move|p1b: Basculegion|Aqua Jet|p2a: Dragonite\n|-resisted|p2a: Dragonite|1\n|-damage|p2a: Dragonite|0 fnt\n|faint|p2a: Dragonite\n|-damage|p1b: Basculegion|15/100|[from] item: Life Orb\n|move|p2b: Garchomp|Rock Slide|p1a: Kingambit|[spread] p1a,p1b\n|-resisted|p1a: Kingambit|1\n|-damage|p1a: Kingambit|92/100\n|-damage|p1b: Basculegion|0 fnt\n|faint|p1b: Basculegion\n|\n|-weather|SunnyDay|[upkeep]\n|upkeep\n|\n|t:|1788326833\n|switch|p2a: Kingambit|Kingambit, L50, F|100/100\n|switch|p1b: Charizard|Charizard-Mega-Y, L50, M|87/100\n|turn|5\n|\n|t:|1788326846\n|move|p1a: Kingambit|Sucker Punch|p2b: Garchomp\n|-damage|p2b: Garchomp|68/100\n|-damage|p1a: Kingambit|80/100|[from] ability: Rough Skin|[of] p2b: Garchomp\n|move|p2b: Garchomp|Rock Slide|p1a: Kingambit|[spread] p1a,p1b\n|-resisted|p1a: Kingambit|1\n|-supereffective|p1b: Charizard|2\n|-damage|p1a: Kingambit|72/100\n|-damage|p1b: Charizard|15/100\n|move|p1b: Charizard|Heat Wave|p2a: Kingambit|[spread] p2a,p2b\n|-supereffective|p2a: Kingambit|1\n|-resisted|p2b: Garchomp|1\n|-damage|p2a: Kingambit|0 fnt\n|-damage|p2b: Garchomp|34/100\n|faint|p2a: Kingambit\n|\n|-weather|none\n|upkeep\n|turn|6\n|\n|t:|1788326863\n|move|p1b: Charizard|Protect|p1b: Charizard\n|-singleturn|p1b: Charizard|Protect\n|move|p1a: Kingambit|Sucker Punch|p2b: Garchomp\n|-damage|p2b: Garchomp|0 fnt\n|-damage|p1a: Kingambit|60/100|[from] ability: Rough Skin|[of] p2b: Garchomp\n|faint|p2b: Garchomp\n|\n|win|Azu Ocra\n|raw|Azu Ocra's rating: 1254 &rarr; <strong>1281</strong><br />(+27 for winning)\n|raw|huylv's rating: 1282 &rarr; <strong>1255</strong><br />(-27 for losing)\n|l|☆huylv\n|player|p2|\n","uploadtime":1788326874,"views":"5","formatid":"gen9championsvgc2026regmb","rating":1255,"private":0,"password":null}