{"id":"gen9championsvgc2026regmb-2674188482","format":"[Gen 9 Champions] VGC 2026 Reg M-B","players":["truely peak","sylv36"],"log":"|j|☆truely peak\n|j|☆sylv36\n|t:|1788312534\n|gametype|doubles\n|player|p1|truely peak|dawn|1128\n|player|p2|sylv36|101|1026\n|gen|9\n|tier|[Gen 9 Champions] VGC 2026 Reg M-B\n|rated|\n|rule|Species Clause: Limit one of each Pokémon\n|rule|Item Clause: Limit 1 of each item\n|clearpoke\n|poke|p1|Sneasler, L50, M|\n|poke|p1|Grimmsnarl, L50, M|\n|poke|p1|Charizard, L50, M|\n|poke|p1|Torkoal, L50, M|\n|poke|p1|Metagross, L50|\n|poke|p1|Aerodactyl, L50, F|\n|poke|p2|Gengar, L50, F|\n|poke|p2|Liepard, L50, M|\n|poke|p2|Rotom-Heat, L50|\n|poke|p2|Kingambit, L50, F|\n|poke|p2|Sylveon, L50, M|\n|poke|p2|Meowscarada, L50, M|\n|teampreview|4\n|\n|t:|1788312565\n|teamsize|p1|4\n|teamsize|p2|4\n|start\n|switch|p1a: Sneasler|Sneasler, L50, M|100/100\n|switch|p1b: Grimmsnarl|Grimmsnarl, L50, M|100/100\n|switch|p2a: Liepard|Liepard, L50, M|100/100\n|switch|p2b: Meowscarada|Meowscarada, L50, M|100/100\n|turn|1\n|inactive|Battle timer is ON: inactive players will automatically lose when time's up. (requested by sylv36)\n|\n|t:|1788312587\n|move|p2a: Liepard|Fake Out|p1a: Sneasler\n|-damage|p1a: Sneasler|86/100\n|cant|p1a: Sneasler|flinch\n|move|p1b: Grimmsnarl|Fake Out|p2b: Meowscarada\n|-damage|p2b: Meowscarada|83/100\n|cant|p2b: Meowscarada|flinch\n|\n|upkeep\n|turn|2\n|\n|t:|1788312606\n|move|p2a: Liepard|Yawn|p1a: Sneasler\n|-start|p1a: Sneasler|move: Yawn|[of] p2a: Liepard\n|move|p1b: Grimmsnarl|Swagger|p1a: Sneasler\n|-boost|p1a: Sneasler|atk|2\n|-start|p1a: Sneasler|confusion\n|-enditem|p1a: Sneasler|Lum Berry|[eat]\n|-end|p1a: Sneasler|confusion\n|move|p1a: Sneasler|Dire Claw|p2b: Meowscarada\n|-supereffective|p2b: Meowscarada|1\n|-damage|p2b: Meowscarada|0 fnt\n|faint|p2b: Meowscarada\n|\n|upkeep\n|\n|t:|1788312619\n|switch|p2b: Gengar|Gengar, L50, F|100/100\n|turn|3\n|\n|t:|1788312634\n|detailschange|p2b: Gengar|Gengar-Mega, L50, F\n|-mega|p2b: Gengar|Gengar|Gengarite\n|move|p2b: Gengar|Protect|p2b: Gengar\n|-singleturn|p2b: Gengar|Protect\n|move|p2a: Liepard|Yawn||[still]\n|-fail|p2a: Liepard\n|move|p1b: Grimmsnarl|Light Screen|p1b: Grimmsnarl\n|-sidestart|p1: truely peak|move: Light Screen\n|move|p1a: Sneasler|Close Combat|p2a: Liepard\n|-supereffective|p2a: Liepard|1\n|-enditem|p2a: Liepard|Focus Sash\n|-damage|p2a: Liepard|1/100\n|-unboost|p1a: Sneasler|def|1\n|-unboost|p1a: Sneasler|spd|1\n|\n|-end|p1a: Sneasler|move: Yawn|[silent]\n|-status|p1a: Sneasler|slp\n|upkeep\n|turn|4\n|inactive|truely peak has 30 seconds left.\n|\n|t:|1788312663\n|move|p1b: Grimmsnarl|Swagger|p2b: Gengar|[miss]\n|-miss|p1b: Grimmsnarl|p2b: Gengar\n|cant|p1a: Sneasler|slp\n|move|p2b: Gengar|Sludge Bomb|p1b: Grimmsnarl\n|-supereffective|p1b: Grimmsnarl|1\n|-damage|p1b: Grimmsnarl|28/100\n|-status|p1b: Grimmsnarl|psn\n|move|p2a: Liepard|Snarl|p1b: Grimmsnarl|[spread] p1a,p1b\n|-resisted|p1a: Sneasler|1\n|-resisted|p1b: Grimmsnarl|2\n|-damage|p1a: Sneasler|74/100 slp\n|-damage|p1b: Grimmsnarl|26/100 psn\n|-unboost|p1a: Sneasler|spa|1\n|-unboost|p1b: Grimmsnarl|spa|1\n|\n|-damage|p1b: Grimmsnarl|13/100 psn|[from] psn\n|upkeep\n|turn|5\n|inactive|sylv36 has 30 seconds left.\n|inactive|sylv36 has 20 seconds left.\n|inactive|sylv36 has 15 seconds left.\n|inactive|sylv36 has 10 seconds left.\n|\n|t:|1788312711\n|move|p1b: Grimmsnarl|Swagger|p2b: Gengar\n|-boost|p2b: Gengar|atk|2\n|-start|p2b: Gengar|confusion\n|-curestatus|p1a: Sneasler|slp|[msg]\n|move|p1a: Sneasler|Close Combat|p2a: Liepard\n|-supereffective|p2a: Liepard|1\n|-damage|p2a: Liepard|0 fnt\n|-unboost|p1a: Sneasler|def|1\n|-unboost|p1a: Sneasler|spd|1\n|faint|p2a: Liepard\n|-activate|p2b: Gengar|confusion\n|move|p2b: Gengar|Shadow Ball|p1a: Sneasler\n|-damage|p1a: Sneasler|0 fnt\n|faint|p1a: Sneasler\n|\n|-damage|p1b: Grimmsnarl|1/100 psn|[from] psn\n|upkeep\n|\n|t:|1788312727\n|switch|p2a: Kingambit|Kingambit, L50, F|100/100\n|switch|p1a: Aerodactyl|Aerodactyl, L50, F|100/100\n|turn|6\n|\n|t:|1788312736\n|-end|p2b: Gengar|confusion\n|move|p2b: Gengar|Protect|p2b: Gengar\n|-singleturn|p2b: Gengar|Protect\n|move|p1b: Grimmsnarl|Reflect|p1b: Grimmsnarl\n|-sidestart|p1: truely peak|Reflect\n|move|p1a: Aerodactyl|Rock Slide|p2b: Gengar|[spread] p2a\n|-activate|p2b: Gengar|move: Protect\n|-resisted|p2a: Kingambit|1\n|-damage|p2a: Kingambit|91/100\n|move|p2a: Kingambit|Kowtow Cleave|p1a: Aerodactyl\n|-damage|p1a: Aerodactyl|41/100\n|-enditem|p1a: Aerodactyl|Sitrus Berry|[eat]\n|-heal|p1a: Aerodactyl|66/100|[from] item: Sitrus Berry\n|\n|-heal|p2a: Kingambit|97/100|[from] item: Leftovers\n|-damage|p1b: Grimmsnarl|0 fnt|[from] psn\n|faint|p1b: Grimmsnarl\n|upkeep\n|\n|t:|1788312752\n|switch|p1b: Charizard|Charizard, L50, M|100/100\n|turn|7\n|\n|t:|1788312763\n|detailschange|p1b: Charizard|Charizard-Mega-X, L50, M\n|-mega|p1b: Charizard|Charizard|Charizardite X\n|move|p2a: Kingambit|Sucker Punch|p1b: Charizard\n|-damage|p1b: Charizard|70/100\n|move|p2b: Gengar|Sludge Bomb|p1b: Charizard\n|-damage|p1b: Charizard|23/100\n|-status|p1b: Charizard|psn\n|move|p1a: Aerodactyl|Tailwind|p1a: Aerodactyl\n|-sidestart|p1: truely peak|move: Tailwind\n|move|p1b: Charizard|Flare Blitz|p2a: Kingambit\n|-supereffective|p2a: Kingambit|1\n|-damage|p2a: Kingambit|0 fnt\n|faint|p2a: Kingambit\n|-damage|p1b: Charizard|0 fnt|[from] Recoil\n|faint|p1b: Charizard\n|\n|upkeep\n|turn|8\n|\n|t:|1788312779\n|move|p1a: Aerodactyl|Rock Slide|p2b: Gengar\n|-damage|p2b: Gengar|49/100\n|move|p2b: Gengar|Shadow Ball|p1a: Aerodactyl\n|-damage|p1a: Aerodactyl|19/100\n|\n|upkeep\n|turn|9\n|\n|t:|1788312789\n|move|p1a: Aerodactyl|Dual Wingbeat|p2b: Gengar\n|-damage|p2b: Gengar|18/100\n|-damage|p2b: Gengar|0 fnt\n|faint|p2b: Gengar\n|-hitcount|p2: Gengar|2\n|\n|win|truely peak\n|raw|truely peak's rating: 1128 &rarr; <strong>1146</strong><br />(+18 for winning)\n|raw|sylv36's rating: 1026 &rarr; <strong>1016</strong><br />(-10 for losing)\n","uploadtime":1788312795,"views":"1","formatid":"gen9championsvgc2026regmb","rating":1016,"private":0,"password":null}