{"id":"gen9championsvgc2026regmb-2674432027","format":"[Gen 9 Champions] VGC 2026 Reg M-B","players":["blackred123永雏塔菲侠","docninj"],"log":"|j|☆blackred123永雏塔菲侠\n|j|☆docninj\n|t:|1788359088\n|gametype|doubles\n|player|p1|blackred123永雏塔菲侠|emma|1595\n|player|p2|docninj|red|1556\n|gen|9\n|tier|[Gen 9 Champions] VGC 2026 Reg M-B\n|rated|\n|rule|Species Clause: Limit one of each Pokémon\n|rule|Item Clause: Limit 1 of each item\n|clearpoke\n|poke|p1|Maushold, L50|\n|poke|p1|Annihilape, L50, M|\n|poke|p1|Abomasnow, L50, M|\n|poke|p1|Farigiraf, L50, F|\n|poke|p1|Primarina, L50, F|\n|poke|p1|Camerupt, L50, M|\n|poke|p2|Staraptor, L50, F|\n|poke|p2|Farigiraf, L50, F|\n|poke|p2|Garchomp, L50, F|\n|poke|p2|Kingambit, L50, F|\n|poke|p2|Glimmora, L50, F|\n|poke|p2|Whimsicott, L50, F|\n|teampreview|4\n|inactive|Battle timer is ON: inactive players will automatically lose when time's up. (requested by docninj)\n|inactive|blackred123永雏塔菲侠 also wants the timer to be on.\n|inactive|blackred123永雏塔菲侠 has 60 seconds left.\n|inactive|docninj has 60 seconds left.\n|\n|t:|1788359127\n|teamsize|p1|4\n|teamsize|p2|4\n|start\n|switch|p1a: Annihilape|Annihilape, L50, M|100/100\n|switch|p1b: Farigiraf|Farigiraf, L50, F|100/100\n|switch|p2a: Glimmora|Glimmora, L50, F|100/100\n|switch|p2b: Farigiraf|Farigiraf, L50, F|100/100\n|turn|1\n|\n|t:|1788359151\n|move|p1a: Annihilape|Close Combat|p2a: Glimmora\n|-damage|p2a: Glimmora|22/100\n|-unboost|p1a: Annihilape|def|1\n|-unboost|p1a: Annihilape|spd|1\n|-activate|p2a: Glimmora|ability: Toxic Debris\n|-sidestart|p1: blackred123永雏塔菲侠|move: Toxic Spikes\n|move|p2a: Glimmora|Sludge Bomb|p1b: Farigiraf\n|-damage|p1b: Farigiraf|47/100\n|-enditem|p1b: Farigiraf|Sitrus Berry|[eat]\n|-heal|p1b: Farigiraf|72/100|[from] item: Sitrus Berry\n|move|p2b: Farigiraf|Twin Beam|p1a: Annihilape\n|-supereffective|p1a: Annihilape|1\n|-damage|p1a: Annihilape|37/100\n|-supereffective|p1a: Annihilape|1\n|-damage|p1a: Annihilape|0 fnt\n|faint|p1a: Annihilape\n|-hitcount|p1: Annihilape|2\n|move|p1b: Farigiraf|Trick Room|p1b: Farigiraf\n|-fieldstart|move: Trick Room|[of] p1b: Farigiraf\n|\n|upkeep\n|\n|t:|1788359155\n|switch|p1a: Abomasnow|Abomasnow, L50, M|100/100\n|-status|p1a: Abomasnow|psn\n|-weather|Snowscape|[from] ability: Snow Warning|[of] p1a: Abomasnow\n|turn|2\n|\n|t:|1788359174\n|detailschange|p1a: Abomasnow|Abomasnow-Mega, L50, M\n|-mega|p1a: Abomasnow|Abomasnow|Abomasite\n|move|p1b: Farigiraf|Helping Hand|p1a: Abomasnow\n|-singleturn|p1a: Abomasnow|Helping Hand|[of] p1b: Farigiraf\n|move|p2a: Glimmora|Spiky Shield|p2a: Glimmora\n|-singleturn|p2a: Glimmora|move: Protect\n|move|p1a: Abomasnow|Blizzard|p2b: Farigiraf|[spread] p2b\n|-activate|p2a: Glimmora|move: Protect\n|-damage|p2b: Farigiraf|36/100\n|move|p2b: Farigiraf|Trick Room|p2b: Farigiraf\n|-fieldend|move: Trick Room\n|\n|-weather|Snowscape|[upkeep]\n|-damage|p1a: Abomasnow|87/100 psn|[from] psn\n|upkeep\n|turn|3\n|inactive|docninj has 30 seconds left.\n|\n|t:|1788359199\n|switch|p1a: Maushold|Maushold, L50|100/100\n|-status|p1a: Maushold|psn\n|move|p2a: Glimmora|Sludge Bomb|p1a: Maushold\n|-damage|p1a: Maushold|16/100 psn\n|move|p1b: Farigiraf|Psychic|p2a: Glimmora\n|-supereffective|p2a: Glimmora|1\n|-damage|p2a: Glimmora|0 fnt\n|faint|p2a: Glimmora\n|move|p2b: Farigiraf|Trick Room|p2b: Farigiraf\n|-fieldstart|move: Trick Room|[of] p2b: Farigiraf\n|\n|-weather|Snowscape|[upkeep]\n|-damage|p1a: Maushold|4/100 psn|[from] psn\n|upkeep\n|\n|t:|1788359216\n|switch|p2a: Staraptor|Staraptor, L50, F|100/100\n|-ability|p2a: Staraptor|Intimidate|boost\n|-unboost|p1a: Maushold|atk|1\n|-unboost|p1b: Farigiraf|atk|1\n|turn|4\n|\n|t:|1788359229\n|detailschange|p2a: Staraptor|Staraptor-Mega, L50, F\n|-mega|p2a: Staraptor|Staraptor|Staraptite\n|move|p1b: Farigiraf|Psychic|p2b: Farigiraf\n|-resisted|p2b: Farigiraf|1\n|-damage|p2b: Farigiraf|21/100\n|move|p2a: Staraptor|Close Combat|p1a: Maushold\n|-supereffective|p1a: Maushold|1\n|-damage|p1a: Maushold|0 fnt\n|-boost|p2a: Staraptor|def|1\n|-boost|p2a: Staraptor|spd|1\n|faint|p1a: Maushold\n|move|p2b: Farigiraf|Trick Room|p2b: Farigiraf\n|-fieldend|move: Trick Room\n|\n|-weather|Snowscape|[upkeep]\n|upkeep\n|\n|t:|1788359233\n|switch|p1a: Abomasnow|Abomasnow-Mega, L50, M|87/100 psn\n|turn|5\n|inactive|docninj has 30 seconds left.\n|\n|t:|1788359259\n|move|p2a: Staraptor|Close Combat|p1b: Farigiraf\n|-damage|p1b: Farigiraf|30/100\n|-boost|p2a: Staraptor|def|1\n|-boost|p2a: Staraptor|spd|1\n|move|p2b: Farigiraf|Thunderbolt|p1b: Farigiraf\n|-damage|p1b: Farigiraf|3/100\n|move|p1a: Abomasnow|Blizzard|p2b: Farigiraf|[spread] p2a,p2b\n|-supereffective|p2a: Staraptor|1\n|-damage|p2a: Staraptor|51/100\n|-damage|p2b: Farigiraf|0 fnt\n|faint|p2b: Farigiraf\n|move|p1b: Farigiraf|Trick Room|p1b: Farigiraf\n|-fieldstart|move: Trick Room|[of] p1b: Farigiraf\n|\n|-weather|Snowscape|[upkeep]\n|-damage|p1a: Abomasnow|75/100 psn|[from] psn\n|upkeep\n|\n|t:|1788359274\n|switch|p2b: Whimsicott|Whimsicott, L50, F|100/100\n|turn|6\n|\n|t:|1788359291\n|move|p1b: Farigiraf|Helping Hand|p1a: Abomasnow\n|-singleturn|p1a: Abomasnow|Helping Hand|[of] p1b: Farigiraf\n|move|p2a: Staraptor|Protect|p2a: Staraptor\n|-singleturn|p2a: Staraptor|Protect\n|move|p1a: Abomasnow|Blizzard|p2a: Staraptor|[spread] p2b\n|-activate|p2a: Staraptor|move: Protect\n|-supereffective|p2b: Whimsicott|1\n|-damage|p2b: Whimsicott|0 fnt\n|faint|p2b: Whimsicott\n|\n|-weather|none\n|-damage|p1a: Abomasnow|63/100 psn|[from] psn\n|upkeep\n|turn|7\n|\n|t:|1788359304\n|move|p1a: Abomasnow|Blizzard|p2a: Staraptor\n|-supereffective|p2a: Staraptor|1\n|-damage|p2a: Staraptor|0 fnt\n|faint|p2a: Staraptor\n|\n|win|blackred123永雏塔菲侠\n|raw|blackred123永雏塔菲侠's rating: 1595 &rarr; <strong>1613</strong><br />(+18 for winning)\n|raw|docninj's rating: 1556 &rarr; <strong>1538</strong><br />(-18 for losing)\n|l|☆docninj\n|player|p2|\n","uploadtime":1788359309,"views":"2","formatid":"gen9championsvgc2026regmb","rating":1538,"private":0,"password":null}