{"id":"gen9championsvgc2026regmb-2674958250","format":"[Gen 9 Champions] VGC 2026 Reg M-B","players":["slimboy17","CabbageKale"],"log":"|j|☆slimboy17\n|j|☆CabbageKale\n|t:|1788441951\n|gametype|doubles\n|player|p1|slimboy17|ethan|1412\n|player|p2|CabbageKale|crasherwake|1362\n|gen|9\n|tier|[Gen 9 Champions] VGC 2026 Reg M-B\n|rated|\n|rule|Species Clause: Limit one of each Pokémon\n|rule|Item Clause: Limit 1 of each item\n|clearpoke\n|poke|p1|Charizard, L50, F|\n|poke|p1|Toxapex, L50, M|\n|poke|p1|Incineroar, L50, F|\n|poke|p1|Venusaur, L50, M|\n|poke|p1|Sylveon, L50, F|\n|poke|p1|Garchomp, L50, F|\n|poke|p2|Staraptor, L50, F|\n|poke|p2|Arcanine-Hisui, L50, M|\n|poke|p2|Kingambit, L50, F|\n|poke|p2|Sylveon, L50, M|\n|poke|p2|Raichu, L50, M|\n|poke|p2|Farigiraf, L50, F|\n|teampreview|4\n|inactive|Battle timer is ON: inactive players will automatically lose when time's up. (requested by slimboy17)\nCabbageKale has agreed to open team sheets.\n|inactive|slimboy17 has 60 seconds left.\n|inactive|CabbageKale has 60 seconds left.\n|inactive|slimboy17 has 30 seconds left.\n|inactive|CabbageKale has 30 seconds left.\n|\n|t:|1788442017\n|teamsize|p1|4\n|teamsize|p2|4\n|start\n|switch|p1a: Charizard|Charizard, L50, F|100/100\n|switch|p1b: Incineroar|Incineroar, L50, F|100/100\n|switch|p2a: Arcanine|Arcanine-Hisui, L50, M|100/100\n|switch|p2b: Sylveon|Sylveon, L50, M|100/100\n|-ability|p1b: Incineroar|Intimidate|boost\n|-unboost|p2a: Arcanine|atk|1\n|-unboost|p2b: Sylveon|atk|1\n|turn|1\n|\n|t:|1788442042\n|detailschange|p1a: Charizard|Charizard-Mega-Y, L50, F\n|-mega|p1a: Charizard|Charizard|Charizardite Y\n|-weather|SunnyDay|[from] ability: Drought|[of] p1a: Charizard\n|move|p2a: Arcanine|Protect|p2a: Arcanine\n|-singleturn|p2a: Arcanine|Protect\n|move|p2b: Sylveon|Detect|p2b: Sylveon\n|-singleturn|p2b: Sylveon|Protect\n|move|p1b: Incineroar|Fake Out|p2a: Arcanine\n|-activate|p2a: Arcanine|move: Protect\n|move|p1a: Charizard|Ancient Power|p2a: Arcanine\n|-activate|p2a: Arcanine|move: Protect\n|\n|-weather|SunnyDay|[upkeep]\n|upkeep\n|turn|2\n|inactive|CabbageKale has 30 seconds left.\n|\n|t:|1788442069\n|move|p1a: Charizard|Protect|p1a: Charizard\n|-singleturn|p1a: Charizard|Protect\n|move|p2a: Arcanine|Head Smash|p1a: Charizard\n|-activate|p1a: Charizard|move: Protect\n|move|p2b: Sylveon|Hyper Beam|p1b: Incineroar\n|-damage|p1b: Incineroar|11/100\n|-mustrecharge|p2b: Sylveon\n|-enditem|p1b: Incineroar|Sitrus Berry|[eat]\n|-heal|p1b: Incineroar|36/100|[from] item: Sitrus Berry\n|move|p1b: Incineroar|Parting Shot|p2a: Arcanine\n|-unboost|p2a: Arcanine|atk|1\n|-unboost|p2a: Arcanine|spa|1\n|\n|t:|1788442087\n|switch|p1b: Garchomp|Garchomp, L50, F|100/100|[from] Parting Shot\n|\n|-weather|SunnyDay|[upkeep]\n|upkeep\n|turn|3\n|\n|t:|1788442098\n|switch|p2a: Staraptor|Staraptor, L50, F|100/100\n|-ability|p2a: Staraptor|Intimidate|boost\n|-unboost|p1a: Charizard|atk|1\n|-unboost|p1b: Garchomp|atk|1\n|move|p1b: Garchomp|Earthquake|p2a: Staraptor|[spread] p2b\n|-immune|p1a: Charizard\n|-immune|p2a: Staraptor\n|-damage|p2b: Sylveon|68/100\n|move|p1a: Charizard|Heat Wave|p2a: Staraptor|[spread] \n|-miss|p1a: Charizard|p2a: Staraptor\n|-miss|p1a: Charizard|p2b: Sylveon\n|cant|p2b: Sylveon|recharge\n|\n|-weather|SunnyDay|[upkeep]\n|upkeep\n|turn|4\n|\n|t:|1788442120\n|switch|p1b: Incineroar|Incineroar, L50, F|36/100\n|-ability|p1b: Incineroar|Intimidate|boost\n|-unboost|p2a: Staraptor|atk|1\n|-unboost|p2b: Sylveon|atk|1\n|move|p2b: Sylveon|Detect|p2b: Sylveon\n|-singleturn|p2b: Sylveon|Protect\n|move|p2a: Staraptor|Tailwind|p2a: Staraptor\n|-sidestart|p2: CabbageKale|move: Tailwind\n|move|p1a: Charizard|Heat Wave|p2a: Staraptor|[spread] p2a\n|-activate|p2b: Sylveon|move: Protect\n|-damage|p2a: Staraptor|7/100\n|\n|-weather|SunnyDay|[upkeep]\n|upkeep\n|turn|5\n|\n|t:|1788442140\n|move|p1b: Incineroar|Fake Out|p2b: Sylveon\n|-damage|p2b: Sylveon|54/100\n|move|p2a: Staraptor|Close Combat|p1b: Incineroar\n|-supereffective|p1b: Incineroar|1\n|-damage|p1b: Incineroar|1/100\n|-unboost|p2a: Staraptor|def|1\n|-unboost|p2a: Staraptor|spd|1\n|cant|p2b: Sylveon|flinch\n|move|p1a: Charizard|Heat Wave|p2a: Staraptor|[spread] p2a,p2b\n|-damage|p2a: Staraptor|0 fnt\n|-damage|p2b: Sylveon|10/100\n|faint|p2a: Staraptor\n|\n|-weather|none\n|upkeep\n|\n|t:|1788442150\n|switch|p2a: Arcanine|Arcanine-Hisui, L50, M|100/100\n|turn|6\n|\n|t:|1788442166\n|switch|p1a: Toxapex|Toxapex, L50, M|100/100\n|switch|p1b: Garchomp|Garchomp, L50, F|100/100\n|move|p2a: Arcanine|Head Smash|p1a: Toxapex\n|-damage|p1a: Toxapex|54/100\n|move|p2b: Sylveon|Hyper Voice|p1b: Garchomp|[spread] p1a,p1b\n|-resisted|p1a: Toxapex|1\n|-supereffective|p1b: Garchomp|1\n|-damage|p1a: Toxapex|37/100\n|-damage|p1b: Garchomp|4/100\n|\n|-heal|p1a: Toxapex|43/100|[from] item: Leftovers\n|upkeep\n|turn|7\n|inactive|slimboy17 has 30 seconds left.\n|inactive|CabbageKale has 30 seconds left.\n|inactive|slimboy17 has 20 seconds left.\n|inactive|slimboy17 has 15 seconds left.\n|\n|t:|1788442207\n|switch|p2a: Raichu|Raichu, L50, M|100/100\n|switch|p1b: Incineroar|Incineroar, L50, F|1/100\n|-ability|p1b: Incineroar|Intimidate|boost\n|-unboost|p2a: Raichu|atk|1\n|-unboost|p2b: Sylveon|atk|1\n|move|p1a: Toxapex|Baneful Bunker|p1a: Toxapex\n|-singleturn|p1a: Toxapex|move: Protect\n|move|p2b: Sylveon|Hyper Voice|p1a: Toxapex|[spread] p1b\n|-activate|p1a: Toxapex|move: Protect\n|-damage|p1b: Incineroar|0 fnt\n|faint|p1b: Incineroar\n|\n|-heal|p1a: Toxapex|49/100|[from] item: Leftovers\n|-sideend|p2: CabbageKale|move: Tailwind\n|upkeep\n|\n|t:|1788442229\n|switch|p1b: Charizard|Charizard-Mega-Y, L50, F|100/100\n|-weather|SunnyDay|[from] ability: Drought|[of] p1b: Charizard\n|turn|8\n|\n|t:|1788442250\n|detailschange|p2a: Raichu|Raichu-Mega-Y, L50, M\n|-mega|p2a: Raichu|Raichu|Raichunite Y\n|move|p1b: Charizard|Protect|p1b: Charizard\n|-singleturn|p1b: Charizard|Protect\n|move|p2a: Raichu|Zap Cannon|p1b: Charizard\n|-activate|p1b: Charizard|move: Protect\n|move|p2b: Sylveon|Hyper Beam|p1a: Toxapex\n|-resisted|p1a: Toxapex|1\n|-damage|p1a: Toxapex|7/100\n|-mustrecharge|p2b: Sylveon\n|move|p1a: Toxapex|Toxic|p2a: Raichu\n|-status|p2a: Raichu|tox\n|\n|-weather|SunnyDay|[upkeep]\n|-heal|p1a: Toxapex|13/100|[from] item: Leftovers\n|-damage|p2a: Raichu|94/100 tox|[from] psn\n|upkeep\n|turn|9\n|inactive|slimboy17 has 30 seconds left.\n|\n|t:|1788442282\n|switch|p1b: Garchomp|Garchomp, L50, F|4/100\n|move|p2a: Raichu|Zap Cannon|p1b: Garchomp\n|-immune|p1b: Garchomp\n|cant|p2b: Sylveon|recharge\n|move|p1a: Toxapex|Infestation|p2b: Sylveon\n|-resisted|p2b: Sylveon|1\n|-damage|p2b: Sylveon|9/100\n|-activate|p2b: Sylveon|move: Infestation|[of] p1a: Toxapex\n|\n|-weather|SunnyDay|[upkeep]\n|-heal|p1a: Toxapex|19/100|[from] item: Leftovers\n|-damage|p2a: Raichu|82/100 tox|[from] psn\n|-damage|p2b: Sylveon|0 fnt|[from] move: Infestation|[partiallytrapped]\n|faint|p2b: Sylveon\n|upkeep\n|\n|t:|1788442286\n|switch|p2b: Arcanine|Arcanine-Hisui, L50, M|100/100\n|turn|10\n|\n|t:|1788442304\n|move|p1a: Toxapex|Wide Guard|p1a: Toxapex\n|-singleturn|p1a: Toxapex|Wide Guard\n|move|p2b: Arcanine|Extreme Speed|p1b: Garchomp\n|-damage|p1b: Garchomp|0 fnt\n|-damage|p2b: Arcanine|87/100|[from] ability: Rough Skin|[of] p1b: Garchomp\n|faint|p1b: Garchomp\n|move|p2a: Raichu|Zap Cannon|p1a: Toxapex\n|-supereffective|p1a: Toxapex|1\n|-damage|p1a: Toxapex|0 fnt\n|faint|p1a: Toxapex\n|\n|-weather|SunnyDay|[upkeep]\n|-damage|p2a: Raichu|64/100 tox|[from] psn\n|upkeep\n|\n|t:|1788442320\n|switch|p1a: Charizard|Charizard-Mega-Y, L50, F|100/100\n|turn|11\n|\n|t:|1788442331\n|move|p2a: Raichu|Zap Cannon|p1a: Charizard\n|-supereffective|p1a: Charizard|1\n|-damage|p1a: Charizard|0 fnt\n|faint|p1a: Charizard\n|\n|win|CabbageKale\n|raw|slimboy17's rating: 1412 &rarr; <strong>1389</strong><br />(-23 for losing)\n|raw|CabbageKale's rating: 1362 &rarr; <strong>1385</strong><br />(+23 for winning)\n","uploadtime":1788442344,"views":"2","formatid":"gen9championsvgc2026regmb","rating":1385,"private":0,"password":null}