{"id":"gen9championsvgc2026regmb-2673856764","format":"[Gen 9 Champions] VGC 2026 Reg M-B","players":["Thornlace48812","pa-co-lg-bl"],"log":"|j|☆Thornlace48812\n|j|‽pa-co-lg-bl\n|t:|1788269251\n|gametype|doubles\n|player|p1|Thornlace48812|102|1109\n|player|p2|pa-co-lg-bl|wallace|1064\n|gen|9\n|tier|[Gen 9 Champions] VGC 2026 Reg M-B\n|rated|\n|rule|Species Clause: Limit one of each Pokémon\n|rule|Item Clause: Limit 1 of each item\n|clearpoke\n|poke|p1|Garchomp, L50, M|\n|poke|p1|Charizard, L50, F|\n|poke|p1|Whimsicott, L50, F|\n|poke|p1|Sylveon, L50, M|\n|poke|p1|Kingambit, L50, M|\n|poke|p1|Basculegion, L50, M|\n|poke|p2|Staraptor, L50, M|\n|poke|p2|Whimsicott, L50, M|\n|poke|p2|Typhlosion-Hisui, L50, M|\n|poke|p2|Milotic, L50, M|\n|poke|p2|Basculegion, L50, M|\n|poke|p2|Talonflame, L50, M|\n|teampreview|4\n|inactive|Battle timer is ON: inactive players will automatically lose when time's up. (requested by pa-co-lg-bl)\n|inactive|Thornlace48812 also wants the timer to be on.\nThornlace48812 rejected open team sheets.\n|\n|t:|1788269260\n|teamsize|p1|4\n|teamsize|p2|4\n|start\n|switch|p1a: Charizard|Charizard, L50, F|100/100\n|switch|p1b: Whimsicott|Whimsicott, L50, F|100/100\n|switch|p2a: Staraptor|Staraptor, L50, M|100/100\n|switch|p2b: Talonflame|Talonflame, L50, M|100/100\n|-ability|p2a: Staraptor|Intimidate|boost\n|-unboost|p1a: Charizard|atk|1\n|-unboost|p1b: Whimsicott|atk|1\n|turn|1\n|inactive|pa-co-lg-bl has 30 seconds left.\n|\n|t:|1788269288\n|detailschange|p2a: Staraptor|Staraptor-Mega, L50, M\n|-mega|p2a: Staraptor|Staraptor|Staraptite\n|move|p1a: Charizard|Protect|p1a: Charizard\n|-singleturn|p1a: Charizard|Protect\n|move|p2b: Talonflame|Tailwind|p2b: Talonflame\n|-sidestart|p2: pa-co-lg-bl|move: Tailwind\n|move|p2a: Staraptor|Close Combat|p1a: Charizard\n|-activate|p1a: Charizard|move: Protect\n|move|p1b: Whimsicott|Moonblast|p2a: Staraptor\n|-supereffective|p2a: Staraptor|1\n|-damage|p2a: Staraptor|31/100\n|\n|upkeep\n|turn|2\n|\n|t:|1788269294\n|detailschange|p1a: Charizard|Charizard-Mega-Y, L50, F\n|-mega|p1a: Charizard|Charizard|Charizardite Y\n|-weather|SunnyDay|[from] ability: Drought|[of] p1a: Charizard\n|move|p1b: Whimsicott|Protect|p1b: Whimsicott\n|-singleturn|p1b: Whimsicott|Protect\n|move|p2b: Talonflame|Feather Dance|p2a: Staraptor\n|-boost|p2a: Staraptor|atk|2\n|move|p2a: Staraptor|Brave Bird|p1a: Charizard\n|-damage|p1a: Charizard|0 fnt\n|faint|p1a: Charizard\n|-damage|p2a: Staraptor|2/100|[from] Recoil\n|\n|-weather|SunnyDay|[upkeep]\n|upkeep\n|\n|t:|1788269294\n|switch|p1a: Sylveon|Sylveon, L50, M|100/100\n|turn|3\n|\n|t:|1788269300\n|move|p1a: Sylveon|Detect|p1a: Sylveon\n|-singleturn|p1a: Sylveon|Protect\n|move|p2b: Talonflame|Quick Guard|p2b: Talonflame\n|-singleturn|p2b: Talonflame|Quick Guard\n|move|p1b: Whimsicott|Tailwind|p1b: Whimsicott\n|-sidestart|p1: Thornlace48812|move: Tailwind\n|move|p2a: Staraptor|Brave Bird|p1a: Sylveon\n|-activate|p1a: Sylveon|move: Protect\n|\n|-weather|SunnyDay|[upkeep]\n|upkeep\n|turn|4\n|\n|t:|1788269313\n|move|p2a: Staraptor|Protect|p2a: Staraptor\n|-singleturn|p2a: Staraptor|Protect\n|move|p2b: Talonflame|Brave Bird|p1b: Whimsicott\n|-supereffective|p1b: Whimsicott|1\n|-damage|p1b: Whimsicott|3/100\n|-damage|p2b: Talonflame|73/100|[from] Recoil\n|move|p1b: Whimsicott|Moonblast|p2a: Staraptor\n|-activate|p2a: Staraptor|move: Protect\n|move|p1a: Sylveon|Hyper Voice|p2b: Talonflame|[spread] p2b\n|-activate|p2a: Staraptor|move: Protect\n|-resisted|p2b: Talonflame|1\n|-damage|p2b: Talonflame|40/100\n|\n|-weather|SunnyDay|[upkeep]\n|-sideend|p2: pa-co-lg-bl|move: Tailwind\n|upkeep\n|turn|5\n|\n|t:|1788269337\n|move|p1b: Whimsicott|Encore|p2b: Talonflame\n|-start|p2b: Talonflame|Encore\n|move|p2b: Talonflame|Brave Bird|p1a: Sylveon\n|-damage|p1a: Sylveon|51/100\n|-damage|p2b: Talonflame|22/100|[from] Recoil\n|move|p1a: Sylveon|Hyper Voice|p2a: Staraptor|[spread] p2a,p2b\n|-supereffective|p2a: Staraptor|1\n|-resisted|p2b: Talonflame|1\n|-damage|p2a: Staraptor|0 fnt\n|-damage|p2b: Talonflame|0 fnt\n|faint|p2a: Staraptor\n|faint|p2b: Talonflame\n|\n|-weather|SunnyDay|[upkeep]\n|upkeep\n|\n|t:|1788269343\n|switch|p2b: Basculegion|Basculegion, L50, M|100/100\n|switch|p2a: Typhlosion|Typhlosion-Hisui, L50, M|100/100\n|-item|p1a: Sylveon|Fairy Feather|[from] ability: Frisk|[of] p2a: Typhlosion\n|-item|p1b: Whimsicott|Focus Sash|[from] ability: Frisk|[of] p2a: Typhlosion\n|turn|6\n|\n|t:|1788269351\n|move|p1b: Whimsicott|Protect|p1b: Whimsicott\n|-singleturn|p1b: Whimsicott|Protect\n|move|p2b: Basculegion|Aqua Jet|p1b: Whimsicott\n|-activate|p1b: Whimsicott|move: Protect\n|move|p2a: Typhlosion|Heat Wave|p1a: Sylveon|[spread] p1a\n|-activate|p1b: Whimsicott|move: Protect\n|-damage|p1a: Sylveon|6/100\n|-status|p1a: Sylveon|brn\n|move|p1a: Sylveon|Hyper Voice|p2b: Basculegion|[spread] p2a,p2b\n|-resisted|p2a: Typhlosion|1\n|-damage|p2a: Typhlosion|68/100\n|-damage|p2b: Basculegion|42/100\n|\n|-weather|none\n|-damage|p1a: Sylveon|1/100 brn|[from] brn\n|-sideend|p1: Thornlace48812|move: Tailwind\n|upkeep\n|turn|7\n|\n|t:|1788269355\n|move|p1a: Sylveon|Detect|p1a: Sylveon\n|-singleturn|p1a: Sylveon|Protect\n|move|p1b: Whimsicott|Tailwind|p1b: Whimsicott\n|-sidestart|p1: Thornlace48812|move: Tailwind\n|move|p2b: Basculegion|Aqua Jet|p1b: Whimsicott\n|-resisted|p1b: Whimsicott|1\n|-crit|p1b: Whimsicott\n|-damage|p1b: Whimsicott|0 fnt\n|faint|p1b: Whimsicott\n|move|p2a: Typhlosion|Heat Wave|p1a: Sylveon\n|-activate|p1a: Sylveon|move: Protect\n|\n|-damage|p1a: Sylveon|0 fnt|[from] brn\n|faint|p1a: Sylveon\n|upkeep\n|\n|t:|1788269356\n|switch|p1b: Basculegion|Basculegion, L50, M|100/100\n|turn|8\n|\n|t:|1788269361\n|move|p2b: Basculegion|Protect|p2b: Basculegion\n|-singleturn|p2b: Basculegion|Protect\n|move|p1b: Basculegion|Last Respects|p2b: Basculegion\n|-activate|p2b: Basculegion|move: Protect\n|move|p2a: Typhlosion|Heat Wave|p1b: Basculegion\n|-resisted|p1b: Basculegion|1\n|-damage|p1b: Basculegion|73/100\n|\n|upkeep\n|turn|9\n|\n|t:|1788269368\n|move|p2b: Basculegion|Aqua Jet|p1b: Basculegion\n|-resisted|p1b: Basculegion|1\n|-damage|p1b: Basculegion|53/100\n|move|p1b: Basculegion|Last Respects|p2a: Typhlosion\n|-supereffective|p2a: Typhlosion|1\n|-damage|p2a: Typhlosion|0 fnt\n|faint|p2a: Typhlosion\n|\n|upkeep\n|turn|10\n|-message|pa-co-lg-bl forfeited.\n|\n|win|Thornlace48812\n|raw|Thornlace48812's rating: 1062 &rarr; <strong>1093</strong><br />(+31 for winning)\n|raw|pa-co-lg-bl's rating: 1064 &rarr; <strong>1044</strong><br />(-20 for losing)\n","uploadtime":1788269375,"views":"4","formatid":"gen9championsvgc2026regmb","rating":1044,"private":0,"password":null}