{"id":"gen9championsvgc2026regmb-2674725246","format":"[Gen 9 Champions] VGC 2026 Reg M-B","players":["brehio11","ripley98"],"log":"|j|☆brehio11\n|j|☆ripley98\n|html|<table width=\"100%\"><tr><td align=\"left\">brehio11</td><td align=\"right\">ripley98</tr><tr><td align=\"left\"><i class=\"fa fa-circle-o\"></i> <i class=\"fa fa-circle-o\"></i> </td><td align=\"right\"><i class=\"fa fa-circle-o\"></i> <i class=\"fa fa-circle-o\"></i> </tr></table>\n|uhtml|bestof|<h2><strong>Game 1</strong> of <a href=\"/game-bestof3-gen9championsvgc2026regmb-2674725245\">a best-of-3</a></h2>\n|t:|1788396438\n|gametype|doubles\n|player|p1|brehio11|2|\n|player|p2|ripley98|102|\n|gen|9\n|tier|[Gen 9 Champions] VGC 2026 Reg M-B\n|rule|Species Clause: Limit one of each Pokémon\n|rule|Item Clause: Limit 1 of each item\n|raw|<div class=\"infobox\"><details class=\"readmore\" open><summary><strong>1 custom rule:</strong></summary> Best of = 3</details></div>\n|clearpoke\n|poke|p1|Klefki, L50, M|\n|poke|p1|Samurott-Hisui, L50, F, shiny|\n|poke|p1|Aerodactyl, L50, M, shiny|\n|poke|p1|Garchomp, L50, M|\n|poke|p1|Bellibolt, L50, F|\n|poke|p1|Malamar, L50, F|\n|poke|p2|Scovillain, L50, F|\n|poke|p2|Rotom-Wash, L50|\n|poke|p2|Steelix, L50, F, shiny|\n|poke|p2|Tyranitar, L50, F|\n|poke|p2|Houndstone, L50, F|\n|poke|p2|Aromatisse, L50, M|\n|teampreview|4\n|inactive|Battle timer is ON: inactive players will automatically lose when time's up. (requested by brehio11)\n|j| jackofharts9\nbrehio11 rejected open team sheets.\n|j| shinypantss\n|j| rileyjawn baby\n|inactive|brehio11 has 60 seconds left.\n|inactive|ripley98 has 60 seconds left.\n|\n|t:|1788396486\n|teamsize|p1|4\n|teamsize|p2|4\n|start\n|switch|p1a: keys to the test|Klefki, L50, M|100/100\n|switch|p1b: don't flinch :)|Aerodactyl, L50, M, shiny|100/100\n|switch|p2a: Money Laundering|Rotom-Wash, L50|100/100\n|switch|p2b: Whats that smell|Aromatisse, L50, M|100/100\n|-ability|p1b: don't flinch :)|Unnerve\n|turn|1\n|inactive|brehio11 has 30 seconds left.\n|inactive|ripley98 has 30 seconds left.\n|inactive|brehio11 has 20 seconds left.\n|inactive|brehio11 has 15 seconds left.\n|inactive|brehio11 has 10 seconds left.\n|\n|t:|1788396534\n|switch|p1b: i can take it|Bellibolt, L50, F|100/100\n|move|p2b: Whats that smell|Protect|p2b: Whats that smell\n|-singleturn|p2b: Whats that smell|Protect\n|move|p2a: Money Laundering|Light Screen|p2a: Money Laundering\n|-sidestart|p2: ripley98|move: Light Screen\n|move|p1a: keys to the test|Trick Room|p1a: keys to the test\n|-fieldstart|move: Trick Room|[of] p1a: keys to the test\n|\n|upkeep\n|turn|2\n|inactive|brehio11 has 30 seconds left.\n|inactive|ripley98 has 30 seconds left.\n|inactive|brehio11 has 20 seconds left.\n|inactive|ripley98 has 20 seconds left.\n|inactive|ripley98 has 15 seconds left.\n|inactive|ripley98 has 10 seconds left.\n|\n|t:|1788396580\n|switch|p1a: upside down|Malamar, L50, F|100/100\n|move|p2b: Whats that smell|Skill Swap|p1b: i can take it\n|-activate|p2b: Whats that smell|Skill Swap|Electromorphosis|Aroma Veil|[of] p1b: i can take it\n|move|p1b: i can take it|Parabolic Charge|p2a: Money Laundering|[spread] p1a,p2a,p2b\n|-crit|p2a: Money Laundering\n|-damage|p1a: upside down|81/100\n|-damage|p2a: Money Laundering|77/100\n|-damage|p2b: Whats that smell|89/100\n|-start|p2b: Whats that smell|Charge|Parabolic Charge|[from] ability: Electromorphosis\n|move|p2a: Money Laundering|Volt Switch|p1a: upside down\n|-damage|p1a: upside down|52/100\n|\n|t:|1788396593\n|switch|p2a: Better Wall|Steelix, L50, F, shiny|100/100|[from] Volt Switch\n|\n|upkeep\n|turn|3\n|inactive|ripley98 has 30 seconds left.\n|inactive|ripley98 has 20 seconds left.\n|\n|t:|1788396632\n|switch|p2b: Weather boy|Tyranitar, L50, F|100/100\n|-weather|Sandstorm|[from] ability: Sand Stream|[of] p2b: Weather boy\n|switch|p1b: keys to the test|Klefki, L50, M|100/100\n|detailschange|p2a: Better Wall|Steelix-Mega, L50, F, shiny\n|-mega|p2a: Better Wall|Steelix|Steelixite\n|detailschange|p1a: upside down|Malamar-Mega, L50, F\n|-mega|p1a: upside down|Malamar|Malamarite\n|move|p2a: Better Wall|High Horsepower|p1b: keys to the test\n|-supereffective|p1b: keys to the test|1\n|-damage|p1b: keys to the test|0 fnt\n|faint|p1b: keys to the test\n|move|p1a: upside down|Superpower|p2a: Better Wall\n|-supereffective|p2a: Better Wall|1\n|-damage|p2a: Better Wall|71/100\n|-boost|p1a: upside down|atk|1\n|-boost|p1a: upside down|def|1\n|\n|-weather|Sandstorm|[upkeep]\n|-damage|p1a: upside down|46/100|[from] Sandstorm\n|upkeep\n|\n|t:|1788396653\n|switch|p1b: don't flinch :)|Aerodactyl, L50, M, shiny|100/100\n|-ability|p1b: don't flinch :)|Unnerve\n|turn|4\n|inactive|brehio11 has 30 seconds left.\n|\n|t:|1788396686\n|move|p2a: Better Wall|Heavy Slam|p1a: upside down\n|-damage|p1a: upside down|4/100\n|move|p2b: Weather boy|Rock Slide|p1a: upside down|[spread] p1a\n|-miss|p2b: Weather boy|p1b: don't flinch :)\n|-damage|p1a: upside down|0 fnt\n|faint|p1a: upside down\n|move|p1b: don't flinch :)|Dual Wingbeat|p2a: Better Wall\n|-resisted|p2a: Better Wall|1\n|-damage|p2a: Better Wall|66/100\n|-resisted|p2a: Better Wall|1\n|-damage|p2a: Better Wall|62/100\n|-hitcount|p2a: Better Wall|2\n|\n|-weather|Sandstorm|[upkeep]\n|upkeep\n|\n|t:|1788396698\n|switch|p1a: i can take it|Bellibolt, L50, F|100/100\n|turn|5\n|\n|t:|1788396715\n|move|p2a: Better Wall|High Horsepower|p1a: i can take it\n|-supereffective|p1a: i can take it|1\n|-damage|p1a: i can take it|4/100\n|-start|p1a: i can take it|Charge|High Horsepower|[from] ability: Electromorphosis\n|move|p1a: i can take it|Weather Ball|p2b: Weather boy\n|-damage|p2b: Weather boy|90/100\n|move|p2b: Weather boy|Rock Slide|p1a: i can take it|[spread] p1a,p1b\n|-supereffective|p1b: don't flinch :)|1\n|-damage|p1a: i can take it|0 fnt\n|-damage|p1b: don't flinch :)|8/100\n|faint|p1a: i can take it\n|move|p1b: don't flinch :)|Dual Wingbeat|p2b: Weather boy\n|-resisted|p2b: Weather boy|1\n|-damage|p2b: Weather boy|83/100\n|-resisted|p2b: Weather boy|1\n|-damage|p2b: Weather boy|76/100\n|-hitcount|p2b: Weather boy|2\n|\n|-weather|Sandstorm|[upkeep]\n|-sideend|p2: ripley98|move: Light Screen\n|-fieldend|move: Trick Room\n|upkeep\n|turn|6\n|\n|t:|1788396735\n|move|p1b: don't flinch :)|Dual Wingbeat|p2a: Better Wall\n|-resisted|p2a: Better Wall|1\n|-damage|p2a: Better Wall|57/100\n|-resisted|p2a: Better Wall|1\n|-damage|p2a: Better Wall|52/100\n|-hitcount|p2a: Better Wall|2\n|move|p2b: Weather boy|Knock Off|p1b: don't flinch :)\n|-damage|p1b: don't flinch :)|0 fnt\n|-enditem|p1b: don't flinch :)|Focus Sash|[from] move: Knock Off|[of] p2b: Weather boy\n|faint|p1b: don't flinch :)\n|\n|win|ripley98\n||brehio11 is ready for game 2.\n|inactive|ripley98 has 30 seconds to confirm battle start!\n||ripley98 is ready for game 2.\n|uhtml|next|Next: <a href=\"/battle-gen9championsvgc2026regmb-2674727209\"><strong>Game 2 of 3</strong></a>\n","uploadtime":1788396759,"views":"17","formatid":"gen9championsvgc2026regmb","rating":null,"private":0,"password":null}