{"id":"gen9championsvgc2026regmbbo3-2674546165","format":"[Gen 9 Champions] VGC 2026 Reg M-B (Bo3)","players":["bingbongwhoosh","Olciax34"],"log":"|j|☆bingbongwhoosh\n|j|☆Olciax34\n|html|<table width=\"100%\"><tr><td align=\"left\">bingbongwhoosh</td><td align=\"right\">Olciax34</tr><tr><td align=\"left\"><i class=\"fa fa-circle-o\"></i> <i class=\"fa fa-circle-o\"></i> </td><td align=\"right\"><i class=\"fa fa-circle-o\"></i> <i class=\"fa fa-circle\"></i> </tr></table>\n|uhtml|bestof|<h2><strong>Game 2</strong> of <a href=\"/game-bestof3-gen9championsvgc2026regmbbo3-2674543291\">a best-of-3</a></h2>\n|t:|1788372408\n|gametype|doubles\n|player|p1|bingbongwhoosh|169|1233\n|player|p2|Olciax34|clair|1342\n|gen|9\n|tier|[Gen 9 Champions] VGC 2026 Reg M-B (Bo3)\n|rated|\n|rule|Species Clause: Limit one of each Pokémon\n|rule|Item Clause: Limit 1 of each item\n|clearpoke\n|poke|p1|Charizard, L50, M|\n|poke|p1|Venusaur, L50, F|\n|poke|p1|Mamoswine, L50, M|\n|poke|p1|Garchomp, L50, F|\n|poke|p1|Incineroar, L50, M|\n|poke|p1|Toxapex, L50, F|\n|poke|p2|Floette-Eternal, L50, F|\n|poke|p2|Sinistcha, L50|\n|poke|p2|Incineroar, L50, F|\n|poke|p2|Basculegion, L50, M|\n|poke|p2|Sneasler, L50, M|\n|poke|p2|Dragonite, L50, M|\n|teampreview|4\n|showteam|p1|Charizard||CharizarditeY|Blaze|HeatWave,WeatherBall,HelpingHand,Protect|Modest||M|||50|]Venusaur||LifeOrb|Chlorophyll|LeafStorm,SludgeBomb,EarthPower,Protect|Modest||F|||50|]Mamoswine||FocusSash|Oblivious|HighHorsepower,RockTomb,IceShard,Protect|Jolly||M|||50|]Garchomp||ChoiceScarf|RoughSkin|DragonClaw,Earthquake,RockSlide,StompingTantrum|Adamant||F|||50|]Incineroar||SitrusBerry|Intimidate|FlareBlitz,ThroatChop,PartingShot,FakeOut|Impish||M|||50|]Toxapex||Leftovers|Regenerator|Toxic,Infestation,WideGuard,BanefulBunker|Bold||F|||50|\n|showteam|p2|Floette-Eternal||Floettite|FlowerVeil|DazzlingGleam,DrainingKiss,CalmMind,Protect|Modest||F|||50|]Sinistcha||ColburBerry|Hospitality|MatchaGotcha,TrickRoom,RagePowder,Protect|Calm|||||50|]Incineroar||SitrusBerry|Intimidate|FlareBlitz,ThroatChop,PartingShot,FakeOut|Careful||F|||50|]Basculegion||ChoiceScarf|Adaptability|WaveCrash,FlipTurn,AquaJet,LastRespects|Jolly||M|||50|]Sneasler||FocusSash|PoisonTouch|FakeOut,PoisonJab,CloseCombat,Coaching|Jolly||M|||50|]Dragonite||Dragoninite|Multiscale|DragonPulse,HeatWave,ExtremeSpeed,Protect|Modest||M|||50|\n|inactive|Battle timer is ON: inactive players will automatically lose when time's up. (requested by Olciax34)\n|\n|t:|1788372434\n|teamsize|p1|4\n|teamsize|p2|4\n|start\n|switch|p1a: Charizard|Charizard, L50, M|100/100\n|switch|p1b: Venusaur|Venusaur, L50, F|100/100\n|switch|p2a: Basculegion|Basculegion, L50, M|100/100\n|switch|p2b: Sneasler|Sneasler, L50, M|100/100\n|turn|1\n|\n|t:|1788372451\n|switch|p2a: Incineroar|Incineroar, L50, F|100/100\n|-ability|p2a: Incineroar|Intimidate|boost\n|-unboost|p1a: Charizard|atk|1\n|-unboost|p1b: Venusaur|atk|1\n|move|p1b: Venusaur|Protect|p1b: Venusaur\n|-singleturn|p1b: Venusaur|Protect\n|move|p1a: Charizard|Protect|p1a: Charizard\n|-singleturn|p1a: Charizard|Protect\n|move|p2b: Sneasler|Fake Out|p1a: Charizard\n|-activate|p1a: Charizard|move: Protect\n|\n|upkeep\n|turn|2\n|\n|t:|1788372477\n|detailschange|p1a: Charizard|Charizard-Mega-Y, L50, M\n|-mega|p1a: Charizard|Charizard|Charizardite Y\n|-weather|SunnyDay|[from] ability: Drought|[of] p1a: Charizard\n|move|p1a: Charizard|Helping Hand|p1b: Venusaur\n|-singleturn|p1b: Venusaur|Helping Hand|[of] p1a: Charizard\n|move|p2a: Incineroar|Fake Out|p1b: Venusaur\n|-damage|p1b: Venusaur|85/100\n|cant|p1b: Venusaur|flinch\n|move|p2b: Sneasler|Poison Jab|p1b: Venusaur\n|-damage|p1b: Venusaur|26/100\n|\n|-weather|SunnyDay|[upkeep]\n|upkeep\n|turn|3\n|\n|t:|1788372497\n|switch|p2a: Floette|Floette-Eternal, L50, F|100/100\n|move|p1b: Venusaur|Earth Power|p2a: Floette\n|-damage|p2a: Floette|68/100\n|-damage|p1b: Venusaur|17/100|[from] item: Life Orb\n|move|p2b: Sneasler|Poison Jab|p1b: Venusaur\n|-damage|p1b: Venusaur|0 fnt\n|faint|p1b: Venusaur\n|move|p1a: Charizard|Heat Wave|p2a: Floette|[spread] p2a,p2b\n|-damage|p2a: Floette|14/100\n|-damage|p2b: Sneasler|16/100\n|-status|p2a: Floette|brn\n|\n|-weather|SunnyDay|[upkeep]\n|-damage|p2a: Floette|8/100 brn|[from] brn\n|upkeep\n|\n|t:|1788372508\n|switch|p1b: Mamoswine|Mamoswine, L50, M|100/100\n|turn|4\n|\n|t:|1788372518\n|switch|p2b: Incineroar|Incineroar, L50, F|100/100\n|-ability|p2b: Incineroar|Intimidate|boost\n|-unboost|p1a: Charizard|atk|1\n|-fail|p1b: Mamoswine|unboost|atk|[from] ability: Oblivious|[of] p1b: Mamoswine\n|detailschange|p2a: Floette|Floette-Mega, L50, F\n|-mega|p2a: Floette|Floette|Floettite\n|-ability|p2a: Floette|Fairy Aura\n|move|p1b: Mamoswine|Ice Shard|p2b: Incineroar\n|-resisted|p2b: Incineroar|1\n|-damage|p2b: Incineroar|91/100\n|move|p2a: Floette|Dazzling Gleam|p1a: Charizard|[spread] p1a,p1b\n|-resisted|p1a: Charizard|1\n|-damage|p1a: Charizard|81/100\n|-damage|p1b: Mamoswine|34/100\n|move|p1a: Charizard|Heat Wave|p2a: Floette|[spread] p2a,p2b\n|-resisted|p2b: Incineroar|1\n|-damage|p2a: Floette|0 fnt\n|-damage|p2b: Incineroar|68/100\n|faint|p2a: Floette\n|\n|-weather|SunnyDay|[upkeep]\n|upkeep\n|inactive|Olciax34 has 30 seconds left.\n|\n|t:|1788372551\n|switch|p2a: Basculegion|Basculegion, L50, M|100/100\n|turn|5\n|inactive|Olciax34 has 30 seconds left.\n|\n|t:|1788372576\n|switch|p1a: Toxapex|Toxapex, L50, F|100/100\n|move|p1b: Mamoswine|Protect|p1b: Mamoswine\n|-singleturn|p1b: Mamoswine|Protect\n|move|p2b: Incineroar|Fake Out|p1a: Toxapex\n|-damage|p1a: Toxapex|92/100\n|move|p2a: Basculegion|Flip Turn|p1b: Mamoswine\n|-activate|p1b: Mamoswine|move: Protect\n|\n|-weather|SunnyDay|[upkeep]\n|-heal|p1a: Toxapex|98/100|[from] item: Leftovers\n|upkeep\n|turn|6\n|\n|t:|1788372599\n|move|p2a: Basculegion|Flip Turn|p1b: Mamoswine\n|-supereffective|p1b: Mamoswine|1\n|-damage|p1b: Mamoswine|0 fnt\n|faint|p1b: Mamoswine\n|\n|t:|1788372603\n|switch|p2a: Sneasler|Sneasler, L50, M|16/100|[from] Flip Turn\n|move|p2b: Incineroar|Parting Shot|p1a: Toxapex\n|-unboost|p1a: Toxapex|atk|1\n|-unboost|p1a: Toxapex|spa|1\n|\n|t:|1788372608\n|switch|p2b: Basculegion|Basculegion, L50, M|100/100|[from] Parting Shot\n|move|p1a: Toxapex|Infestation|p2b: Basculegion\n|-resisted|p2b: Basculegion|1\n|-damage|p2b: Basculegion|98/100\n|-activate|p2b: Basculegion|move: Infestation|[of] p1a: Toxapex\n|\n|-weather|none\n|-heal|p1a: Toxapex|100/100|[from] item: Leftovers\n|-damage|p2b: Basculegion|86/100|[from] move: Infestation|[partiallytrapped]\n|upkeep\n|\n|t:|1788372611\n|switch|p1b: Charizard|Charizard-Mega-Y, L50, M|81/100\n|-weather|SunnyDay|[from] ability: Drought|[of] p1b: Charizard\n|turn|7\n|\n|t:|1788372622\n|move|p2a: Sneasler|Fake Out|p1a: Toxapex\n|-damage|p1a: Toxapex|89/100\n|move|p2b: Basculegion|Flip Turn|p1b: Charizard\n|-supereffective|p1b: Charizard|1\n|-damage|p1b: Charizard|46/100\n|\n|t:|1788372627\n|switch|p2b: Incineroar|Incineroar, L50, F|68/100|[from] Flip Turn\n|-ability|p2b: Incineroar|Intimidate|boost\n|-unboost|p1a: Toxapex|atk|1\n|-unboost|p1b: Charizard|atk|1\n|move|p1b: Charizard|Heat Wave|p2b: Incineroar|[spread] p2a,p2b\n|-resisted|p2b: Incineroar|1\n|-damage|p2a: Sneasler|0 fnt\n|-damage|p2b: Incineroar|43/100\n|-enditem|p2b: Incineroar|Sitrus Berry|[eat]\n|-heal|p2b: Incineroar|67/100|[from] item: Sitrus Berry\n|faint|p2a: Sneasler\n|cant|p1a: Toxapex|flinch\n|\n|-weather|SunnyDay|[upkeep]\n|-heal|p1a: Toxapex|95/100|[from] item: Leftovers\n|upkeep\n|\n|t:|1788372640\n|switch|p2a: Basculegion|Basculegion, L50, M|86/100\n|turn|8\n|\n|t:|1788372658\n|move|p2b: Incineroar|Fake Out|p1a: Toxapex\n|-damage|p1a: Toxapex|88/100\n|move|p2a: Basculegion|Last Respects|p1b: Charizard\n|-damage|p1b: Charizard|0 fnt\n|faint|p1b: Charizard\n|cant|p1a: Toxapex|flinch\n|\n|-weather|SunnyDay|[upkeep]\n|-heal|p1a: Toxapex|94/100|[from] item: Leftovers\n|upkeep\n|turn|9\n|-message|bingbongwhoosh forfeited.\n|raw|bingbongwhoosh's rating: 1233 &rarr; <strong>1216</strong><br />(-17 for losing)\n|raw|Olciax34's rating: 1342 &rarr; <strong>1356</strong><br />(+14 for winning)\n|\n|win|Olciax34\n","uploadtime":1788372664,"views":"0","formatid":"gen9championsvgc2026regmbbo3","rating":1216,"private":0,"password":null}