{"id":"gen9championsvgc2026regmb-2673986279","format":"[Gen 9 Champions] VGC 2026 Reg M-B","players":["conngfan","erikafan3"],"log":"|j|☆conngfan\n|j|☆erikafan3\n|t:|1788285072\n|gametype|doubles\n|player|p1|conngfan|arven-s|1454\n|player|p2|erikafan3|erika|1426\n|gen|9\n|tier|[Gen 9 Champions] VGC 2026 Reg M-B\n|rated|\n|rule|Species Clause: Limit one of each Pokémon\n|rule|Item Clause: Limit 1 of each item\n|clearpoke\n|poke|p1|Aerodactyl, L50, M|\n|poke|p1|Raichu, L50, F|\n|poke|p1|Sneasler, L50, M|\n|poke|p1|Sylveon, L50, M|\n|poke|p1|Kingambit, L50, M|\n|poke|p1|Tsareena, L50, F|\n|poke|p2|Farigiraf, L50, F|\n|poke|p2|Incineroar, L50, M|\n|poke|p2|Camerupt, L50, M|\n|poke|p2|Vaporeon, L50, M|\n|poke|p2|Aerodactyl, L50, M|\n|poke|p2|Charizard, L50, F|\n|teampreview|4\n|inactive|Battle timer is ON: inactive players will automatically lose when time's up. (requested by conngfan)\n|inactive|erikafan3 has 60 seconds left.\n|inactive|erikafan3 has 30 seconds left.\n|inactive|erikafan3 has 20 seconds left.\n|\n|t:|1788285144\n|teamsize|p1|4\n|teamsize|p2|4\n|start\n|switch|p1a: Kingambit|Kingambit, L50, M|100/100\n|switch|p1b: Raichu|Raichu, L50, F|100/100\n|switch|p2a: Aerodactyl|Aerodactyl, L50, M|100/100\n|switch|p2b: Charizard|Charizard, L50, F|100/100\n|-ability|p2a: Aerodactyl|Unnerve\n|turn|1\n|inactive|erikafan3 has 30 seconds left.\n|inactive|erikafan3 has 20 seconds left.\n|inactive|erikafan3 has 15 seconds left.\n|inactive|conngfan has 30 seconds left.\n|inactive|erikafan3 has 10 seconds left.\n|\n|t:|1788285193\n|switch|p2b: Tate|Farigiraf, L50, F|100/100\n|detailschange|p2a: Aerodactyl|Aerodactyl-Mega, L50, M\n|-mega|p2a: Aerodactyl|Aerodactyl|Aerodactylite\n|detailschange|p1b: Raichu|Raichu-Mega-Y, L50, F\n|-mega|p1b: Raichu|Raichu|Raichunite Y\n|move|p1a: Kingambit|Sucker Punch||[still]\n|cant|p2b: Tate|ability: Armor Tail|Sucker Punch|[of] p1a: Kingambit\n|move|p2a: Aerodactyl|Tailwind|p2a: Aerodactyl\n|-sidestart|p2: erikafan3|move: Tailwind\n|move|p1b: Raichu|Zap Cannon|p2b: Tate\n|-damage|p2b: Tate|33/100\n|-status|p2b: Tate|par\n|\n|upkeep\n|turn|2\n|inactive|erikafan3 has 30 seconds left.\n|\n|t:|1788285225\n|move|p2a: Aerodactyl|Sunny Day|p2a: Aerodactyl\n|-weather|SunnyDay\n|move|p1b: Raichu|Zap Cannon|p2b: Tate\n|-damage|p2b: Tate|0 fnt\n|faint|p2b: Tate\n|move|p1a: Kingambit|Swords Dance|p1a: Kingambit\n|-boost|p1a: Kingambit|atk|2\n|\n|-weather|SunnyDay|[upkeep]\n|upkeep\n|inactive|erikafan3 has 30 seconds left.\n|\n|t:|1788285252\n|switch|p2b: Leon|Incineroar, L50, M|100/100\n|-ability|p2b: Leon|Intimidate|boost\n|-unboost|p1a: Kingambit|atk|1\n|-ability|p1a: Kingambit|Defiant|boost\n|-boost|p1a: Kingambit|atk|2\n|-unboost|p1b: Raichu|atk|1\n|turn|3\n|inactive|erikafan3 has 30 seconds left.\n|\n|t:|1788285279\n|switch|p1b: Aerodactyl|Aerodactyl, L50, M|100/100\n|-ability|p1b: Aerodactyl|Unnerve\n|move|p1a: Kingambit|Protect|p1a: Kingambit\n|-singleturn|p1a: Kingambit|Protect\n|move|p2a: Aerodactyl|Sunny Day||[still]\n|-fail|p2a: Aerodactyl\n|move|p2b: Leon|Flare Blitz|p1a: Kingambit\n|-activate|p1a: Kingambit|move: Protect\n|\n|-weather|SunnyDay|[upkeep]\n|upkeep\n|turn|4\n|\n|t:|1788285293\n|move|p1a: Kingambit|Sucker Punch|p2b: Leon\n|-resisted|p2b: Leon|1\n|-damage|p2b: Leon|39/100\n|-damage|p1a: Kingambit|90/100|[from] item: Life Orb\n|move|p2a: Aerodactyl|Rock Slide|p1b: Aerodactyl|[spread] p1a,p1b\n|-resisted|p1a: Kingambit|1\n|-supereffective|p1b: Aerodactyl|1\n|-damage|p1a: Kingambit|80/100\n|-damage|p1b: Aerodactyl|12/100\n|move|p1b: Aerodactyl|Rock Slide|p2a: Aerodactyl|[spread] p2a,p2b\n|-supereffective|p2a: Aerodactyl|1\n|-supereffective|p2b: Leon|1\n|-damage|p2a: Aerodactyl|51/100\n|-damage|p2b: Leon|0 fnt\n|faint|p2b: Leon\n|\n|-weather|SunnyDay|[upkeep]\n|-sideend|p2: erikafan3|move: Tailwind\n|upkeep\n|\n|t:|1788285306\n|switch|p2b: Charizard|Charizard, L50, F|100/100\n|turn|5\n|\n|t:|1788285322\n|move|p1a: Kingambit|Sucker Punch|p2b: Charizard\n|-damage|p2b: Charizard|0 fnt\n|faint|p2b: Charizard\n|-damage|p1a: Kingambit|70/100|[from] item: Life Orb\n|move|p1b: Aerodactyl|Tailwind|p1b: Aerodactyl\n|-sidestart|p1: conngfan|move: Tailwind\n|move|p2a: Aerodactyl|Rock Slide|p1a: Kingambit|[spread] p1a,p1b\n|-resisted|p1a: Kingambit|1\n|-supereffective|p1b: Aerodactyl|1\n|-damage|p1a: Kingambit|60/100\n|-damage|p1b: Aerodactyl|0 fnt\n|faint|p1b: Aerodactyl\n|\n|-weather|SunnyDay|[upkeep]\n|upkeep\n|-message|erikafan3 forfeited.\n|\n|win|conngfan\n|raw|conngfan's rating: 1454 &rarr; <strong>1472</strong><br />(+18 for winning)\n|raw|erikafan3's rating: 1426 &rarr; <strong>1408</strong><br />(-18 for losing)\n","uploadtime":1788285325,"views":"0","formatid":"gen9championsvgc2026regmb","rating":1408,"private":0,"password":null}