{"id":"gen9championsvgc2026regmb-2674125288","format":"[Gen 9 Champions] VGC 2026 Reg M-B","players":["disciple of blahaj","RingGeneral.Gible"],"log":"|j|☆disciple of blahaj\n|j|☆RingGeneral.Gible\n|t:|1788302798\n|gametype|doubles\n|player|p1|disciple of blahaj|iris|1179\n|player|p2|RingGeneral.Gible|cynthia|1120\n|gen|9\n|tier|[Gen 9 Champions] VGC 2026 Reg M-B\n|rated|\n|rule|Species Clause: Limit one of each Pokémon\n|rule|Item Clause: Limit 1 of each item\n|clearpoke\n|poke|p1|Gengar, L50, F, shiny|\n|poke|p1|Grimmsnarl, L50, M|\n|poke|p1|Incineroar, L50, M|\n|poke|p1|Charizard, L50, M|\n|poke|p1|Pelipper, L50, F|\n|poke|p1|Primarina, L50, M|\n|poke|p2|Garchomp, L50, M, shiny|\n|poke|p2|Archaludon, L50, F|\n|poke|p2|Dragapult, L50, F|\n|poke|p2|Dragonite, L50, F, shiny|\n|poke|p2|Hydreigon, L50, M|\n|poke|p2|Goodra-Hisui, L50, F|\n|teampreview|4\n|inactive|Battle timer is ON: inactive players will automatically lose when time's up. (requested by disciple of blahaj)\n|\n|t:|1788302831\n|teamsize|p1|4\n|teamsize|p2|4\n|start\n|switch|p1a: Gengar|Gengar, L50, F, shiny|100/100\n|switch|p1b: Grimmsnarl|Grimmsnarl, L50, M|100/100\n|switch|p2a: Joanne Bridge|Archaludon, L50, F|100/100\n|switch|p2b: Temu Dialga|Goodra-Hisui, L50, F|100/100\n|turn|1\n|inactive|RingGeneral.Gible has 30 seconds left.\n|\n|t:|1788302860\n|detailschange|p1a: Gengar|Gengar-Mega, L50, F, shiny\n|-mega|p1a: Gengar|Gengar|Gengarite\n|move|p1b: Grimmsnarl|Fake Out|p2a: Joanne Bridge\n|-resisted|p2a: Joanne Bridge|1\n|-damage|p2a: Joanne Bridge|95/100\n|-ability|p2a: Joanne Bridge|Stamina|boost\n|-boost|p2a: Joanne Bridge|def|1\n|move|p1a: Gengar|Perish Song|p1a: Gengar\n|-start|p1a: Gengar|perish3|[silent]\n|-start|p1b: Grimmsnarl|perish3|[silent]\n|-start|p2a: Joanne Bridge|perish3|[silent]\n|-start|p2b: Temu Dialga|perish3|[silent]\n|-fieldactivate|move: Perish Song\n|cant|p2a: Joanne Bridge|flinch\n|move|p2b: Temu Dialga|Sludge Bomb|p1b: Grimmsnarl\n|-supereffective|p1b: Grimmsnarl|1\n|-enditem|p1b: Grimmsnarl|Kebia Berry|[eat]\n|-enditem|p1b: Grimmsnarl|Kebia Berry|[weaken]\n|-damage|p1b: Grimmsnarl|78/100\n|-status|p1b: Grimmsnarl|psn\n|\n|-heal|p2a: Joanne Bridge|100/100|[from] item: Leftovers\n|-damage|p1b: Grimmsnarl|65/100 psn|[from] psn\n|-start|p1a: Gengar|perish3\n|-start|p2a: Joanne Bridge|perish3\n|-start|p2b: Temu Dialga|perish3\n|-start|p1b: Grimmsnarl|perish3\n|upkeep\n|turn|2\n|inactive|disciple of blahaj has 30 seconds left.\n|inactive|RingGeneral.Gible has 30 seconds left.\n|inactive|RingGeneral.Gible has 20 seconds left.\n|inactive|RingGeneral.Gible has 15 seconds left.\n|inactive|RingGeneral.Gible has 10 seconds left.\n|\n|t:|1788302909\n|move|p1a: Gengar|Protect|p1a: Gengar\n|-singleturn|p1a: Gengar|Protect\n|move|p1b: Grimmsnarl|Parting Shot|p2a: Joanne Bridge\n|-unboost|p2a: Joanne Bridge|atk|1\n|-unboost|p2a: Joanne Bridge|spa|1\n|\n|t:|1788302915\n|switch|p1b: Incineroar|Incineroar, L50, M|100/100|[from] Parting Shot\n|-ability|p1b: Incineroar|Intimidate|boost\n|-unboost|p2a: Joanne Bridge|atk|1\n|-unboost|p2b: Temu Dialga|atk|1\n|move|p2a: Joanne Bridge|Flash Cannon|p1b: Incineroar\n|-resisted|p1b: Incineroar|1\n|-damage|p1b: Incineroar|91/100\n|move|p2b: Temu Dialga|Sludge Bomb|p1b: Incineroar\n|-damage|p1b: Incineroar|71/100\n|\n|-start|p1a: Gengar|perish2\n|-start|p2a: Joanne Bridge|perish2\n|-start|p2b: Temu Dialga|perish2\n|upkeep\n|turn|3\n|inactive|RingGeneral.Gible has 30 seconds left.\n|\n|t:|1788302941\n|move|p1b: Incineroar|Fake Out|p2b: Temu Dialga\n|-resisted|p2b: Temu Dialga|1\n|-damage|p2b: Temu Dialga|96/100\n|move|p1a: Gengar|Shadow Ball|p2a: Joanne Bridge\n|-damage|p2a: Joanne Bridge|64/100\n|-ability|p2a: Joanne Bridge|Stamina|boost\n|-boost|p2a: Joanne Bridge|def|1\n|move|p2a: Joanne Bridge|Electro Shot||[still]\n|-prepare|p2a: Joanne Bridge|Electro Shot\n|-boost|p2a: Joanne Bridge|spa|1\n|cant|p2b: Temu Dialga|flinch\n|\n|-heal|p2a: Joanne Bridge|71/100|[from] item: Leftovers\n|-start|p1a: Gengar|perish1\n|-start|p2a: Joanne Bridge|perish1\n|-start|p2b: Temu Dialga|perish1\n|upkeep\n|turn|4\n|inactive|RingGeneral.Gible has 30 seconds left.\n|inactive|RingGeneral.Gible has 20 seconds left.\n|\n|t:|1788302981\n|switch|p1a: Grimmsnarl|Grimmsnarl, L50, M|65/100 psn\n|move|p2a: Joanne Bridge|Electro Shot|p1b: Incineroar|[from] lockedmove\n|-damage|p1b: Incineroar|44/100\n|-enditem|p1b: Incineroar|Sitrus Berry|[eat]\n|-heal|p1b: Incineroar|68/100|[from] item: Sitrus Berry\n|move|p2b: Temu Dialga|Chilling Water|p1b: Incineroar\n|-supereffective|p1b: Incineroar|1\n|-damage|p1b: Incineroar|46/100\n|-unboost|p1b: Incineroar|atk|1\n|move|p1b: Incineroar|Parting Shot|p2b: Temu Dialga\n|-unboost|p2b: Temu Dialga|atk|1\n|-unboost|p2b: Temu Dialga|spa|1\n|\n|t:|1788302996\n|switch|p1b: Gengar|Gengar-Mega, L50, F, shiny|100/100|[from] Parting Shot\n|\n|-heal|p2a: Joanne Bridge|77/100|[from] item: Leftovers\n|-damage|p1a: Grimmsnarl|53/100 psn|[from] psn\n|-start|p2a: Joanne Bridge|perish0\n|-start|p2b: Temu Dialga|perish0\n|upkeep\n|faint|p2a: Joanne Bridge\n|faint|p2b: Temu Dialga\n|\n|t:|1788303005\n|switch|p2a: John Shark|Garchomp, L50, M, shiny|100/100\n|switch|p2b: The Bilzongus|Dragapult, L50, F|100/100\n|turn|5\n|\n|t:|1788303018\n|move|p1a: Grimmsnarl|Fake Out|p2a: John Shark\n|-damage|p2a: John Shark|89/100\n|-damage|p1a: Grimmsnarl|41/100 psn|[from] ability: Rough Skin|[of] p2a: John Shark\n|move|p2b: The Bilzongus|Shadow Ball|p1b: Gengar\n|-supereffective|p1b: Gengar|1\n|-damage|p1b: Gengar|28/100\n|-unboost|p1b: Gengar|spd|1\n|cant|p2a: John Shark|flinch\n|move|p1b: Gengar|Perish Song|p1b: Gengar\n|-start|p1a: Grimmsnarl|perish3|[silent]\n|-start|p1b: Gengar|perish3|[silent]\n|-start|p2a: John Shark|perish3|[silent]\n|-start|p2b: The Bilzongus|perish3|[silent]\n|-fieldactivate|move: Perish Song\n|\n|-damage|p1a: Grimmsnarl|28/100 psn|[from] psn\n|-start|p2b: The Bilzongus|perish3\n|-start|p2a: John Shark|perish3\n|-start|p1b: Gengar|perish3\n|-start|p1a: Grimmsnarl|perish3\n|upkeep\n|turn|6\n|inactive|RingGeneral.Gible has 30 seconds left.\n|inactive|RingGeneral.Gible has 20 seconds left.\n|inactive|RingGeneral.Gible has 15 seconds left.\n|\n|t:|1788303058\n|move|p1b: Gengar|Protect|p1b: Gengar\n|-singleturn|p1b: Gengar|Protect\n|move|p1a: Grimmsnarl|Parting Shot|p2a: John Shark\n|-unboost|p2a: John Shark|atk|1\n|-unboost|p2a: John Shark|spa|1\n|\n|t:|1788303064\n|switch|p1a: Incineroar|Incineroar, L50, M|46/100|[from] Parting Shot\n|-ability|p1a: Incineroar|Intimidate|boost\n|-unboost|p2a: John Shark|atk|1\n|-fail|p2b: The Bilzongus|unboost|[from] ability: Clear Body|[of] p2b: The Bilzongus\n|move|p2b: The Bilzongus|Draco Meteor|p1a: Incineroar\n|-damage|p1a: Incineroar|0 fnt\n|-unboost|p2b: The Bilzongus|spa|2\n|faint|p1a: Incineroar\n|move|p2a: John Shark|Iron Head|p1b: Gengar\n|-activate|p1b: Gengar|move: Protect\n|\n|-start|p2b: The Bilzongus|perish2\n|-start|p2a: John Shark|perish2\n|-start|p1b: Gengar|perish2\n|upkeep\n|\n|t:|1788303081\n|switch|p1a: Grimmsnarl|Grimmsnarl, L50, M|28/100 psn\n|turn|7\n|\n|t:|1788303092\n|move|p1a: Grimmsnarl|Fake Out|p2a: John Shark\n|-damage|p2a: John Shark|78/100\n|-damage|p1a: Grimmsnarl|16/100 psn|[from] ability: Rough Skin|[of] p2a: John Shark\n|move|p2b: The Bilzongus|Shadow Ball|p1b: Gengar\n|-supereffective|p1b: Gengar|1\n|-damage|p1b: Gengar|0 fnt\n|faint|p1b: Gengar\n|cant|p2a: John Shark|flinch\n|\n|-damage|p1a: Grimmsnarl|3/100 psn|[from] psn\n|-start|p2b: The Bilzongus|perish1\n|-start|p2a: John Shark|perish1\n|upkeep\n|\n|t:|1788303099\n|switch|p1b: Primarina|Primarina, L50, M|100/100\n|turn|8\n|\n|t:|1788303117\n|move|p1b: Primarina|Protect|p1b: Primarina\n|-singleturn|p1b: Primarina|Protect\n|move|p2b: The Bilzongus|Surf|p1a: Grimmsnarl|[spread] p2a,p1a\n|-activate|p1b: Primarina|move: Protect\n|-damage|p2a: John Shark|65/100\n|-damage|p1a: Grimmsnarl|0 fnt\n|faint|p1a: Grimmsnarl\n|move|p2a: John Shark|Iron Head|p1b: Primarina\n|-activate|p1b: Primarina|move: Protect\n|\n|-start|p2b: The Bilzongus|perish0\n|-start|p2a: John Shark|perish0\n|faint|p2b: The Bilzongus\n|faint|p2a: John Shark\n|\n|win|disciple of blahaj\n|raw|disciple of blahaj's rating: 1179 &rarr; <strong>1200</strong><br />(+21 for winning)\n|raw|RingGeneral.Gible's rating: 1120 &rarr; <strong>1099</strong><br />(-21 for losing)\n|l|☆RingGeneral.Gible\n|player|p2|\n","uploadtime":1788303142,"views":"0","formatid":"gen9championsvgc2026regmb","rating":1099,"private":0,"password":null}