{"id":"gen9championsvgc2026regmb-2673879364","format":"[Gen 9 Champions] VGC 2026 Reg M-B","players":["Thornlace48812","Adamfart4"],"log":"|j|☆Thornlace48812\n|j|☆Adamfart4\n|t:|1788272243\n|gametype|doubles\n|player|p1|Thornlace48812|102|1032\n|player|p2|Adamfart4|red|1079\n|gen|9\n|tier|[Gen 9 Champions] VGC 2026 Reg M-B\n|rated|\n|rule|Species Clause: Limit one of each Pokémon\n|rule|Item Clause: Limit 1 of each item\n|clearpoke\n|poke|p1|Garchomp, L50, M|\n|poke|p1|Charizard, L50, F|\n|poke|p1|Whimsicott, L50, F|\n|poke|p1|Sylveon, L50, F|\n|poke|p1|Kingambit, L50, F|\n|poke|p1|Basculegion, L50, M|\n|poke|p2|Blastoise, L50, F|\n|poke|p2|Delphox, L50, M|\n|poke|p2|Sneasler, L50, F|\n|poke|p2|Incineroar, L50, F|\n|poke|p2|Sinistcha, L50|\n|poke|p2|Kingambit, L50, M|\n|teampreview|4\n|inactive|Battle timer is ON: inactive players will automatically lose when time's up. (requested by Adamfart4)\n|inactive|Thornlace48812 also wants the timer to be on.\nThornlace48812 rejected open team sheets.\n|\n|t:|1788272258\n|teamsize|p1|4\n|teamsize|p2|4\n|start\n|switch|p1a: Sylveon|Sylveon, L50, F|100/100\n|switch|p1b: Whimsicott|Whimsicott, L50, F|100/100\n|switch|p2a: Sneasler|Sneasler, L50, F|100/100\n|switch|p2b: Delphox|Delphox, L50, M|100/100\n|turn|1\n|\n|t:|1788272283\n|detailschange|p2b: Delphox|Delphox-Mega, L50, M\n|-mega|p2b: Delphox|Delphox|Delphoxite\n|move|p1b: Whimsicott|Protect|p1b: Whimsicott\n|-singleturn|p1b: Whimsicott|Protect\n|move|p1a: Sylveon|Detect|p1a: Sylveon\n|-singleturn|p1a: Sylveon|Protect\n|move|p2b: Delphox|Nasty Plot|p2b: Delphox\n|-boost|p2b: Delphox|spa|2\n|move|p2a: Sneasler|Close Combat|p1a: Sylveon\n|-activate|p1a: Sylveon|move: Protect\n|\n|upkeep\n|turn|2\n|\n|t:|1788272302\n|move|p1b: Whimsicott|Tailwind|p1b: Whimsicott\n|-sidestart|p1: Thornlace48812|move: Tailwind\n|move|p2b: Delphox|Heat Wave|p1a: Sylveon|[spread] p1b\n|-miss|p2b: Delphox|p1a: Sylveon\n|-supereffective|p1b: Whimsicott|1\n|-enditem|p1b: Whimsicott|Focus Sash\n|-damage|p1b: Whimsicott|1/100\n|move|p1a: Sylveon|Hyper Voice|p2b: Delphox|[spread] p2a,p2b\n|-resisted|p2b: Delphox|1\n|-damage|p2a: Sneasler|33/100\n|-damage|p2b: Delphox|77/100\n|move|p2a: Sneasler|Poison Jab|p1b: Whimsicott\n|-supereffective|p1b: Whimsicott|2\n|-damage|p1b: Whimsicott|0 fnt\n|faint|p1b: Whimsicott\n|\n|upkeep\n|\n|t:|1788272302\n|switch|p1b: Charizard|Charizard, L50, F|100/100\n|turn|3\n|\n|t:|1788272316\n|switch|p2a: Incineroar|Incineroar, L50, F|100/100\n|-ability|p2a: Incineroar|Intimidate|boost\n|-unboost|p1a: Sylveon|atk|1\n|-unboost|p1b: Charizard|atk|1\n|detailschange|p1b: Charizard|Charizard-Mega-Y, L50, F\n|-mega|p1b: Charizard|Charizard|Charizardite Y\n|-weather|SunnyDay|[from] ability: Drought|[of] p1b: Charizard\n|move|p1b: Charizard|Heat Wave|p2b: Delphox|[spread] p2a,p2b\n|-resisted|p2a: Incineroar|1\n|-resisted|p2b: Delphox|1\n|-damage|p2a: Incineroar|70/100\n|-damage|p2b: Delphox|46/100\n|move|p2b: Delphox|Heat Wave|p1b: Charizard|[spread] p1b\n|-miss|p2b: Delphox|p1a: Sylveon\n|-resisted|p1b: Charizard|1\n|-damage|p1b: Charizard|46/100\n|move|p1a: Sylveon|Hyper Voice|p2b: Delphox|[spread] p2a,p2b\n|-resisted|p2b: Delphox|1\n|-damage|p2a: Incineroar|23/100\n|-damage|p2b: Delphox|24/100\n|-enditem|p2a: Incineroar|Sitrus Berry|[eat]\n|-heal|p2a: Incineroar|48/100|[from] item: Sitrus Berry\n|\n|-weather|SunnyDay|[upkeep]\n|upkeep\n|turn|4\n|\n|t:|1788272336\n|move|p2a: Incineroar|Fake Out|p1b: Charizard\n|-damage|p1b: Charizard|33/100\n|cant|p1b: Charizard|flinch\n|move|p2b: Delphox|Psychic|p1a: Sylveon\n|-damage|p1a: Sylveon|34/100\n|move|p1a: Sylveon|Hyper Voice|p2b: Delphox|[spread] p2a,p2b\n|-crit|p2a: Incineroar\n|-resisted|p2b: Delphox|1\n|-damage|p2a: Incineroar|0 fnt\n|-damage|p2b: Delphox|3/100\n|faint|p2a: Incineroar\n|\n|-weather|SunnyDay|[upkeep]\n|upkeep\n|\n|t:|1788272343\n|switch|p2a: Sinistcha|Sinistcha, L50|100/100\n|-heal|p2b: Delphox|28/100|[from] ability: Hospitality|[of] p2a: Sinistcha\n|turn|5\n|\n|t:|1788272347\n|move|p2b: Delphox|Protect|p2b: Delphox\n|-singleturn|p2b: Delphox|Protect\n|move|p2a: Sinistcha|Protect|p2a: Sinistcha\n|-singleturn|p2a: Sinistcha|Protect\n|move|p1b: Charizard|Heat Wave|p2a: Sinistcha|[spread] \n|-activate|p2a: Sinistcha|move: Protect\n|-activate|p2b: Delphox|move: Protect\n|move|p1a: Sylveon|Hyper Voice|p2a: Sinistcha|[spread] \n|-activate|p2a: Sinistcha|move: Protect\n|-activate|p2b: Delphox|move: Protect\n|\n|-weather|SunnyDay|[upkeep]\n|-sideend|p1: Thornlace48812|move: Tailwind\n|upkeep\n|turn|6\n|\n|t:|1788272358\n|switch|p2a: Sneasler|Sneasler, L50, F|33/100\n|move|p2b: Delphox|Heat Wave|p1b: Charizard|[spread] p1a\n|-miss|p2b: Delphox|p1b: Charizard\n|-damage|p1a: Sylveon|0 fnt\n|faint|p1a: Sylveon\n|move|p1b: Charizard|Heat Wave|p2a: Sneasler|[spread] p2a,p2b\n|-resisted|p2b: Delphox|1\n|-damage|p2a: Sneasler|0 fnt\n|-damage|p2b: Delphox|1/100\n|faint|p2a: Sneasler\n|\n|-weather|SunnyDay|[upkeep]\n|upkeep\n|\n|t:|1788272366\n|switch|p2a: Sinistcha|Sinistcha, L50|100/100\n|switch|p1a: Basculegion|Basculegion, L50, M|100/100\n|-heal|p2b: Delphox|25/100|[from] ability: Hospitality|[of] p2a: Sinistcha\n|turn|7\n|\n|t:|1788272369\n|move|p2a: Sinistcha|Rage Powder|p2a: Sinistcha\n|-singleturn|p2a: Sinistcha|move: Rage Powder\n|move|p2b: Delphox|Heat Wave|p1a: Basculegion|[spread] p1a,p1b\n|-resisted|p1a: Basculegion|1\n|-resisted|p1b: Charizard|1\n|-damage|p1a: Basculegion|35/100\n|-damage|p1b: Charizard|0 fnt\n|-status|p1a: Basculegion|brn\n|faint|p1b: Charizard\n|move|p1a: Basculegion|Last Respects|p2a: Sinistcha\n|-supereffective|p2a: Sinistcha|1\n|-damage|p2a: Sinistcha|0 fnt\n|faint|p2a: Sinistcha\n|\n|-weather|none\n|-damage|p1a: Basculegion|29/100 brn|[from] brn\n|upkeep\n|turn|8\n|\n|t:|1788272379\n|move|p2b: Delphox|Protect|p2b: Delphox\n|-singleturn|p2b: Delphox|Protect\n|move|p1a: Basculegion|Wave Crash|p2b: Delphox\n|-activate|p2b: Delphox|move: Protect\n|\n|-damage|p1a: Basculegion|23/100 brn|[from] brn\n|upkeep\n|turn|9\n|\n|t:|1788272386\n|move|p1a: Basculegion|Aqua Jet|p2b: Delphox\n|-supereffective|p2b: Delphox|1\n|-damage|p2b: Delphox|0 fnt\n|faint|p2b: Delphox\n|\n|win|Thornlace48812\n|raw|Thornlace48812's rating: 1028 &rarr; <strong>1069</strong><br />(+41 for winning)\n|raw|Adamfart4's rating: 1079 &rarr; <strong>1054</strong><br />(-25 for losing)\n","uploadtime":1788272387,"views":"0","formatid":"gen9championsvgc2026regmb","rating":1054,"private":0,"password":null}