{"id":"gen9championsvgc2026regmb-2674912590","format":"[Gen 9 Champions] VGC 2026 Reg M-B","players":["TESTDIGI","VictoriousDancing"],"log":"|j|☆TESTDIGI\n|j|☆VictoriousDancing\n|t:|1788434716\n|gametype|doubles\n|player|p1|TESTDIGI|169|1321\n|player|p2|VictoriousDancing|cynthia|1420\n|gen|9\n|tier|[Gen 9 Champions] VGC 2026 Reg M-B\n|rated|\n|rule|Species Clause: Limit one of each Pokémon\n|rule|Item Clause: Limit 1 of each item\n|clearpoke\n|poke|p1|Gholdengo, L50|\n|poke|p1|Staraptor, L50, M, shiny|\n|poke|p1|Tyranitar, L50, F|\n|poke|p1|Farigiraf, L50, F|\n|poke|p1|Whimsicott, L50, F, shiny|\n|poke|p1|Excadrill, L50, M|\n|poke|p2|Charizard, L50, M, shiny|\n|poke|p2|Basculegion, L50, M, shiny|\n|poke|p2|Whimsicott, L50, M, shiny|\n|poke|p2|Garchomp, L50, M, shiny|\n|poke|p2|Kingambit, L50, F, shiny|\n|poke|p2|Floette-Eternal, L50, F|\n|teampreview|4\n|inactive|Battle timer is ON: inactive players will automatically lose when time's up. (requested by VictoriousDancing)\nVictoriousDancing rejected open team sheets.\n|\n|t:|1788434746\n|teamsize|p1|4\n|teamsize|p2|4\n|start\n|switch|p1a: Gholdengo|Gholdengo, L50|100/100\n|switch|p1b: Staraptor|Staraptor, L50, M, shiny|100/100\n|switch|p2a: Whimsicott|Whimsicott, L50, M, shiny|100/100\n|switch|p2b: Garchomp|Garchomp, L50, M, shiny|100/100\n|-ability|p1b: Staraptor|Intimidate|boost\n|-unboost|p2a: Whimsicott|atk|1\n|-unboost|p2b: Garchomp|atk|1\n|turn|1\n|\n|t:|1788434770\n|detailschange|p1b: Staraptor|Staraptor-Mega, L50, M, shiny\n|-mega|p1b: Staraptor|Staraptor|Staraptite\n|move|p2a: Whimsicott|Tailwind|p2a: Whimsicott\n|-sidestart|p2: VictoriousDancing|move: Tailwind\n|move|p2b: Garchomp|Earthquake|p1b: Staraptor|[spread] p2a,p1a\n|-immune|p1b: Staraptor\n|-resisted|p2a: Whimsicott|1\n|-supereffective|p1a: Gholdengo|1\n|-damage|p2a: Whimsicott|79/100\n|-damage|p1a: Gholdengo|46/100\n|move|p1b: Staraptor|Close Combat|p2a: Whimsicott\n|-resisted|p2a: Whimsicott|1\n|-damage|p2a: Whimsicott|37/100\n|-boost|p1b: Staraptor|def|1\n|-boost|p1b: Staraptor|spd|1\n|move|p1a: Gholdengo|Make It Rain|p2a: Whimsicott|[spread] p2a,p2b\n|-supereffective|p2a: Whimsicott|1\n|-damage|p2a: Whimsicott|0 fnt\n|-damage|p2b: Garchomp|38/100\n|-unboost|p1a: Gholdengo|spa|2\n|faint|p2a: Whimsicott\n|-damage|p1a: Gholdengo|37/100|[from] item: Life Orb\n|\n|upkeep\n|\n|t:|1788434770\n|switch|p2a: Basculegion|Basculegion, L50, M, shiny|100/100\n|turn|2\n|inactive|TESTDIGI has 30 seconds left.\n|inactive|TESTDIGI has 20 seconds left.\n|\n|t:|1788434808\n|switch|p1a: Farigiraf|Farigiraf, L50, F|100/100\n|move|p2a: Basculegion|Wave Crash|p1b: Staraptor\n|-damage|p1b: Staraptor|48/100\n|-damage|p2a: Basculegion|83/100|[from] Recoil\n|move|p2b: Garchomp|Dragon Claw|p1b: Staraptor\n|-damage|p1b: Staraptor|30/100\n|move|p1b: Staraptor|Close Combat|p2b: Garchomp\n|-damage|p2b: Garchomp|0 fnt\n|-boost|p1b: Staraptor|def|1\n|-boost|p1b: Staraptor|spd|1\n|-damage|p1b: Staraptor|18/100|[from] ability: Rough Skin|[of] p2b: Garchomp\n|faint|p2b: Garchomp\n|\n|upkeep\n|\n|t:|1788434808\n|switch|p2b: Floette|Floette-Eternal, L50, F|100/100\n|turn|3\n|\n|t:|1788434827\n|detailschange|p2b: Floette|Floette-Mega, L50, F\n|-mega|p2b: Floette|Floette|Floettite\n|-ability|p2b: Floette|Fairy Aura\n|move|p2a: Basculegion|Wave Crash|p1a: Farigiraf\n|-damage|p1a: Farigiraf|29/100\n|-enditem|p1a: Farigiraf|Sitrus Berry|[eat]\n|-heal|p1a: Farigiraf|54/100|[from] item: Sitrus Berry\n|-damage|p2a: Basculegion|57/100|[from] Recoil\n|move|p2b: Floette|Moonblast|p1a: Farigiraf\n|-damage|p1a: Farigiraf|0 fnt\n|faint|p1a: Farigiraf\n|move|p1b: Staraptor|Tailwind|p1b: Staraptor\n|-sidestart|p1: TESTDIGI|move: Tailwind\n|\n|upkeep\n|\n|t:|1788434832\n|switch|p1a: Gholdengo|Gholdengo, L50|37/100\n|turn|4\n|\n|t:|1788434845\n|move|p1b: Staraptor|Protect|p1b: Staraptor\n|-singleturn|p1b: Staraptor|Protect\n|move|p1a: Gholdengo|Protect|p1a: Gholdengo\n|-singleturn|p1a: Gholdengo|Protect\n|move|p2a: Basculegion|Wave Crash|p1b: Staraptor\n|-activate|p1b: Staraptor|move: Protect\n|move|p2b: Floette|Dazzling Gleam|p1a: Gholdengo|[spread] \n|-activate|p1a: Gholdengo|move: Protect\n|-activate|p1b: Staraptor|move: Protect\n|\n|-sideend|p2: VictoriousDancing|move: Tailwind\n|upkeep\n|turn|5\n|\n|t:|1788434860\n|move|p1b: Staraptor|Close Combat|p2b: Floette\n|-resisted|p2b: Floette|1\n|-crit|p2b: Floette\n|-damage|p2b: Floette|45/100\n|-boost|p1b: Staraptor|def|1\n|-boost|p1b: Staraptor|spd|1\n|move|p1a: Gholdengo|Make It Rain|p2b: Floette|[spread] p2a,p2b\n|-resisted|p2a: Basculegion|1\n|-supereffective|p2b: Floette|1\n|-damage|p2a: Basculegion|21/100\n|-damage|p2b: Floette|0 fnt\n|-unboost|p1a: Gholdengo|spa|2\n|faint|p2b: Floette\n|-damage|p1a: Gholdengo|27/100|[from] item: Life Orb\n|move|p2a: Basculegion|Wave Crash|p1b: Staraptor\n|-damage|p1b: Staraptor|0 fnt\n|faint|p1b: Staraptor\n|-damage|p2a: Basculegion|15/100|[from] Recoil\n|\n|upkeep\n|\n|t:|1788434863\n|switch|p1b: Whimsicott|Whimsicott, L50, F, shiny|100/100\n|turn|6\n|\n|t:|1788434878\n|move|p1b: Whimsicott|Charm|p2a: Basculegion\n|-unboost|p2a: Basculegion|atk|2\n|move|p1a: Gholdengo|Shadow Ball|p2a: Basculegion\n|-supereffective|p2a: Basculegion|1\n|-damage|p2a: Basculegion|0 fnt\n|faint|p2a: Basculegion\n|-damage|p1a: Gholdengo|18/100|[from] item: Life Orb\n|\n|win|TESTDIGI\n","uploadtime":1788434718,"views":"3","formatid":"gen9championsvgc2026regmb","rating":null,"private":0,"password":null}