{"id":"gen9championsvgc2026regmbbo3-2674753759","format":"[Gen 9 Champions] VGC 2026 Reg M-B (Bo3)","players":["mechabicho_14","abadanriyi92"],"log":"|j|☆mechabicho_14\n|j|☆abadanriyi92\n|html|<table width=\"100%\"><tr><td align=\"left\">mechabicho_14</td><td align=\"right\">abadanriyi92</tr><tr><td align=\"left\"><i class=\"fa fa-circle-o\"></i> <i class=\"fa fa-circle-o\"></i> </td><td align=\"right\"><i class=\"fa fa-circle-o\"></i> <i class=\"fa fa-circle-o\"></i> </tr></table>\n|uhtml|bestof|<h2><strong>Game 1</strong> of <a href=\"/game-bestof3-gen9championsvgc2026regmbbo3-2674753758\">a best-of-3</a></h2>\n|t:|1788400875\n|gametype|doubles\n|player|p1|mechabicho_14|170|1257\n|player|p2|abadanriyi92|colress|1314\n|gen|9\n|tier|[Gen 9 Champions] VGC 2026 Reg M-B (Bo3)\n|rated|\n|rule|Species Clause: Limit one of each Pokémon\n|rule|Item Clause: Limit 1 of each item\n|clearpoke\n|poke|p1|Milotic, L50, M|\n|poke|p1|Excadrill, L50, F|\n|poke|p1|Gholdengo, L50|\n|poke|p1|Sinistcha, L50|\n|poke|p1|Staraptor, L50, M|\n|poke|p1|Tyranitar, L50, F|\n|poke|p2|Gengar, L50, F|\n|poke|p2|Swampert, L50, M|\n|poke|p2|Incineroar, L50, M|\n|poke|p2|Politoed, L50, M|\n|poke|p2|Archaludon, L50, F|\n|poke|p2|Vivillon, L50, M|\n|teampreview|4\n|showteam|p1|Milotic||SitrusBerry|Competitive|Protect,IcyWind,Scald,Recover|Modest||M|||50|]Excadrill||FocusSash|SandRush|Protect,HighHorsepower,RockSlide,IronHead|Adamant||F|||50|]Gholdengo||LifeOrb|GoodasGold|Protect,MakeItRain,ShadowBall,NastyPlot|Timid|||||50|]Sinistcha||ColburBerry|Hospitality|Protect,ShadowBall,MatchaGotcha,RagePowder|Calm|||||50|]Staraptor||Staraptite|Intimidate|Protect,CloseCombat,BraveBird,Tailwind|Jolly||M|||50|]Tyranitar||Tyranitarite|SandStream|Protect,RockSlide,KnockOff,LowKick|Adamant||F|||50|\n|showteam|p2|Gengar||Gengarite|CursedBody|ShadowBall,PerishSong,SludgeBomb,Protect|Timid||F|||50|]Swampert||Swampertite|Torrent|WaveCrash,Earthquake,IcePunch,Protect|Adamant||M|||50|]Incineroar||PasshoBerry|Intimidate|ThroatChop,PartingShot,FakeOut,Protect|Sassy||M|||50|]Politoed||SitrusBerry|Drizzle|WeatherBall,PerishSong,Encore,Protect|Calm||M|||50|]Archaludon||Leftovers|Stamina|DragonPulse,FlashCannon,ElectroShot,Protect|Bold||F|||50|]Vivillon||FocusSash|CompoundEyes|Hurricane,SleepPowder,RagePowder,Protect|Timid||M|||50|\n|inactive|Battle timer is ON: inactive players will automatically lose when time's up. (requested by abadanriyi92)\n|inactive|abadanriyi92 has 60 seconds left.\n|\n|t:|1788400953\n|teamsize|p1|4\n|teamsize|p2|4\n|start\n|switch|p1a: Staraptor|Staraptor, L50, M|100/100\n|switch|p1b: Gholdengo|Gholdengo, L50|100/100\n|switch|p2a: Swampert|Swampert, L50, M|100/100\n|switch|p2b: Incineroar|Incineroar, L50, M|100/100\n|-ability|p1a: Staraptor|Intimidate|boost\n|-unboost|p2a: Swampert|atk|1\n|-unboost|p2b: Incineroar|atk|1\n|-ability|p2b: Incineroar|Intimidate|boost\n|-unboost|p1a: Staraptor|atk|1\n|-unboost|p1b: Gholdengo|atk|1\n|turn|1\n|inactive|mechabicho_14 has 30 seconds left.\n|inactive|abadanriyi92 has 30 seconds left.\n|inactive|abadanriyi92 has 20 seconds left.\n|inactive|mechabicho_14 has 20 seconds left.\n|\n|t:|1788400997\n|switch|p2a: Archaludon|Archaludon, L50, F|100/100\n|move|p1b: Gholdengo|Protect|p1b: Gholdengo\n|-singleturn|p1b: Gholdengo|Protect\n|move|p2b: Incineroar|Fake Out|p1a: Staraptor\n|-damage|p1a: Staraptor|90/100\n|cant|p1a: Staraptor|flinch\n|\n|upkeep\n|turn|2\n|\n|t:|1788401018\n|switch|p2b: Politoed|Politoed, L50, M|100/100\n|-weather|RainDance|[from] ability: Drizzle|[of] p2b: Politoed\n|move|p1a: Staraptor|Tailwind|p1a: Staraptor\n|-sidestart|p1: mechabicho_14|move: Tailwind\n|move|p1b: Gholdengo|Nasty Plot|p1b: Gholdengo\n|-boost|p1b: Gholdengo|spa|2\n|move|p2a: Archaludon|Electro Shot||[still]\n|-prepare|p2a: Archaludon|Electro Shot\n|-boost|p2a: Archaludon|spa|1\n|-anim|p2a: Archaludon|Electro Shot|p1a: Staraptor\n|-supereffective|p1a: Staraptor|1\n|-damage|p1a: Staraptor|0 fnt\n|faint|p1a: Staraptor\n|\n|-weather|RainDance|[upkeep]\n|upkeep\n|\n|t:|1788401031\n|switch|p1a: Tyranitar|Tyranitar, L50, F|100/100\n|-weather|Sandstorm|[from] ability: Sand Stream|[of] p1a: Tyranitar\n|turn|3\n|\n|t:|1788401045\n|switch|p2b: Incineroar|Incineroar, L50, M|100/100\n|-ability|p2b: Incineroar|Intimidate|boost\n|-unboost|p1a: Tyranitar|atk|1\n|-unboost|p1b: Gholdengo|atk|1\n|move|p2a: Archaludon|Protect|p2a: Archaludon\n|-singleturn|p2a: Archaludon|Protect\n|move|p1b: Gholdengo|Shadow Ball|p2a: Archaludon\n|-activate|p2a: Archaludon|move: Protect\n|move|p1a: Tyranitar|Rock Slide|p2a: Archaludon|[spread] p2b\n|-activate|p2a: Archaludon|move: Protect\n|-supereffective|p2b: Incineroar|1\n|-damage|p2b: Incineroar|67/100\n|\n|-weather|Sandstorm|[upkeep]\n|-damage|p2b: Incineroar|61/100|[from] Sandstorm\n|upkeep\n|turn|4\n|inactive|abadanriyi92 has 30 seconds left.\n|\n|t:|1788401072\n|detailschange|p1a: Tyranitar|Tyranitar-Mega, L50, F\n|-mega|p1a: Tyranitar|Tyranitar|Tyranitarite\n|move|p1b: Gholdengo|Shadow Ball|p2a: Archaludon\n|-damage|p2a: Archaludon|2/100\n|-unboost|p2a: Archaludon|spd|1\n|-ability|p2a: Archaludon|Stamina|boost\n|-boost|p2a: Archaludon|def|1\n|-damage|p1b: Gholdengo|90/100|[from] item: Life Orb\n|move|p1a: Tyranitar|Rock Slide|p2a: Archaludon|[spread] p2a,p2b\n|-resisted|p2a: Archaludon|1\n|-supereffective|p2b: Incineroar|1\n|-damage|p2a: Archaludon|0 fnt\n|-damage|p2b: Incineroar|19/100\n|faint|p2a: Archaludon\n|move|p2b: Incineroar|Throat Chop|p1b: Gholdengo\n|-supereffective|p1b: Gholdengo|1\n|-damage|p1b: Gholdengo|25/100\n|-start|p1b: Gholdengo|Throat Chop|[silent]\n|\n|-weather|Sandstorm|[upkeep]\n|-damage|p2b: Incineroar|13/100|[from] Sandstorm\n|upkeep\n|\n|t:|1788401091\n|switch|p2a: Swampert|Swampert, L50, M|100/100\n|turn|5\n|\n|t:|1788401111\n|switch|p1a: Sinistcha|Sinistcha, L50|100/100\n|-heal|p1b: Gholdengo|50/100g|[from] ability: Hospitality|[of] p1a: Sinistcha\n|switch|p2b: Politoed|Politoed, L50, M|100/100\n|-weather|RainDance|[from] ability: Drizzle|[of] p2b: Politoed\n|detailschange|p2a: Swampert|Swampert-Mega, L50, M\n|-mega|p2a: Swampert|Swampert|Swampertite\n|move|p1b: Gholdengo|Shadow Ball|p2b: Politoed\n|-crit|p2b: Politoed\n|-damage|p2b: Politoed|0 fnt\n|faint|p2b: Politoed\n|-damage|p1b: Gholdengo|40/100|[from] item: Life Orb\n|move|p2a: Swampert|Earthquake|p1a: Sinistcha|[spread] p1a,p1b\n|-resisted|p1a: Sinistcha|1\n|-supereffective|p1b: Gholdengo|1\n|-damage|p1a: Sinistcha|79/100\n|-damage|p1b: Gholdengo|0 fnt\n|faint|p1b: Gholdengo\n|\n|-weather|RainDance|[upkeep]\n|-sideend|p1: mechabicho_14|move: Tailwind\n|upkeep\n|\n|t:|1788401130\n|switch|p1b: Tyranitar|Tyranitar-Mega, L50, F|100/100\n|switch|p2b: Incineroar|Incineroar, L50, M|13/100\n|-weather|Sandstorm|[from] ability: Sand Stream|[of] p1b: Tyranitar\n|-ability|p2b: Incineroar|Intimidate|boost\n|-unboost|p1a: Sinistcha|atk|1\n|-unboost|p1b: Tyranitar|atk|1\n|turn|6\n|\n|t:|1788401143\n|move|p1b: Tyranitar|Protect|p1b: Tyranitar\n|-singleturn|p1b: Tyranitar|Protect\n|move|p1a: Sinistcha|Protect|p1a: Sinistcha\n|-singleturn|p1a: Sinistcha|Protect\n|move|p2a: Swampert|Ice Punch|p1a: Sinistcha\n|-activate|p1a: Sinistcha|move: Protect\n|move|p2b: Incineroar|Throat Chop|p1a: Sinistcha\n|-activate|p1a: Sinistcha|move: Protect\n|\n|-weather|Sandstorm|[upkeep]\n|-damage|p1a: Sinistcha|73/100|[from] Sandstorm\n|-damage|p2b: Incineroar|7/100|[from] Sandstorm\n|upkeep\n|turn|7\n|\n|t:|1788401157\n|move|p2a: Swampert|Ice Punch|p1a: Sinistcha\n|-supereffective|p1a: Sinistcha|1\n|-damage|p1a: Sinistcha|16/100\n|move|p1b: Tyranitar|Rock Slide|p2b: Incineroar|[spread] p2a,p2b\n|-resisted|p2a: Swampert|1\n|-supereffective|p2b: Incineroar|1\n|-damage|p2a: Swampert|90/100\n|-damage|p2b: Incineroar|0 fnt\n|faint|p2b: Incineroar\n|move|p1a: Sinistcha|Matcha Gotcha|p2a: Swampert\n|-supereffective|p2a: Swampert|2\n|-damage|p2a: Swampert|0 fnt\n|-heal|p1a: Sinistcha|63/100|[from] drain|[of] p2a: Swampert\n|faint|p2a: Swampert\n|\n|win|mechabicho_14\n","uploadtime":1788401166,"views":"0","formatid":"gen9championsvgc2026regmbbo3","rating":null,"private":0,"password":null}