{"id":"gen9championsvgc2026regmb-2673852113","format":"[Gen 9 Champions] VGC 2026 Reg M-B","players":["miltoneering","MaddieHD"],"log":"|j|☆miltoneering\n|j|☆MaddieHD\n|html|<table width=\"100%\"><tr><td align=\"left\">miltoneering</td><td align=\"right\">MaddieHD</tr><tr><td align=\"left\"><i class=\"fa fa-circle-o\"></i> <i class=\"fa fa-circle-o\"></i> </td><td align=\"right\"><i class=\"fa fa-circle-o\"></i> <i class=\"fa fa-circle-o\"></i> </tr></table>\n|uhtml|bestof|<h2><strong>Game 1</strong> of <a href=\"/game-bestof3-gen9championsvgc2026regmb-2673852112\">a best-of-3</a></h2>\n|t:|1788268577\n|gametype|doubles\n|player|p1|miltoneering|102|\n|player|p2|MaddieHD|lady|\n|gen|9\n|tier|[Gen 9 Champions] VGC 2026 Reg M-B\n|rule|Species Clause: Limit one of each Pokémon\n|rule|Item Clause: Limit 1 of each item\n|raw|<div class=\"infobox\"><details class=\"readmore\" open><summary><strong>1 custom rule:</strong></summary> Best of = 3</details></div>\n|clearpoke\n|poke|p1|Lucario, L50, F|\n|poke|p1|Alakazam, L50, M|\n|poke|p1|Slowking-Galar, L50, M|\n|poke|p1|Simisage, L50, F|\n|poke|p1|Krookodile, L50, F|\n|poke|p1|Trevenant, L50, M|\n|poke|p2|Hatterene, L50, F|\n|poke|p2|Ceruledge, L50, F|\n|poke|p2|Floette-Eternal, L50, F|\n|poke|p2|Ninetales, L50, M|\n|poke|p2|Leafeon, L50, F|\n|poke|p2|Falinks, L50|\n|teampreview|4\n|c|☆miltoneering|glhf!\nmiltoneering rejected open team sheets.\n|c|☆MaddieHD|yayaya :3\n|\n|t:|1788268612\n|teamsize|p1|4\n|teamsize|p2|4\n|start\n|switch|p1a: Slowking|Slowking-Galar, L50, M|100/100\n|switch|p1b: Trevenant|Trevenant, L50, M|100/100\n|switch|p2a: Pink|Hatterene, L50, F|100/100\n|switch|p2b: Grey|Ceruledge, L50, F|100/100\n|-item|p2a: Pink|Leftovers|[from] ability: Frisk|[of] p1b: Trevenant\n|-item|p2b: Grey|Shell Bell|[from] ability: Frisk|[of] p1b: Trevenant\n|turn|1\n|c|☆MaddieHD|question: have you played deltarune?\n|c|☆miltoneering|yes!\n|c|☆MaddieHD|my team will be very confusing otherwise\n|c|☆miltoneering|nice names :D\n|c|☆MaddieHD|oh good\n|\n|t:|1788268661\n|move|p1b: Trevenant|Protect|p1b: Trevenant\n|-singleturn|p1b: Trevenant|Protect\n|move|p2b: Grey|Phantom Force||[still]\n|-prepare|p2b: Grey|Phantom Force\n|move|p1a: Slowking|Psychic Terrain|p1a: Slowking\n|-fieldstart|move: Psychic Terrain\n|move|p2a: Pink|Substitute|p2a: Pink\n|-start|p2a: Pink|Substitute\n|-damage|p2a: Pink|75/100\n|\n|-heal|p2a: Pink|81/100|[from] item: Leftovers\n|upkeep\n|turn|2\n|c|☆miltoneering|ohh\n|c|☆MaddieHD|:3\n|\n|t:|1788268700\n|move|p2b: Grey|Phantom Force|p1b: Trevenant|[from] lockedmove\n|-supereffective|p1b: Trevenant|1\n|-damage|p1b: Trevenant|0 fnt\n|faint|p1b: Trevenant\n|move|p1a: Slowking|Expanding Force|p2b: Grey|[spread] p2a,p2b\n|-resisted|p2a: Pink|1\n|-end|p2a: Pink|Substitute\n|-damage|p2b: Grey|43/100\n|move|p2a: Pink|Giga Drain|p1a: Slowking\n|-resisted|p1a: Slowking|1\n|-damage|p1a: Slowking|88/100\n|-heal|p2a: Pink|88/100|[from] drain|[of] p1a: Slowking\n|\n|-heal|p1a: Slowking|94/100|[from] item: Leftovers\n|-heal|p2a: Pink|94/100|[from] item: Leftovers\n|upkeep\n|\n|t:|1788268711\n|switch|p1b: Alakazam|Alakazam, L50, M|100/100\n|turn|3\n|\n|t:|1788268744\n|detailschange|p1b: Alakazam|Alakazam-Mega, L50, M\n|-mega|p1b: Alakazam|Alakazam|Alakazite\n|-ability|p1b: Alakazam|Weak Armor|Trace|[from] ability: Trace|[of] p2b: Grey\n|move|p1b: Alakazam|Expanding Force|p2b: Grey|[spread] p2a,p2b\n|-resisted|p2a: Pink|1\n|-damage|p2a: Pink|47/100\n|-damage|p2b: Grey|0 fnt\n|faint|p2b: Grey\n|move|p1a: Slowking|Expanding Force|p2a: Pink\n|-resisted|p2a: Pink|1\n|-damage|p2a: Pink|7/100\n|move|p2a: Pink|Substitute|p2a: Pink\n|-fail|p2a: Pink|move: Substitute|[weak]\n|\n|-heal|p1a: Slowking|100/100|[from] item: Leftovers\n|-heal|p2a: Pink|13/100|[from] item: Leftovers\n|upkeep\n|c|☆MaddieHD|yeowch\n|c|☆miltoneering|:D\n|\n|t:|1788268779\n|switch|p2b: Netskie|Ninetales, L50, M|100/100\n|-weather|SunnyDay|[from] ability: Drought|[of] p2b: Netskie\n|turn|4\n|c|☆miltoneering|my brohter has been playing weird route so far\n|\n|t:|1788268808\n|move|p2a: Pink|Protect|p2a: Pink\n|-singleturn|p2a: Pink|Protect\n|move|p1b: Alakazam|Expanding Force|p2a: Pink|[spread] p2b\n|-activate|p2a: Pink|move: Protect\n|-damage|p2b: Netskie|7/100\n|move|p2b: Netskie|Heat Wave|p1b: Alakazam|[spread] p1a,p1b\n|-damage|p1a: Slowking|65/100\n|-damage|p1b: Alakazam|53/100\n|-status|p1a: Slowking|brn\n|move|p1a: Slowking|Expanding Force|p2a: Pink|[spread] p2b\n|-activate|p2a: Pink|move: Protect\n|-damage|p2b: Netskie|0 fnt\n|faint|p2b: Netskie\n|\n|-weather|SunnyDay|[upkeep]\n|-heal|p1a: Slowking|71/100 brn|[from] item: Leftovers\n|-heal|p2a: Pink|19/100|[from] item: Leftovers\n|-damage|p1a: Slowking|65/100 brn|[from] brn\n|upkeep\n|\n|t:|1788268825\n|switch|p2b: Flower Man|Floette-Eternal, L50, F|100/100\n|turn|5\n|c|☆miltoneering|fear!\n|c|☆miltoneering|no jaronas please\n|\n|t:|1788268846\n|detailschange|p2b: Flower Man|Floette-Mega, L50, F\n|-mega|p2b: Flower Man|Floette|Floettite\n|-ability|p2b: Flower Man|Fairy Aura\n|move|p1b: Alakazam|Protect|p1b: Alakazam\n|-singleturn|p1b: Alakazam|Protect\n|move|p2b: Flower Man|Light of Ruin|p1a: Slowking\n|-resisted|p1a: Slowking|1\n|-damage|p1a: Slowking|22/100 brn\n|-damage|p2b: Flower Man|71/100|[from] Recoil\n|move|p1a: Slowking|Sludge Wave|p2b: Flower Man|[spread] p2a,p2b\n|-activate|p1b: Alakazam|move: Protect\n|-supereffective|p2a: Pink|1\n|-supereffective|p2b: Flower Man|1\n|-damage|p2a: Pink|0 fnt\n|-damage|p2b: Flower Man|11/100\n|faint|p2a: Pink\n|\n|-weather|SunnyDay|[upkeep]\n|-heal|p1a: Slowking|28/100 brn|[from] item: Leftovers\n|-damage|p1a: Slowking|22/100 brn|[from] brn\n|-fieldend|move: Psychic Terrain\n|upkeep\n|turn|6\n|c|☆MaddieHD|Jarona!\n|c|☆MaddieHD|oh ouch\n|\n|t:|1788268872\n|move|p2b: Flower Man|Protect|p2b: Flower Man\n|-singleturn|p2b: Flower Man|Protect\n|move|p1b: Alakazam|Expanding Force|p2b: Flower Man\n|-activate|p2b: Flower Man|move: Protect\n|move|p1a: Slowking|Psychic Terrain|p1a: Slowking\n|-fieldstart|move: Psychic Terrain\n|\n|-weather|SunnyDay|[upkeep]\n|-heal|p1a: Slowking|28/100 brn|[from] item: Leftovers\n|-damage|p1a: Slowking|22/100 brn|[from] brn\n|upkeep\n|turn|7\n|\n|t:|1788268887\n|move|p1b: Alakazam|Expanding Force|p2b: Flower Man\n|-damage|p2b: Flower Man|0 fnt\n|faint|p2b: Flower Man\n|\n|win|miltoneering\n|c|☆miltoneering|gg\n||miltoneering is ready for game 2.\n||MaddieHD is ready for game 2.\n|uhtml|next|Next: <a href=\"/battle-gen9championsvgc2026regmb-2673854295\"><strong>Game 2 of 3</strong></a>\n","uploadtime":1788269566,"views":"15","formatid":"gen9championsvgc2026regmb","rating":null,"private":0,"password":null}