{"id":"gen9championsvgc2026regmbbo3-2673577720","format":"[Gen 9 Champions] VGC 2026 Reg M-B (Bo3)","players":["Jsjsisisnshsh","moicito"],"log":"|j|☆Jsjsisisnshsh\n|j|☆moicito\n|html|<table width=\"100%\"><tr><td align=\"left\">Jsjsisisnshsh</td><td align=\"right\">moicito</tr><tr><td align=\"left\"><i class=\"fa fa-circle-o\"></i> <i class=\"fa fa-circle-o\"></i> </td><td align=\"right\"><i class=\"fa fa-circle-o\"></i> <i class=\"fa fa-circle-o\"></i> </tr></table>\n|uhtml|bestof|<h2><strong>Game 1</strong> of <a href=\"/game-bestof3-gen9championsvgc2026regmbbo3-2673577719\">a best-of-3</a></h2>\n|t:|1788215833\n|gametype|doubles\n|player|p1|Jsjsisisnshsh|1|1000\n|player|p2|moicito|caitlin|1105\n|gen|9\n|tier|[Gen 9 Champions] VGC 2026 Reg M-B (Bo3)\n|rated|\n|rule|Species Clause: Limit one of each Pokémon\n|rule|Item Clause: Limit 1 of each item\n|clearpoke\n|poke|p1|Froslass, L50, F|\n|poke|p1|Sneasler, L50, M|\n|poke|p1|Garchomp, L50, M|\n|poke|p1|Liepard, L50, M|\n|poke|p1|Corviknight, L50, M|\n|poke|p1|Primarina, L50, M|\n|poke|p2|Whimsicott, L50, M|\n|poke|p2|Garchomp, L50, F|\n|poke|p2|Basculegion, L50, M|\n|poke|p2|Kingambit, L50, M|\n|poke|p2|Floette-Eternal, L50, F|\n|poke|p2|Charizard, L50, M|\n|teampreview|4\n|showteam|p1|Froslass||Froslassite|SnowCloak|AuroraVeil,ShadowBall,Blizzard,Protect|Jolly||F|||50|]Sneasler||WhiteHerb|Unburden|CloseCombat,Protect,PoisonJab,FakeOut|Jolly||M|||50|]Garchomp||LifeOrb|RoughSkin|StompingTantrum,Protect,RockSlide,DragonClaw|Jolly||M|||50|]Liepard||FocusSash|Prankster|Encore,Taunt,Protect,Yawn|Impish||M|||50|]Corviknight||OccaBerry|MirrorArmor|BraveBird,Tailwind,IronHead,Protect|Impish||M|||50|]Primarina||Leftovers|LiquidVoice|CalmMind,Haze,Protect,HyperVoice|Serious||M|||50|\n|showteam|p2|Whimsicott||FocusSash|Prankster|Moonblast,Tailwind,Encore,Protect|Timid||M|||50|]Garchomp||SitrusBerry|RoughSkin|DragonClaw,StompingTantrum,RockSlide,Protect|Adamant||F|||50|]Basculegion||LifeOrb|Adaptability|WaveCrash,LastRespects,AquaJet,Protect|Adamant||M|||50|]Kingambit||ChopleBerry|Defiant|KowtowCleave,IronHead,LowKick,SuckerPunch|Adamant||M|||50|]Floette-Eternal||Floettite|FlowerVeil|Moonblast,DazzlingGleam,LightofRuin,Protect|Timid||F|||50|]Charizard||CharizarditeY|Blaze|HeatWave,AncientPower,WeatherBall,Protect|Modest||M|||50|\n|\n|t:|1788215889\n|teamsize|p1|4\n|teamsize|p2|4\n|start\n|switch|p1a: Primarina|Primarina, L50, M|100/100\n|switch|p1b: Liepard|Liepard, L50, M|100/100\n|switch|p2a: Basculegion|Basculegion, L50, M|100/100\n|switch|p2b: Whimsicott|Whimsicott, L50, M|100/100\n|turn|1\n|\n|t:|1788215910\n|move|p1b: Liepard|Taunt|p2b: Whimsicott\n|-start|p2b: Whimsicott|move: Taunt\n|move|p2b: Whimsicott|Moonblast|p1b: Liepard\n|-supereffective|p1b: Liepard|1\n|-enditem|p1b: Liepard|Focus Sash\n|-damage|p1b: Liepard|1/100\n|move|p2a: Basculegion|Wave Crash|p1b: Liepard\n|-damage|p1b: Liepard|0 fnt\n|faint|p1b: Liepard\n|-damage|p2a: Basculegion|99/100|[from] Recoil\n|-damage|p2a: Basculegion|89/100|[from] item: Life Orb\n|move|p1a: Primarina|Calm Mind|p1a: Primarina\n|-boost|p1a: Primarina|spa|1\n|-boost|p1a: Primarina|spd|1\n|\n|upkeep\n|\n|t:|1788215929\n|switch|p1b: Froslass|Froslass, L50, F|100/100\n|turn|2\n|\n|t:|1788215957\n|move|p1b: Froslass|Protect|p1b: Froslass\n|-singleturn|p1b: Froslass|Protect\n|move|p2b: Whimsicott|Moonblast|p1b: Froslass\n|-activate|p1b: Froslass|move: Protect\n|move|p2a: Basculegion|Wave Crash|p1b: Froslass\n|-activate|p1b: Froslass|move: Protect\n|move|p1a: Primarina|Hyper Voice|p2b: Whimsicott|[spread] p2a,p2b\n|-resisted|p2a: Basculegion|1\n|-resisted|p2b: Whimsicott|1\n|-damage|p2a: Basculegion|64/100\n|-damage|p2b: Whimsicott|57/100\n|\n|upkeep\n|turn|3\n|\n|t:|1788215979\n|detailschange|p1b: Froslass|Froslass-Mega, L50, F\n|-mega|p1b: Froslass|Froslass|Froslassite\n|-weather|Snowscape|[from] ability: Snow Warning|[of] p1b: Froslass\n|move|p1b: Froslass|Aurora Veil|p1b: Froslass\n|-sidestart|p1: Jsjsisisnshsh|move: Aurora Veil\n|move|p2b: Whimsicott|Moonblast|p1b: Froslass\n|-damage|p1b: Froslass|72/100\n|move|p2a: Basculegion|Wave Crash|p1b: Froslass\n|-damage|p1b: Froslass|0 fnt\n|faint|p1b: Froslass\n|-damage|p2a: Basculegion|46/100|[from] Recoil\n|-damage|p2a: Basculegion|37/100|[from] item: Life Orb\n|move|p1a: Primarina|Hyper Voice|p2b: Whimsicott|[spread] p2a,p2b\n|-resisted|p2a: Basculegion|1\n|-resisted|p2b: Whimsicott|1\n|-damage|p2a: Basculegion|14/100\n|-damage|p2b: Whimsicott|17/100\n|\n|-weather|Snowscape|[upkeep]\n|-end|p2b: Whimsicott|move: Taunt\n|upkeep\n|\n|t:|1788215999\n|switch|p1b: Sneasler|Sneasler, L50, M|100/100\n|turn|4\n|\n|t:|1788216012\n|switch|p2a: Garchomp|Garchomp, L50, F|100/100\n|move|p2b: Whimsicott|Protect|p2b: Whimsicott\n|-singleturn|p2b: Whimsicott|Protect\n|move|p1b: Sneasler|Fake Out|p2b: Whimsicott\n|-activate|p2b: Whimsicott|move: Protect\n|move|p1a: Primarina|Hyper Voice|p2a: Garchomp|[spread] p2a\n|-activate|p2b: Whimsicott|move: Protect\n|-damage|p2a: Garchomp|57/100\n|\n|-weather|Snowscape|[upkeep]\n|upkeep\n|turn|5\n|\n|t:|1788216032\n|move|p2b: Whimsicott|Encore|p1b: Sneasler\n|-start|p1b: Sneasler|Encore\n|move|p1b: Sneasler|Fake Out||[still]\n|-hint|Fake Out only works on your first turn out.\n|-fail|p1b: Sneasler\n|move|p2a: Garchomp|Rock Slide|p1b: Sneasler|[spread] p1a,p1b\n|-resisted|p1b: Sneasler|1\n|-damage|p1a: Primarina|86/100\n|-damage|p1b: Sneasler|89/100\n|move|p1a: Primarina|Hyper Voice|p2a: Garchomp|[spread] p2a,p2b\n|-resisted|p2b: Whimsicott|1\n|-damage|p2a: Garchomp|11/100\n|-damage|p2b: Whimsicott|0 fnt\n|-enditem|p2a: Garchomp|Sitrus Berry|[eat]\n|-heal|p2a: Garchomp|36/100|[from] item: Sitrus Berry\n|faint|p2b: Whimsicott\n|\n|-weather|Snowscape|[upkeep]\n|-heal|p1a: Primarina|91/100|[from] item: Leftovers\n|upkeep\n|\n|t:|1788216047\n|switch|p2b: Charizard|Charizard, L50, M|100/100\n|turn|6\n|\n|t:|1788216064\n|detailschange|p2b: Charizard|Charizard-Mega-Y, L50, M\n|-mega|p2b: Charizard|Charizard|Charizardite Y\n|-weather|SunnyDay|[from] ability: Drought|[of] p2b: Charizard\n|-activate|p1b: Sneasler|move: Struggle\n|move|p1b: Sneasler|Struggle|p2b: Charizard\n|-damage|p2b: Charizard|79/100\n|-damage|p1b: Sneasler|64/100|[from] recoil\n|move|p2a: Garchomp|Rock Slide|p1a: Primarina|[spread] p1b\n|-miss|p2a: Garchomp|p1a: Primarina\n|-resisted|p1b: Sneasler|1\n|-damage|p1b: Sneasler|54/100\n|move|p2b: Charizard|Heat Wave|p1b: Sneasler|[spread] p1a,p1b\n|-resisted|p1a: Primarina|1\n|-damage|p1a: Primarina|80/100\n|-damage|p1b: Sneasler|0 fnt\n|faint|p1b: Sneasler\n|move|p1a: Primarina|Hyper Voice|p2a: Garchomp|[spread] p2a,p2b\n|-supereffective|p2b: Charizard|1\n|-damage|p2a: Garchomp|13/100\n|-damage|p2b: Charizard|33/100\n|\n|-weather|SunnyDay|[upkeep]\n|-heal|p1a: Primarina|86/100|[from] item: Leftovers\n|upkeep\n|turn|7\n|\n|t:|1788216088\n|move|p2a: Garchomp|Stomping Tantrum|p1a: Primarina\n|-damage|p1a: Primarina|53/100\n|move|p2b: Charizard|Weather Ball|p1a: Primarina\n|-resisted|p1a: Primarina|1\n|-damage|p1a: Primarina|36/100\n|move|p1a: Primarina|Hyper Voice|p2a: Garchomp|[spread] p2a,p2b\n|-supereffective|p2b: Charizard|1\n|-damage|p2a: Garchomp|0 fnt\n|-damage|p2b: Charizard|0 fnt\n|faint|p2a: Garchomp\n|faint|p2b: Charizard\n|\n|-weather|SunnyDay|[upkeep]\n|-heal|p1a: Primarina|42/100|[from] item: Leftovers\n|-sideend|p1: Jsjsisisnshsh|move: Aurora Veil\n|upkeep\n|\n|t:|1788216102\n|switch|p2a: Basculegion|Basculegion, L50, M|14/100\n|turn|8\n|\n|t:|1788216107\n|move|p1a: Primarina|Protect|p1a: Primarina\n|-singleturn|p1a: Primarina|Protect\n|move|p2a: Basculegion|Last Respects|p1a: Primarina\n|-activate|p1a: Primarina|move: Protect\n|\n|-weather|SunnyDay|[upkeep]\n|-heal|p1a: Primarina|48/100|[from] item: Leftovers\n|upkeep\n|turn|9\n|\n|t:|1788216118\n|move|p2a: Basculegion|Last Respects|p1a: Primarina\n|-damage|p1a: Primarina|0 fnt\n|faint|p1a: Primarina\n|-damage|p2a: Basculegion|4/100|[from] item: Life Orb\n|\n|win|moicito\n|l|☆Jsjsisisnshsh\n|player|p1|\n||moicito is ready for game 2.\n|raw|Jsjsisisnshsh's rating: 1000 &rarr; <strong>1000</strong><br />(+0 for losing)\n|raw|moicito's rating: 1105 &rarr; <strong>1123</strong><br />(+18 for winning)\n","uploadtime":1788216130,"views":"7","formatid":"gen9championsvgc2026regmbbo3","rating":1000,"private":0,"password":null}