{"id":"gen9championsvgc2026regmb-2674238164","format":"[Gen 9 Champions] VGC 2026 Reg M-B","players":["biryanilover","ShrimpGun"],"log":"|j|☆biryanilover\n|j|☆ShrimpGun\n|t:|1788320870\n|gametype|doubles\n|player|p1|biryanilover|170|1233\n|player|p2|ShrimpGun|fisherman-gen4|1324\n|gen|9\n|tier|[Gen 9 Champions] VGC 2026 Reg M-B\n|rated|\n|rule|Species Clause: Limit one of each Pokémon\n|rule|Item Clause: Limit 1 of each item\n|clearpoke\n|poke|p1|Meganium, L50, F|\n|poke|p1|Milotic, L50, F|\n|poke|p1|Toxicroak, L50, M|\n|poke|p1|Farigiraf, L50, M|\n|poke|p1|Aerodactyl, L50, F|\n|poke|p1|Gholdengo, L50|\n|poke|p2|Staraptor, L50, M|\n|poke|p2|Farigiraf, L50, F, shiny|\n|poke|p2|Clawitzer, L50, F|\n|poke|p2|Arcanine-Hisui, L50, F|\n|poke|p2|Sylveon, L50, F|\n|poke|p2|Vivillon, L50, M|\n|teampreview|4\n|inactive|Battle timer is ON: inactive players will automatically lose when time's up. (requested by biryanilover)\n|inactive|ShrimpGun also wants the timer to be on.\n|inactive|ShrimpGun has 60 seconds left.\n|\n|t:|1788320904\n|teamsize|p1|4\n|teamsize|p2|4\n|start\n|switch|p1a: Aerodactyl|Aerodactyl, L50, F|100/100\n|switch|p1b: Milotic|Milotic, L50, F|100/100\n|switch|p2a: Staraptor|Staraptor, L50, M|100/100\n|switch|p2b: Arcanine|Arcanine-Hisui, L50, F|100/100\n|-ability|p1a: Aerodactyl|Unnerve\n|-ability|p2a: Staraptor|Intimidate|boost\n|-unboost|p1a: Aerodactyl|atk|1\n|-unboost|p1b: Milotic|atk|1\n|-ability|p1b: Milotic|Competitive|boost\n|-boost|p1b: Milotic|spa|2\n|turn|1\n|\n|t:|1788320917\n|detailschange|p2a: Staraptor|Staraptor-Mega, L50, M\n|-mega|p2a: Staraptor|Staraptor|Staraptite\n|move|p1a: Aerodactyl|Tailwind|p1a: Aerodactyl\n|-sidestart|p1: biryanilover|move: Tailwind\n|move|p1b: Milotic|Ice Beam|p2a: Staraptor\n|-supereffective|p2a: Staraptor|1\n|-damage|p2a: Staraptor|3/100\n|move|p2a: Staraptor|Close Combat|p1b: Milotic\n|-damage|p1b: Milotic|50/100g\n|-boost|p2a: Staraptor|def|1\n|-boost|p2a: Staraptor|spd|1\n|move|p2b: Arcanine|Head Smash|p1b: Milotic\n|-damage|p1b: Milotic|0 fnt\n|faint|p1b: Milotic\n|\n|upkeep\n|\n|t:|1788320933\n|switch|p1b: Meganium|Meganium, L50, F|100/100\n|turn|2\n|\n|t:|1788320939\n|detailschange|p1b: Meganium|Meganium-Mega, L50, F\n|-mega|p1b: Meganium|Meganium|Meganiumite\n|move|p2a: Staraptor|Protect|p2a: Staraptor\n|-singleturn|p2a: Staraptor|Protect\n|move|p2b: Arcanine|Protect|p2b: Arcanine\n|-singleturn|p2b: Arcanine|Protect\n|move|p1a: Aerodactyl|Rock Slide|p2a: Staraptor|[spread] \n|-activate|p2a: Staraptor|move: Protect\n|-activate|p2b: Arcanine|move: Protect\n|move|p1b: Meganium|Solar Beam||[still]\n|-prepare|p1b: Meganium|Solar Beam\n|-activate|p1b: Meganium|ability: Mega Sol\n|-anim|p1b: Meganium|Solar Beam|p2b: Arcanine\n|-activate|p2b: Arcanine|move: Protect\n|\n|upkeep\n|turn|3\n|\n|t:|1788320946\n|move|p1a: Aerodactyl|Rock Slide|p2b: Arcanine|[spread] p2a,p2b\n|-supereffective|p2b: Arcanine|1\n|-damage|p2a: Staraptor|0 fnt\n|-damage|p2b: Arcanine|58/100\n|faint|p2a: Staraptor\n|move|p1b: Meganium|Solar Beam||[still]\n|-prepare|p1b: Meganium|Solar Beam\n|-activate|p1b: Meganium|ability: Mega Sol\n|-anim|p1b: Meganium|Solar Beam|p2b: Arcanine\n|-damage|p2b: Arcanine|0 fnt\n|faint|p2b: Arcanine\n|\n|upkeep\n|\n|t:|1788320949\n|switch|p2a: Farigiraf|Farigiraf, L50, F, shiny|100/100\n|switch|p2b: Clawitzer|Clawitzer, L50, F|100/100\n|turn|4\n|\n|t:|1788320966\n|move|p2b: Clawitzer|Protect|p2b: Clawitzer\n|-singleturn|p2b: Clawitzer|Protect\n|move|p1a: Aerodactyl|Rock Slide|p2b: Clawitzer|[spread] p2a\n|-activate|p2b: Clawitzer|move: Protect\n|-damage|p2a: Farigiraf|84/100\n|move|p1b: Meganium|Solar Beam||[still]\n|-prepare|p1b: Meganium|Solar Beam\n|-activate|p1b: Meganium|ability: Mega Sol\n|-anim|p1b: Meganium|Solar Beam|p2a: Farigiraf\n|-damage|p2a: Farigiraf|21/100\n|move|p2a: Farigiraf|Trick Room|p2a: Farigiraf\n|-fieldstart|move: Trick Room|[of] p2a: Farigiraf\n|\n|-sideend|p1: biryanilover|move: Tailwind\n|upkeep\n|turn|5\n|\n|t:|1788320979\n|move|p2a: Farigiraf|Nasty Plot|p2a: Farigiraf\n|-boost|p2a: Farigiraf|spa|2\n|move|p1b: Meganium|Solar Beam||[still]\n|-prepare|p1b: Meganium|Solar Beam\n|-activate|p1b: Meganium|ability: Mega Sol\n|-anim|p1b: Meganium|Solar Beam|p2b: Clawitzer\n|-supereffective|p2b: Clawitzer|1\n|-damage|p2b: Clawitzer|0 fnt\n|faint|p2b: Clawitzer\n|move|p1a: Aerodactyl|Rock Slide|p2a: Farigiraf\n|-damage|p2a: Farigiraf|2/100\n|\n|upkeep\n|turn|6\n|-message|ShrimpGun forfeited.\n|\n|win|biryanilover\n|raw|biryanilover's rating: 1233 &rarr; <strong>1264</strong><br />(+31 for winning)\n|raw|ShrimpGun's rating: 1324 &rarr; <strong>1299</strong><br />(-25 for losing)\n","uploadtime":1788320992,"views":"1","formatid":"gen9championsvgc2026regmb","rating":1264,"private":0,"password":null}