{"id":"gen9championsvgc2026regmb-2674065295","format":"[Gen 9 Champions] VGC 2026 Reg M-B","players":["Noyon6236","ethalem77"],"log":"|j|☆Noyon6236\n|j|☆ethalem77\n|t:|1788294472\n|gametype|doubles\n|player|p1|Noyon6236|265|1616\n|player|p2|ethalem77|acetrainer-gen4dp|1563\n|gen|9\n|tier|[Gen 9 Champions] VGC 2026 Reg M-B\n|rated|\n|rule|Species Clause: Limit one of each Pokémon\n|rule|Item Clause: Limit 1 of each item\n|clearpoke\n|poke|p1|Raichu, L50, F|\n|poke|p1|Staraptor, L50, F|\n|poke|p1|Arcanine-Hisui, L50, M|\n|poke|p1|Farigiraf, L50, M|\n|poke|p1|Sylveon, L50, F|\n|poke|p1|Kingambit, L50, M|\n|poke|p2|Dragonite, L50, M|\n|poke|p2|Sneasler, L50, F|\n|poke|p2|Basculegion, L50, M|\n|poke|p2|Kingambit, L50, M|\n|poke|p2|Garchomp, L50, M|\n|poke|p2|Floette-Eternal, L50, F|\n|teampreview|4\n|inactive|Battle timer is ON: inactive players will automatically lose when time's up. (requested by ethalem77)\n|\n|t:|1788294495\n|teamsize|p1|4\n|teamsize|p2|4\n|start\n|switch|p1a: Staraptor|Staraptor, L50, F|100/100\n|switch|p1b: Sylveon|Sylveon, L50, F|100/100\n|switch|p2a: Kingambit|Kingambit, L50, M|100/100\n|switch|p2b: Sneasler|Sneasler, L50, F|100/100\n|-ability|p1a: Staraptor|Intimidate|boost\n|-unboost|p2a: Kingambit|atk|1\n|-ability|p2a: Kingambit|Defiant|boost\n|-boost|p2a: Kingambit|atk|2\n|-unboost|p2b: Sneasler|atk|1\n|turn|1\n|inactive|Noyon6236 has 30 seconds left.\n|\n|t:|1788294532\n|detailschange|p1a: Staraptor|Staraptor-Mega, L50, F\n|-mega|p1a: Staraptor|Staraptor|Staraptite\n|move|p1b: Sylveon|Detect|p1b: Sylveon\n|-singleturn|p1b: Sylveon|Protect\n|move|p2b: Sneasler|Feint|p1a: Staraptor\n|-damage|p1a: Staraptor|92/100\n|move|p1a: Staraptor|Dual Wingbeat|p2b: Sneasler\n|-supereffective|p2b: Sneasler|1\n|-damage|p2b: Sneasler|22/100\n|-supereffective|p2b: Sneasler|1\n|-damage|p2b: Sneasler|0 fnt\n|faint|p2b: Sneasler\n|-hitcount|p2: Sneasler|2\n|move|p2a: Kingambit|Kowtow Cleave|p1a: Staraptor\n|-resisted|p1a: Staraptor|1\n|-damage|p1a: Staraptor|56/100\n|\n|upkeep\n|\n|t:|1788294543\n|switch|p2b: Floette|Floette-Eternal, L50, F|100/100\n|turn|2\n|\n|t:|1788294557\n|detailschange|p2b: Floette|Floette-Mega, L50, F\n|-mega|p2b: Floette|Floette|Floettite\n|-ability|p2b: Floette|Fairy Aura\n|move|p2a: Kingambit|Sucker Punch|p1b: Sylveon\n|-resisted|p1b: Sylveon|1\n|-damage|p1b: Sylveon|67/100\n|move|p1a: Staraptor|Tailwind|p1a: Staraptor\n|-sidestart|p1: Noyon6236|move: Tailwind\n|move|p1b: Sylveon|Hyper Beam|p2b: Floette\n|-damage|p2b: Floette|0 fnt\n|-mustrecharge|p1b: Sylveon\n|faint|p2b: Floette\n|\n|upkeep\n|\n|t:|1788294567\n|switch|p2b: Basculegion|Basculegion, L50, M|100/100\n|turn|3\n|\n|t:|1788294585\n|move|p1a: Staraptor|Protect|p1a: Staraptor\n|-singleturn|p1a: Staraptor|Protect\n|move|p2a: Kingambit|Sucker Punch||[still]\n|-fail|p2a: Kingambit\n|cant|p1b: Sylveon|recharge\n|move|p2b: Basculegion|Wave Crash|p1b: Sylveon\n|-damage|p1b: Sylveon|0 fnt\n|faint|p1b: Sylveon\n|-damage|p2b: Basculegion|79/100|[from] Recoil\n|-damage|p2b: Basculegion|69/100|[from] item: Life Orb\n|\n|upkeep\n|\n|t:|1788294595\n|switch|p1b: Kingambit|Kingambit, L50, M|100/100\n|turn|4\n|\n|t:|1788294605\n|move|p2b: Basculegion|Protect|p2b: Basculegion\n|-singleturn|p2b: Basculegion|Protect\n|move|p1a: Staraptor|Close Combat|p2a: Kingambit\n|-supereffective|p2a: Kingambit|2\n|-enditem|p2a: Kingambit|Chople Berry|[eat]\n|-enditem|p2a: Kingambit|Chople Berry|[weaken]\n|-damage|p2a: Kingambit|6/100\n|-boost|p1a: Staraptor|def|1\n|-boost|p1a: Staraptor|spd|1\n|move|p1b: Kingambit|Kowtow Cleave|p2b: Basculegion\n|-activate|p2b: Basculegion|move: Protect\n|move|p2a: Kingambit|Low Kick|p1b: Kingambit\n|-supereffective|p1b: Kingambit|2\n|-damage|p1b: Kingambit|0 fnt\n|faint|p1b: Kingambit\n|\n|upkeep\n|\n|t:|1788294619\n|switch|p1b: Arcanine|Arcanine-Hisui, L50, M|100/100\n|turn|5\n|\n|t:|1788294630\n|move|p1b: Arcanine|Extreme Speed|p2a: Kingambit\n|-resisted|p2a: Kingambit|1\n|-damage|p2a: Kingambit|0 fnt\n|faint|p2a: Kingambit\n|move|p2b: Basculegion|Aqua Jet|p1b: Arcanine\n|-supereffective|p1b: Arcanine|2\n|-enditem|p1b: Arcanine|Focus Sash\n|-damage|p1b: Arcanine|1/100\n|-damage|p2b: Basculegion|60/100|[from] item: Life Orb\n|move|p1a: Staraptor|Dual Wingbeat|p2b: Basculegion\n|-damage|p2b: Basculegion|36/100\n|-damage|p2b: Basculegion|11/100\n|-hitcount|p2b: Basculegion|2\n|\n|-sideend|p1: Noyon6236|move: Tailwind\n|upkeep\n|turn|6\n|-message|ethalem77 forfeited.\n|\n|win|Noyon6236\n|raw|Noyon6236's rating: 1616 &rarr; <strong>1633</strong><br />(+17 for winning)\n|raw|ethalem77's rating: 1563 &rarr; <strong>1546</strong><br />(-17 for losing)\n","uploadtime":1788294648,"views":"1","formatid":"gen9championsvgc2026regmb","rating":1546,"private":0,"password":null}