{"id":"gen9championsvgc2026regmbbo3-2674321365","format":"[Gen 9 Champions] VGC 2026 Reg M-B (Bo3)","players":["shibikanon","MartinFelice"],"log":"|j|☆shibikanon\n|j|☆MartinFelice\n|html|<table width=\"100%\"><tr><td align=\"left\">shibikanon</td><td align=\"right\">MartinFelice</tr><tr><td align=\"left\"><i class=\"fa fa-circle-o\"></i> <i class=\"fa fa-circle-o\"></i> </td><td align=\"right\"><i class=\"fa fa-circle-o\"></i> <i class=\"fa fa-circle\"></i> </tr></table>\n|uhtml|bestof|<h2><strong>Game 2</strong> of <a href=\"/game-bestof3-gen9championsvgc2026regmbbo3-2674319752\">a best-of-3</a></h2>\n|t:|1788340415\n|gametype|doubles\n|player|p1|shibikanon|skyla-masters3|1391\n|player|p2|MartinFelice|ethan|1352\n|gen|9\n|tier|[Gen 9 Champions] VGC 2026 Reg M-B (Bo3)\n|rated|\n|rule|Species Clause: Limit one of each Pokémon\n|rule|Item Clause: Limit 1 of each item\n|clearpoke\n|poke|p1|Charizard, L50, F, shiny|\n|poke|p1|Sylveon, L50, F, shiny|\n|poke|p1|Incineroar, L50, M|\n|poke|p1|Rhyperior, L50, F|\n|poke|p1|Farigiraf, L50, M|\n|poke|p1|Basculegion, L50, M|\n|poke|p2|Raichu, L50, F|\n|poke|p2|Staraptor, L50, M, shiny|\n|poke|p2|Arcanine-Hisui, L50, F, shiny|\n|poke|p2|Farigiraf, L50, F, shiny|\n|poke|p2|Sylveon, L50, M, shiny|\n|poke|p2|Kingambit, L50, F, shiny|\n|teampreview|4\n|showteam|p1|Charizard||CharizarditeY|Blaze|HeatWave,WeatherBall,SolarBeam,Protect|Modest||F|||50|]Sylveon||FairyFeather|Pixilate|HyperVoice,QuickAttack,HyperBeam,Detect|Modest||F|||50|]Incineroar||SitrusBerry|Intimidate|FlareBlitz,ThroatChop,PartingShot,FakeOut|Adamant||M|||50|]Rhyperior||LifeOrb|SolidRock|HighHorsepower,RockSlide,IcePunch,Protect|Brave||F|||50|]Farigiraf||ColburBerry|ArmorTail|Psychic,Thunderbolt,TrickRoom,Protect|Modest||M|||50|]Basculegion||ChoiceScarf|Adaptability|WaveCrash,LastRespects,AquaJet,FlipTurn|Jolly||M|||50|\n|showteam|p2|Raichu||RaichuniteY|LightningRod|ZapCannon,FocusBlast,FakeOut,Protect|Timid||F|||50|]Staraptor||Staraptite|Intimidate|CloseCombat,DualWingbeat,Tailwind,Protect|Jolly||M|||50|]Arcanine-Hisui||FocusSash|RockHead|FlareBlitz,HeadSmash,ExtremeSpeed,Protect|Jolly||F|||50|]Farigiraf||SitrusBerry|ArmorTail|Psychic,HelpingHand,TrickRoom,Protect|Bold||F|||50|]Sylveon||FairyFeather|Pixilate|HyperBeam,HyperVoice,Protect,QuickAttack|Modest||M|||50|]Kingambit||LifeOrb|Defiant|SuckerPunch,SwordsDance,KowtowCleave,Protect|Adamant||F|||50|\n|inactive|Battle timer is ON: inactive players will automatically lose when time's up. (requested by shibikanon)\n|inactive|shibikanon has 60 seconds left.\n|\n|t:|1788340447\n|teamsize|p1|4\n|teamsize|p2|4\n|start\n|switch|p1a: Farigiraf|Farigiraf, L50, M|100/100\n|switch|p1b: Incineroar|Incineroar, L50, M|100/100\n|switch|p2a: Raichu|Raichu, L50, F|100/100\n|switch|p2b: Arcanine|Arcanine-Hisui, L50, F, shiny|100/100\n|-ability|p1b: Incineroar|Intimidate|boost\n|-unboost|p2a: Raichu|atk|1\n|-unboost|p2b: Arcanine|atk|1\n|turn|1\n|inactive|MartinFelice has 30 seconds left.\n|\n|t:|1788340478\n|switch|p2a: Farigiraf|Farigiraf, L50, F, shiny|100/100\n|switch|p1b: Rhyperior|Rhyperior, L50, F|100/100\n|move|p2b: Arcanine|Head Smash|p1b: Rhyperior\n|-resisted|p1b: Rhyperior|1\n|-damage|p1b: Rhyperior|83/100\n|move|p1a: Farigiraf|Trick Room|p1a: Farigiraf\n|-fieldstart|move: Trick Room|[of] p1a: Farigiraf\n|\n|upkeep\n|turn|2\n|\n|t:|1788340490\n|move|p2b: Arcanine|Protect|p2b: Arcanine\n|-singleturn|p2b: Arcanine|Protect\n|move|p1b: Rhyperior|Rock Slide|p2a: Farigiraf|[spread] p2a\n|-activate|p2b: Arcanine|move: Protect\n|-damage|p2a: Farigiraf|66/100\n|-damage|p1b: Rhyperior|73/100|[from] item: Life Orb\n|cant|p2a: Farigiraf|flinch\n|move|p1a: Farigiraf|Trick Room|p1a: Farigiraf\n|-fieldend|move: Trick Room\n|\n|upkeep\n|turn|3\n|inactive|MartinFelice has 30 seconds left.\n|\n|t:|1788340518\n|move|p2b: Arcanine|Flare Blitz|p1b: Rhyperior\n|-resisted|p1b: Rhyperior|1\n|-damage|p1b: Rhyperior|61/100\n|move|p2a: Farigiraf|Psychic|p1b: Rhyperior\n|-damage|p1b: Rhyperior|22/100\n|move|p1b: Rhyperior|Rock Slide|p2b: Arcanine|[spread] p2a\n|-miss|p1b: Rhyperior|p2b: Arcanine\n|-damage|p2a: Farigiraf|28/100\n|-enditem|p2a: Farigiraf|Sitrus Berry|[eat]\n|-heal|p2a: Farigiraf|53/100|[from] item: Sitrus Berry\n|-damage|p1b: Rhyperior|12/100|[from] item: Life Orb\n|move|p1a: Farigiraf|Trick Room|p1a: Farigiraf\n|-fieldstart|move: Trick Room|[of] p1a: Farigiraf\n|\n|upkeep\n|turn|4\n|\n|t:|1788340537\n|move|p2b: Arcanine|Protect|p2b: Arcanine\n|-singleturn|p2b: Arcanine|Protect\n|move|p1b: Rhyperior|Rock Slide|p2a: Farigiraf|[spread] p2a\n|-activate|p2b: Arcanine|move: Protect\n|-damage|p2a: Farigiraf|16/100\n|-damage|p1b: Rhyperior|2/100|[from] item: Life Orb\n|move|p1a: Farigiraf|Thunderbolt|p2a: Farigiraf\n|-damage|p2a: Farigiraf|0 fnt\n|faint|p2a: Farigiraf\n|\n|upkeep\n|\n|t:|1788340551\n|switch|p2a: Sylveon|Sylveon, L50, M, shiny|100/100\n|turn|5\n|\n|t:|1788340567\n|move|p1b: Rhyperior|Rock Slide|p2a: Sylveon|[spread] p2a,p2b\n|-crit|p2a: Sylveon\n|-supereffective|p2b: Arcanine|1\n|-damage|p2a: Sylveon|26/100\n|-enditem|p2b: Arcanine|Focus Sash\n|-damage|p2b: Arcanine|1/100\n|-damage|p1b: Rhyperior|0 fnt|[from] item: Life Orb\n|faint|p1b: Rhyperior\n|move|p1a: Farigiraf|Psychic|p2b: Arcanine\n|-damage|p2b: Arcanine|0 fnt\n|faint|p2b: Arcanine\n|cant|p2a: Sylveon|flinch\n|\n|upkeep\n|\n|t:|1788340579\n|switch|p1b: Sylveon|Sylveon, L50, F, shiny|100/100\n|switch|p2b: Raichu|Raichu, L50, F|100/100\n|turn|6\n|inactive|MartinFelice has 30 seconds left.\n|inactive|MartinFelice has 20 seconds left.\n|inactive|MartinFelice has 15 seconds left.\n|\n|t:|1788340622\n|detailschange|p2b: Raichu|Raichu-Mega-Y, L50, F\n|-mega|p2b: Raichu|Raichu|Raichunite Y\n|move|p1a: Farigiraf|Psychic|p2a: Sylveon\n|-damage|p2a: Sylveon|0 fnt\n|faint|p2a: Sylveon\n|move|p1b: Sylveon|Hyper Voice|p2b: Raichu\n|-damage|p2b: Raichu|18/100\n|move|p2b: Raichu|Zap Cannon|p1b: Sylveon\n|-damage|p1b: Sylveon|48/100\n|-status|p1b: Sylveon|par\n|\n|upkeep\n|turn|7\n|\n|t:|1788340634\n|move|p2b: Raichu|Protect|p2b: Raichu\n|-singleturn|p2b: Raichu|Protect\n|move|p1b: Sylveon|Hyper Voice|p2b: Raichu\n|-activate|p2b: Raichu|move: Protect\n|move|p1a: Farigiraf|Psychic|p2b: Raichu\n|-activate|p2b: Raichu|move: Protect\n|\n|-fieldend|move: Trick Room\n|upkeep\n|turn|8\n|\n|t:|1788340651\n|move|p1a: Farigiraf|Protect|p1a: Farigiraf\n|-singleturn|p1a: Farigiraf|Protect\n|move|p2b: Raichu|Zap Cannon|p1b: Sylveon\n|-damage|p1b: Sylveon|0 fnt\n|faint|p1b: Sylveon\n|\n|upkeep\n|\n|t:|1788340654\n|switch|p1b: Incineroar|Incineroar, L50, M|100/100\n|-ability|p1b: Incineroar|Intimidate|boost\n|-unboost|p2b: Raichu|atk|1\n|turn|9\n|\n|t:|1788340661\n|move|p2b: Raichu|Protect|p2b: Raichu\n|-singleturn|p2b: Raichu|Protect\n|move|p1b: Incineroar|Fake Out|p2b: Raichu\n|-activate|p2b: Raichu|move: Protect\n|move|p1a: Farigiraf|Trick Room|p1a: Farigiraf\n|-fieldstart|move: Trick Room|[of] p1a: Farigiraf\n|\n|upkeep\n|turn|10\n|\n|t:|1788340668\n|move|p1a: Farigiraf|Psychic|p2b: Raichu\n|-damage|p2b: Raichu|0 fnt\n|faint|p2b: Raichu\n|\n|win|shibikanon\n","uploadtime":1788340669,"views":"1","formatid":"gen9championsvgc2026regmbbo3","rating":null,"private":0,"password":null}