{"id":"gen9championsvgc2026regmbbo3-2674194169","format":"[Gen 9 Champions] VGC 2026 Reg M-B (Bo3)","players":["void25o","ZMegasOnFraudWatch"],"log":"|j|☆void25o\n|j|☆ZMegasOnFraudWatch\n|html|<table width=\"100%\"><tr><td align=\"left\">void25o</td><td align=\"right\">ZMegasOnFraudWatch</tr><tr><td align=\"left\"><i class=\"fa fa-circle\"></i> <i class=\"fa fa-circle-o\"></i> </td><td align=\"right\"><i class=\"fa fa-circle-o\"></i> <i class=\"fa fa-circle-o\"></i> </tr></table>\n|uhtml|bestof|<h2><strong>Game 2</strong> of <a href=\"/game-bestof3-gen9championsvgc2026regmbbo3-2674192524\">a best-of-3</a></h2>\n|t:|1788313439\n|gametype|doubles\n|player|p1|void25o|miku-ghost|1356\n|player|p2|ZMegasOnFraudWatch|psychic-gen2|1453\n|gen|9\n|tier|[Gen 9 Champions] VGC 2026 Reg M-B (Bo3)\n|rated|\n|rule|Species Clause: Limit one of each Pokémon\n|rule|Item Clause: Limit 1 of each item\n|clearpoke\n|poke|p1|Delphox, L50, F|\n|poke|p1|Basculegion, L50, M|\n|poke|p1|Farigiraf, L50, F, shiny|\n|poke|p1|Whimsicott, L50, F|\n|poke|p1|Sneasler, L50, F|\n|poke|p1|Blastoise, L50, M|\n|poke|p2|Scovillain, L50, M, shiny|\n|poke|p2|Basculegion, L50, M|\n|poke|p2|Kingambit, L50, M|\n|poke|p2|Sneasler, L50, M|\n|poke|p2|Lycanroc-Dusk, L50, F|\n|poke|p2|Froslass, L50, F|\n|teampreview|4\n|showteam|p1|Delphox||Delphoxite|Blaze|Psyshock,HeatWave,NastyPlot,Protect|Timid||F|||50|]Basculegion||LifeOrb|Adaptability|WaveCrash,LastRespects,AquaJet,Protect|Adamant||M|||50|]Farigiraf||ColburBerry|ArmorTail|FoulPlay,Psychic,HelpingHand,TrickRoom|Modest||F|||50|]Whimsicott||FocusSash|Prankster|Moonblast,Encore,Tailwind,Protect|Timid||F|||50|]Sneasler||WhiteHerb|Unburden|CloseCombat,DireClaw,FakeOut,Protect|Jolly||F|||50|]Blastoise||Blastoisinite|RainDish|ShellSmash,WaterSpout,DarkPulse,Protect|Modest||M|||50|\n|showteam|p2|Scovillain||Scovillainite|Moody|GigaDrain,Overheat,RagePowder,Protect|Bold||M|||50|]Basculegion||LifeOrb|Adaptability|WaveCrash,LastRespects,AquaJet,Protect|Adamant||M|||50|]Kingambit||BlackGlasses|Defiant|KowtowCleave,SuckerPunch,SwordsDance,Protect|Adamant||M|||50|]Sneasler||WhiteHerb|Unburden|FakeOut,GunkShot,CloseCombat,Protect|Adamant||M|||50|]Lycanroc-Dusk||FocusSash|ToughClaws|CloseCombat,Accelerock,RockSlide,Protect|Adamant||F|||50|]Froslass||Froslassite|CursedBody|Blizzard,ShadowBall,AuroraVeil,Protect|Timid||F|||50|\n|inactive|Battle timer is ON: inactive players will automatically lose when time's up. (requested by ZMegasOnFraudWatch)\n|\n|t:|1788313479\n|teamsize|p1|4\n|teamsize|p2|4\n|start\n|switch|p1a: Basculegion|Basculegion, L50, M|100/100\n|switch|p1b: Whimsicott|Whimsicott, L50, F|100/100\n|switch|p2a: BooPauls Veil Race|Froslass, L50, F|100/100\n|switch|p2b: Lil Specca|Basculegion, L50, M|100/100\n|turn|1\n|\n|t:|1788313492\n|switch|p2b: KTC Choppa|Kingambit, L50, M|100/100\n|detailschange|p2a: BooPauls Veil Race|Froslass-Mega, L50, F\n|-mega|p2a: BooPauls Veil Race|Froslass|Froslassite\n|-weather|Snowscape|[from] ability: Snow Warning|[of] p2a: BooPauls Veil Race\n|move|p1b: Whimsicott|Tailwind|p1b: Whimsicott\n|-sidestart|p1: void25o|move: Tailwind\n|move|p1a: Basculegion|Last Respects|p2b: KTC Choppa\n|-resisted|p2b: KTC Choppa|1\n|-damage|p2b: KTC Choppa|84/100\n|-damage|p1a: Basculegion|90/100|[from] item: Life Orb\n|move|p2a: BooPauls Veil Race|Aurora Veil|p2a: BooPauls Veil Race\n|-sidestart|p2: ZMegasOnFraudWatch|move: Aurora Veil\n|\n|-weather|Snowscape|[upkeep]\n|upkeep\n|turn|2\n|inactive|ZMegasOnFraudWatch has 30 seconds left.\n|\n|t:|1788313521\n|switch|p1a: Sneasler|Sneasler, L50, F|100/100\n|switch|p2a: Hardly Know Her|Sneasler, L50, M|100/100\n|move|p1b: Whimsicott|Encore||[still]\n|-fail|p1b: Whimsicott\n|move|p2b: KTC Choppa|Kowtow Cleave|p1a: Sneasler\n|-resisted|p1a: Sneasler|1\n|-damage|p1a: Sneasler|51/100\n|\n|-weather|Snowscape|[upkeep]\n|upkeep\n|turn|3\n|\n|t:|1788313534\n|switch|p2b: BooPauls Veil Race|Froslass-Mega, L50, F|100/100\n|move|p1a: Sneasler|Protect|p1a: Sneasler\n|-singleturn|p1a: Sneasler|Protect\n|move|p2a: Hardly Know Her|Fake Out|p1a: Sneasler\n|-activate|p1a: Sneasler|move: Protect\n|move|p1b: Whimsicott|Moonblast|p2a: Hardly Know Her\n|-damage|p2a: Hardly Know Her|69/100\n|\n|-weather|Snowscape|[upkeep]\n|upkeep\n|turn|4\n|\n|t:|1788313546\n|switch|p1a: Delphox|Delphox, L50, F|100/100\n|switch|p2a: Lil Specca|Basculegion, L50, M|100/100\n|move|p1b: Whimsicott|Protect|p1b: Whimsicott\n|-singleturn|p1b: Whimsicott|Protect\n|move|p2b: BooPauls Veil Race|Blizzard|p1b: Whimsicott|[spread] p1a\n|-activate|p1b: Whimsicott|move: Protect\n|-resisted|p1a: Delphox|1\n|-damage|p1a: Delphox|79/100\n|\n|-weather|Snowscape|[upkeep]\n|-sideend|p1: void25o|move: Tailwind\n|upkeep\n|turn|5\n|\n|t:|1788313556\n|move|p1a: Delphox|Protect|p1a: Delphox\n|-singleturn|p1a: Delphox|Protect\n|move|p2a: Lil Specca|Aqua Jet|p1a: Delphox\n|-activate|p1a: Delphox|move: Protect\n|move|p1b: Whimsicott|Moonblast|p2a: Lil Specca\n|-damage|p2a: Lil Specca|73/100\n|move|p2b: BooPauls Veil Race|Shadow Ball|p1b: Whimsicott\n|-damage|p1b: Whimsicott|35/100\n|\n|-weather|none\n|-sideend|p2: ZMegasOnFraudWatch|move: Aurora Veil\n|upkeep\n|turn|6\n|\n|t:|1788313571\n|detailschange|p1a: Delphox|Delphox-Mega, L50, F\n|-mega|p1a: Delphox|Delphox|Delphoxite\n|move|p1b: Whimsicott|Tailwind|p1b: Whimsicott\n|-sidestart|p1: void25o|move: Tailwind\n|move|p2a: Lil Specca|Aqua Jet|p1a: Delphox\n|-supereffective|p1a: Delphox|1\n|-damage|p1a: Delphox|7/100\n|-damage|p2a: Lil Specca|63/100|[from] item: Life Orb\n|move|p1a: Delphox|Heat Wave|p2b: BooPauls Veil Race|[spread] p2a,p2b\n|-resisted|p2a: Lil Specca|1\n|-supereffective|p2b: BooPauls Veil Race|1\n|-damage|p2a: Lil Specca|42/100\n|-damage|p2b: BooPauls Veil Race|31/100\n|-status|p2b: BooPauls Veil Race|brn\n|move|p2b: BooPauls Veil Race|Shadow Ball|p1a: Delphox\n|-supereffective|p1a: Delphox|1\n|-crit|p1a: Delphox\n|-damage|p1a: Delphox|0 fnt\n|faint|p1a: Delphox\n|\n|-damage|p2b: BooPauls Veil Race|25/100 brn|[from] brn\n|upkeep\n|\n|t:|1788313582\n|switch|p1a: Basculegion|Basculegion, L50, M|90/100\n|turn|7\n|\n|t:|1788313600\n|switch|p2a: KTC Choppa|Kingambit, L50, M|84/100\n|move|p1b: Whimsicott|Moonblast|p2b: BooPauls Veil Race\n|-damage|p2b: BooPauls Veil Race|0 fnt\n|faint|p2b: BooPauls Veil Race\n|move|p1a: Basculegion|Last Respects|p2a: KTC Choppa\n|-resisted|p2a: KTC Choppa|1\n|-damage|p2a: KTC Choppa|56/100\n|-damage|p1a: Basculegion|80/100|[from] item: Life Orb\n|\n|upkeep\n|\n|t:|1788313602\n|switch|p2b: Hardly Know Her|Sneasler, L50, M|69/100\n|turn|8\n|\n|t:|1788313609\n|move|p1b: Whimsicott|Protect|p1b: Whimsicott\n|-singleturn|p1b: Whimsicott|Protect\n|move|p1a: Basculegion|Protect|p1a: Basculegion\n|-singleturn|p1a: Basculegion|Protect\n|move|p2b: Hardly Know Her|Gunk Shot|p1b: Whimsicott\n|-activate|p1b: Whimsicott|move: Protect\n|move|p2a: KTC Choppa|Kowtow Cleave|p1a: Basculegion\n|-activate|p1a: Basculegion|move: Protect\n|\n|upkeep\n|turn|9\n|\n|t:|1788313633\n|move|p1a: Basculegion|Aqua Jet|p2b: Hardly Know Her\n|-crit|p2b: Hardly Know Her\n|-damage|p2b: Hardly Know Her|0 fnt\n|faint|p2b: Hardly Know Her\n|-damage|p1a: Basculegion|70/100|[from] item: Life Orb\n|move|p2a: KTC Choppa|Sucker Punch||[still]\n|-fail|p2a: KTC Choppa\n|move|p1b: Whimsicott|Moonblast|p2a: KTC Choppa\n|-damage|p2a: KTC Choppa|18/100\n|\n|-sideend|p1: void25o|move: Tailwind\n|upkeep\n|\n|t:|1788313635\n|switch|p2b: Lil Specca|Basculegion, L50, M|42/100\n|turn|10\n|c|☆void25o|i doubled sneasler for the record\n|\n|t:|1788313657\n|move|p1b: Whimsicott|Protect|p1b: Whimsicott\n|-singleturn|p1b: Whimsicott|Protect\n|move|p1a: Basculegion|Protect|p1a: Basculegion\n|-singleturn|p1a: Basculegion|Protect\n|move|p2a: KTC Choppa|Protect|p2a: KTC Choppa\n|-singleturn|p2a: KTC Choppa|Protect\n|move|p2b: Lil Specca|Last Respects|p1a: Basculegion\n|-activate|p1a: Basculegion|move: Protect\n|\n|upkeep\n|turn|11\n|-message|ZMegasOnFraudWatch forfeited.\n|\n|win|void25o\n|raw|void25o's rating: 1356 &rarr; <strong>1381</strong><br />(+25 for winning)\n|raw|ZMegasOnFraudWatch's rating: 1453 &rarr; <strong>1428</strong><br />(-25 for losing)\n|l|☆ZMegasOnFraudWatch\n|player|p2|\n|j|☆ZMegasOnFraudWatch\n|player|p2|ZMegasOnFraudWatch|psychic-gen2|\n","uploadtime":1788313677,"views":"9","formatid":"gen9championsvgc2026regmbbo3","rating":1381,"private":0,"password":null}