{"id":"gen9championsvgc2026regmb-2674545800","format":"[Gen 9 Champions] VGC 2026 Reg M-B","players":["riversofbabylon","Clownbot"],"log":"|j|☆riversofbabylon\n|j|☆Clownbot\n|t:|1788372365\n|gametype|doubles\n|player|p1|riversofbabylon|102|1175\n|player|p2|Clownbot|brycenman|1115\n|gen|9\n|tier|[Gen 9 Champions] VGC 2026 Reg M-B\n|rated|\n|rule|Species Clause: Limit one of each Pokémon\n|rule|Item Clause: Limit 1 of each item\n|clearpoke\n|poke|p1|Glimmora, L50, M|\n|poke|p1|Toxapex, L50, F|\n|poke|p1|Chesnaught, L50, M|\n|poke|p1|Incineroar, L50, M|\n|poke|p1|Zoroark-Hisui, L50, M|\n|poke|p1|Scolipede, L50, M|\n|poke|p2|Charizard, L50, M|\n|poke|p2|Garchomp, L50, M|\n|poke|p2|Whimsicott, L50, F, shiny|\n|poke|p2|Gholdengo, L50|\n|poke|p2|Farigiraf, L50, F|\n|poke|p2|Sneasler, L50, M|\n|teampreview|4\nriversofbabylon has agreed to open team sheets.\n|inactive|Battle timer is ON: inactive players will automatically lose when time's up. (requested by riversofbabylon)\n|inactive|riversofbabylon has 60 seconds left.\n|inactive|Clownbot has 60 seconds left.\n|\n|t:|1788372421\n|teamsize|p1|4\n|teamsize|p2|4\n|start\n|switch|p1a: Glimmora|Glimmora, L50, M|100/100\n|switch|p1b: Chesnaught|Chesnaught, L50, M|100/100\n|switch|p2a: Charizard|Charizard, L50, M|100/100\n|switch|p2b: Whimsicott|Whimsicott, L50, F, shiny|100/100\n|turn|1\n|inactive|riversofbabylon has 30 seconds left.\n|\n|t:|1788372450\n|detailschange|p2a: Charizard|Charizard-Mega-Y, L50, M\n|-mega|p2a: Charizard|Charizard|Charizardite Y\n|-weather|SunnyDay|[from] ability: Drought|[of] p2a: Charizard\n|move|p2b: Whimsicott|Tailwind|p2b: Whimsicott\n|-sidestart|p2: Clownbot|move: Tailwind\n|move|p2a: Charizard|Heat Wave|p1a: Glimmora|[spread] p1b\n|-miss|p2a: Charizard|p1a: Glimmora\n|-damage|p1b: Chesnaught|0 fnt\n|replace|p1b: Zoroark|Zoroark-Hisui, L50, M\n|-end|p1b: Zoroark|Illusion\n|faint|p1b: Zoroark\n|move|p1a: Glimmora|Power Gem|p2b: Whimsicott\n|-damage|p2b: Whimsicott|25/100\n|\n|-weather|SunnyDay|[upkeep]\n|upkeep\n|\n|t:|1788372464\n|switch|p1b: Toxapex|Toxapex, L50, F|100/100\n|turn|2\n|\n|t:|1788372485\n|move|p2b: Whimsicott|Protect|p2b: Whimsicott\n|-singleturn|p2b: Whimsicott|Protect\n|move|p1b: Toxapex|Wide Guard|p1b: Toxapex\n|-singleturn|p1b: Toxapex|Wide Guard\n|move|p2a: Charizard|Heat Wave|p1a: Glimmora|[spread] \n|-activate|p1a: Glimmora|move: Wide Guard\n|-activate|p1b: Toxapex|move: Wide Guard\n|move|p1a: Glimmora|Power Gem|p2b: Whimsicott\n|-activate|p2b: Whimsicott|move: Protect\n|\n|-weather|SunnyDay|[upkeep]\n|upkeep\n|turn|3\n|\n|t:|1788372507\n|switch|p2b: Garchomp|Garchomp, L50, M|100/100\n|move|p1b: Toxapex|Wide Guard|p1b: Toxapex\n|-singleturn|p1b: Toxapex|Wide Guard\n|move|p2a: Charizard|Weather Ball|p1a: Glimmora\n|-resisted|p1a: Glimmora|1\n|-damage|p1a: Glimmora|43/100\n|move|p1a: Glimmora|Power Gem|p2b: Garchomp\n|-resisted|p2b: Garchomp|1\n|-damage|p2b: Garchomp|78/100\n|\n|-weather|SunnyDay|[upkeep]\n|upkeep\n|turn|4\n|\n|t:|1788372529\n|move|p1b: Toxapex|Wide Guard|p1b: Toxapex\n|-singleturn|p1b: Toxapex|Wide Guard\n|move|p2b: Garchomp|Dragon Claw|p1b: Toxapex\n|-damage|p1b: Toxapex|66/100\n|-damage|p2b: Garchomp|68/100|[from] item: Life Orb\n|move|p2a: Charizard|Weather Ball|p1a: Glimmora\n|-resisted|p1a: Glimmora|1\n|-damage|p1a: Glimmora|0 fnt\n|faint|p1a: Glimmora\n|\n|-weather|SunnyDay|[upkeep]\n|-sideend|p2: Clownbot|move: Tailwind\n|upkeep\n|\n|t:|1788372540\n|switch|p1a: Chesnaught|Chesnaught, L50, M|100/100\n|turn|5\n|\n|t:|1788372549\n|detailschange|p1a: Chesnaught|Chesnaught-Mega, L50, M\n|-mega|p1a: Chesnaught|Chesnaught|Chesnaughtite\n|move|p1b: Toxapex|Wide Guard|p1b: Toxapex\n|-singleturn|p1b: Toxapex|Wide Guard\n|move|p2b: Garchomp|Dragon Claw|p1b: Toxapex\n|-damage|p1b: Toxapex|34/100\n|-damage|p2b: Garchomp|58/100|[from] item: Life Orb\n|move|p2a: Charizard|Weather Ball|p1a: Chesnaught\n|-immune|p1a: Chesnaught|[from] ability: Bulletproof\n|move|p1a: Chesnaught|Leech Seed|p2a: Charizard\n|-start|p2a: Charizard|move: Leech Seed\n|\n|-weather|none\n|-damage|p2a: Charizard|87/100|[from] Leech Seed|[of] p1a: Chesnaught\n|upkeep\n|turn|6\n|\n|t:|1788372568\n|switch|p2a: Farigiraf|Farigiraf, L50, F|100/100\n|move|p1b: Toxapex|Baneful Bunker||[still]\n|-fail|p1b: Toxapex\n|move|p2b: Garchomp|Dragon Claw|p1b: Toxapex\n|-damage|p1b: Toxapex|0 fnt\n|faint|p1b: Toxapex\n|-damage|p2b: Garchomp|48/100|[from] item: Life Orb\n|move|p1a: Chesnaught|Iron Defense|p1a: Chesnaught\n|-boost|p1a: Chesnaught|def|2\n|\n|upkeep\n|turn|7\n|\n|t:|1788372583\n|move|p2b: Garchomp|Dragon Claw|p1a: Chesnaught\n|-damage|p1a: Chesnaught|85/100\n|-damage|p2b: Garchomp|38/100|[from] item: Life Orb\n|move|p2a: Farigiraf|Psychic|p1a: Chesnaught\n|-supereffective|p1a: Chesnaught|1\n|-damage|p1a: Chesnaught|45/100\n|move|p1a: Chesnaught|Leech Seed|p2a: Farigiraf\n|-start|p2a: Farigiraf|move: Leech Seed\n|\n|-damage|p2a: Farigiraf|87/100|[from] Leech Seed|[of] p1a: Chesnaught\n|-heal|p1a: Chesnaught|59/100|[silent]\n|upkeep\n|turn|8\n|\n|t:|1788372598\n|switch|p2a: Charizard|Charizard-Mega-Y, L50, M|87/100\n|-weather|SunnyDay|[from] ability: Drought|[of] p2a: Charizard\n|move|p1a: Chesnaught|Spiky Shield|p1a: Chesnaught\n|-singleturn|p1a: Chesnaught|move: Protect\n|move|p2b: Garchomp|Dragon Claw|p1a: Chesnaught\n|-activate|p1a: Chesnaught|move: Protect\n|-damage|p2b: Garchomp|26/100|[from] Spiky Shield|[of] p1a: Chesnaught\n|\n|-weather|SunnyDay|[upkeep]\n|upkeep\n|turn|9\n|-message|riversofbabylon forfeited.\n|\n|win|Clownbot\n|raw|riversofbabylon's rating: 1175 &rarr; <strong>1147</strong><br />(-28 for losing)\n|raw|Clownbot's rating: 1135 &rarr; <strong>1163</strong><br />(+28 for winning)\n|l|☆riversofbabylon\n|player|p1|\n","uploadtime":1788372605,"views":"0","formatid":"gen9championsvgc2026regmb","rating":1147,"private":0,"password":null}