{"id":"gen9championsvgc2026regmb-2673883960","format":"[Gen 9 Champions] VGC 2026 Reg M-B","players":["astrobagel1","JoseFigueiras"],"log":"|j|☆astrobagel1\n|j|☆JoseFigueiras\n|t:|1788272811\n|gametype|doubles\n|player|p1|astrobagel1|roxie|1244\n|player|p2|JoseFigueiras|265|1196\n|gen|9\n|tier|[Gen 9 Champions] VGC 2026 Reg M-B\n|rated|\n|rule|Species Clause: Limit one of each Pokémon\n|rule|Item Clause: Limit 1 of each item\n|clearpoke\n|poke|p1|Weavile, L50, M|\n|poke|p1|Glimmora, L50, F|\n|poke|p1|Palafin, L50, M|\n|poke|p1|Meowscarada, L50, F|\n|poke|p1|Delphox, L50, M|\n|poke|p1|Garchomp, L50, M|\n|poke|p2|Ninetales-Alola, L50, M|\n|poke|p2|Blaziken, L50, F|\n|poke|p2|Sinistcha, L50|\n|poke|p2|Milotic, L50, F|\n|poke|p2|Froslass, L50, F|\n|poke|p2|Kangaskhan, L50, F|\n|teampreview|4\n|inactive|Battle timer is ON: inactive players will automatically lose when time's up. (requested by JoseFigueiras)\n|\n|t:|1788272832\n|teamsize|p1|4\n|teamsize|p2|4\n|start\n|switch|p1a: Palafin|Palafin, L50, M|100/100\n|switch|p1b: Delphox|Delphox, L50, M|100/100\n|switch|p2a: Ninetales|Ninetales-Alola, L50, M|100/100\n|switch|p2b: Blaziken|Blaziken, L50, F|100/100\n|-weather|Snowscape|[from] ability: Snow Warning|[of] p2a: Ninetales\n|turn|1\n|\n|t:|1788272856\n|detailschange|p1b: Delphox|Delphox-Mega, L50, M\n|-mega|p1b: Delphox|Delphox|Delphoxite\n|move|p1b: Delphox|Calm Mind|p1b: Delphox\n|-boost|p1b: Delphox|spa|1\n|-boost|p1b: Delphox|spd|1\n|move|p2a: Ninetales|Aurora Veil|p2a: Ninetales\n|-sidestart|p2: JoseFigueiras|move: Aurora Veil\n|move|p1a: Palafin|Wave Crash|p2b: Blaziken\n|-supereffective|p2b: Blaziken|1\n|-damage|p2b: Blaziken|10/100\n|-damage|p1a: Palafin|71/100|[from] Recoil\n|move|p2b: Blaziken|Swords Dance|p2b: Blaziken\n|-boost|p2b: Blaziken|atk|2\n|\n|-weather|Snowscape|[upkeep]\n|-ability|p2b: Blaziken|Speed Boost|boost\n|-boost|p2b: Blaziken|spe|1\n|upkeep\n|turn|2\n|\n|t:|1788272876\n|move|p1a: Palafin|Protect|p1a: Palafin\n|-singleturn|p1a: Palafin|Protect\n|move|p1b: Delphox|Heat Wave|p2b: Blaziken|[spread] p2a,p2b\n|-supereffective|p2a: Ninetales|1\n|-resisted|p2b: Blaziken|1\n|-damage|p2a: Ninetales|0 fnt\n|-damage|p2b: Blaziken|0 fnt\n|faint|p2a: Ninetales\n|faint|p2b: Blaziken\n|\n|-weather|Snowscape|[upkeep]\n|upkeep\n|\n|t:|1788272883\n|switch|p2a: Froslass|Froslass, L50, F|100/100\n|switch|p2b: Kangaskhan|Kangaskhan, L50, F|100/100\n|turn|3\n|\n|t:|1788272889\n|detailschange|p1a: Palafin|Palafin-Hero, L50, M\n|switch|p1a: Weavile|Weavile, L50, M|100/100\n|detailschange|p2a: Froslass|Froslass-Mega, L50, F\n|-mega|p2a: Froslass|Froslass|Froslassite\n|move|p2b: Kangaskhan|Fake Out|p1b: Delphox\n|-damage|p1b: Delphox|62/100\n|cant|p1b: Delphox|flinch\n|move|p2a: Froslass|Blizzard|p1b: Delphox|[spread] p1a,p1b\n|-resisted|p1a: Weavile|1\n|-crit|p1a: Weavile\n|-resisted|p1b: Delphox|1\n|-damage|p1a: Weavile|45/100\n|-damage|p1b: Delphox|46/100\n|\n|-weather|Snowscape|[upkeep]\n|upkeep\n|turn|4\n|\n|t:|1788272904\n|move|p1a: Weavile|Fake Out|p2b: Kangaskhan\n|-damage|p2b: Kangaskhan|89/100\n|move|p1b: Delphox|Heat Wave|p2a: Froslass|[spread] p2a,p2b\n|-supereffective|p2a: Froslass|1\n|-damage|p2a: Froslass|0 fnt\n|-damage|p2b: Kangaskhan|44/100\n|faint|p2a: Froslass\n|cant|p2b: Kangaskhan|flinch\n|\n|-weather|Snowscape|[upkeep]\n|upkeep\n|turn|5\n|-message|JoseFigueiras forfeited.\n|\n|win|astrobagel1\n|raw|astrobagel1's rating: 1244 &rarr; <strong>1266</strong><br />(+22 for winning)\n|raw|JoseFigueiras's rating: 1196 &rarr; <strong>1174</strong><br />(-22 for losing)\n|l|☆JoseFigueiras\n|player|p2|\n","uploadtime":1788272915,"views":"7","formatid":"gen9championsvgc2026regmb","rating":1174,"private":0,"password":null}