{"id":"gen9championsvgc2026regmbbo3-2673335579","format":"[Gen 9 Champions] VGC 2026 Reg M-B (Bo3)","players":["ArielcitoTedetona","polichetodattacco"],"log":"|j|☆ArielcitoTedetona\n|j|☆polichetodattacco\n|html|<table width=\"100%\"><tr><td align=\"left\">ArielcitoTedetona</td><td align=\"right\">polichetodattacco</tr><tr><td align=\"left\"><i class=\"fa fa-circle-o\"></i> <i class=\"fa fa-circle-o\"></i> </td><td align=\"right\"><i class=\"fa fa-circle-o\"></i> <i class=\"fa fa-circle\"></i> </tr></table>\n|uhtml|bestof|<h2><strong>Game 2</strong> of <a href=\"/game-bestof3-gen9championsvgc2026regmbbo3-2673333599\">a best-of-3</a></h2>\n|t:|1788185016\n|gametype|doubles\n|player|p1|ArielcitoTedetona|265|1146\n|player|p2|polichetodattacco|clown|1139\n|gen|9\n|tier|[Gen 9 Champions] VGC 2026 Reg M-B (Bo3)\n|rated|\n|rule|Species Clause: Limit one of each Pokémon\n|rule|Item Clause: Limit 1 of each item\n|clearpoke\n|poke|p1|Charizard, L50, F|\n|poke|p1|Incineroar, L50, F|\n|poke|p1|Venusaur, L50, M|\n|poke|p1|Garchomp, L50, M|\n|poke|p1|Sylveon, L50, M|\n|poke|p1|Annihilape, L50, M|\n|poke|p2|Hatterene, L50, F|\n|poke|p2|Torkoal, L50, F|\n|poke|p2|Venusaur, L50, F|\n|poke|p2|Charizard, L50, F|\n|poke|p2|Kingambit, L50, F|\n|poke|p2|Raichu, L50, M|\n|teampreview|4\n|showteam|p1|Charizard||CharizarditeY|Blaze|WeatherBall,HeatWave,AncientPower,Protect|Modest||F|||50|]Incineroar||SitrusBerry|Intimidate|FakeOut,FlareBlitz,DarkestLariat,PartingShot|Impish||F|||50|]Venusaur||LifeOrb|Chlorophyll|LeafStorm,SludgeBomb,EarthPower,Protect|Modest||M|||50|]Garchomp||ChoiceScarf|RoughSkin|Earthquake,DragonClaw,RockSlide,StompingTantrum|Adamant||M|||50|]Sylveon||FairyFeather|Pixilate|HyperVoice,Yawn,QuickAttack,Detect|Modest||M|||50|]Annihilape||FocusSash|Defiant|RockTomb,CloseCombat,RageFist,Protect|Jolly||M|||50|\n|showteam|p2|Hatterene||SitrusBerry|MagicBounce|TrickRoom,DazzlingGleam,Psychic,Protect|Sassy||F|||50|]Torkoal||Charcoal|Drought|Eruption,SolarBeam,EarthPower,Protect|Quiet||F|||50|]Venusaur||FocusSash|Chlorophyll|WeatherBall,SludgeBomb,SleepPowder,SolarBeam|Modest||F|||50|]Charizard||CharizarditeY|SolarPower|WeatherBall,SolarBeam,HeatWave,Protect|Timid||F|||50|]Kingambit||LifeOrb|Defiant|KowtowCleave,SuckerPunch,IronHead,Protect|Brave||F|||50|]Raichu||RaichuniteY|LightningRod|ZapCannon,FakeOut,Protect,FocusBlast|Hasty||M|||50|\n|inactive|Battle timer is ON: inactive players will automatically lose when time's up. (requested by polichetodattacco)\n|\n|t:|1788185048\n|teamsize|p1|4\n|teamsize|p2|4\n|start\n|switch|p1a: moron|Incineroar, L50, F|100/100\n|switch|p1b: megaladron|Garchomp, L50, M|100/100\n|switch|p2a: Charizard|Charizard, L50, F|100/100\n|switch|p2b: Raichu|Raichu, L50, M|100/100\n|-ability|p1a: moron|Intimidate|boost\n|-unboost|p2a: Charizard|atk|1\n|-unboost|p2b: Raichu|atk|1\n|turn|1\n|inactive|ArielcitoTedetona has 30 seconds left.\n|inactive|polichetodattacco has 30 seconds left.\n|inactive|polichetodattacco has 20 seconds left.\n|\n|t:|1788185088\n|detailschange|p2a: Charizard|Charizard-Mega-Y, L50, F\n|-mega|p2a: Charizard|Charizard|Charizardite Y\n|-weather|SunnyDay|[from] ability: Drought|[of] p2a: Charizard\n|move|p2b: Raichu|Fake Out|p1b: megaladron\n|-damage|p1b: megaladron|94/100\n|-damage|p2b: Raichu|88/100|[from] ability: Rough Skin|[of] p1b: megaladron\n|move|p1a: moron|Fake Out|p2b: Raichu\n|-damage|p2b: Raichu|61/100\n|cant|p1b: megaladron|flinch\n|move|p2a: Charizard|Heat Wave|p1b: megaladron|[spread] p1a\n|-miss|p2a: Charizard|p1b: megaladron\n|-resisted|p1a: moron|1\n|-damage|p1a: moron|73/100\n|\n|-weather|SunnyDay|[upkeep]\n|upkeep\n|turn|2\n|inactive|ArielcitoTedetona has 30 seconds left.\n|\n|t:|1788185115\n|move|p1b: megaladron|Rock Slide|p2b: Raichu|[spread] p2a,p2b\n|-supereffective|p2a: Charizard|2\n|-damage|p2a: Charizard|0 fnt\n|-damage|p2b: Raichu|11/100\n|faint|p2a: Charizard\n|move|p2b: Raichu|Focus Blast|p1a: moron\n|-supereffective|p1a: moron|1\n|-damage|p1a: moron|22/100\n|-enditem|p1a: moron|Sitrus Berry|[eat]\n|-heal|p1a: moron|47/100|[from] item: Sitrus Berry\n|move|p1a: moron|Parting Shot|p2b: Raichu\n|-unboost|p2b: Raichu|atk|1\n|-unboost|p2b: Raichu|spa|1\n|\n|t:|1788185129\n|switch|p1a: malozard|Charizard, L50, F|100/100|[from] Parting Shot\n|\n|-weather|SunnyDay|[upkeep]\n|upkeep\n|\n|t:|1788185134\n|switch|p2a: Venusaur|Venusaur, L50, F|100/100\n|turn|3\n|\n|t:|1788185146\n|detailschange|p1a: malozard|Charizard-Mega-Y, L50, F\n|-mega|p1a: malozard|Charizard|Charizardite Y\n|move|p2a: Venusaur|Sleep Powder|p1b: megaladron\n|-status|p1b: megaladron|slp|[from] move: Sleep Powder\n|cant|p1b: megaladron|slp\n|move|p2b: Raichu|Zap Cannon|p1a: malozard|[miss]\n|-miss|p2b: Raichu|p1a: malozard\n|move|p1a: malozard|Heat Wave|p2b: Raichu|[spread] p2a\n|-miss|p1a: malozard|p2b: Raichu\n|-supereffective|p2a: Venusaur|1\n|-enditem|p2a: Venusaur|Focus Sash\n|-damage|p2a: Venusaur|1/100\n|\n|-weather|SunnyDay|[upkeep]\n|upkeep\n|turn|4\n|\n|t:|1788185163\n|move|p1a: malozard|Protect|p1a: malozard\n|-singleturn|p1a: malozard|Protect\n|move|p2a: Venusaur|Sleep Powder|p1a: malozard\n|-activate|p1a: malozard|move: Protect\n|cant|p1b: megaladron|slp\n|move|p2b: Raichu|Zap Cannon|p1a: malozard\n|-activate|p1a: malozard|move: Protect\n|\n|-weather|SunnyDay|[upkeep]\n|upkeep\n|turn|5\n|\n|t:|1788185175\n|switch|p1a: moron|Incineroar, L50, F|47/100\n|-ability|p1a: moron|Intimidate|boost\n|-unboost|p2a: Venusaur|atk|1\n|-unboost|p2b: Raichu|atk|1\n|move|p2a: Venusaur|Solar Beam||[still]\n|-prepare|p2a: Venusaur|Solar Beam\n|-anim|p2a: Venusaur|Solar Beam|p1b: megaladron\n|-damage|p1b: megaladron|35/100 slp\n|-curestatus|p1b: megaladron|slp|[msg]\n|move|p1b: megaladron|Rock Slide|p2a: Venusaur|[spread] p2a,p2b\n|-damage|p2a: Venusaur|0 fnt\n|-damage|p2b: Raichu|0 fnt\n|faint|p2a: Venusaur\n|faint|p2b: Raichu\n|\n|-weather|none\n|upkeep\n|\n|t:|1788185184\n|switch|p2b: Kingambit|Kingambit, L50, F|100/100\n|turn|6\n|\n|t:|1788185197\n|move|p2b: Kingambit|Sucker Punch|p1a: moron\n|-resisted|p1a: moron|1\n|-damage|p1a: moron|25/100\n|-damage|p2b: Kingambit|90/100|[from] item: Life Orb\n|move|p1b: megaladron|Rock Slide|p2b: Kingambit\n|-resisted|p2b: Kingambit|1\n|-damage|p2b: Kingambit|78/100\n|move|p1a: moron|Flare Blitz|p2b: Kingambit\n|-supereffective|p2b: Kingambit|1\n|-crit|p2b: Kingambit\n|-damage|p2b: Kingambit|0 fnt\n|faint|p2b: Kingambit\n|-damage|p1a: moron|0 fnt|[from] Recoil\n|faint|p1a: moron\n|\n|win|ArielcitoTedetona\n||polichetodattacco is ready for game 3.\n|l|☆polichetodattacco\n|player|p2|\n|inactive|ArielcitoTedetona has 30 seconds to confirm battle start!\n","uploadtime":1788185211,"views":"0","formatid":"gen9championsvgc2026regmbbo3","rating":null,"private":0,"password":null}