{"id":"gen9championsvgc2026regmbbo3-2673689258","format":"[Gen 9 Champions] VGC 2026 Reg M-B (Bo3)","players":["shibikanon","TicklemyStaraptor"],"log":"|j|☆shibikanon\n|j|☆TicklemyStaraptor\n|html|<table width=\"100%\"><tr><td align=\"left\">shibikanon</td><td align=\"right\">TicklemyStaraptor</tr><tr><td align=\"left\"><i class=\"fa fa-circle\"></i> <i class=\"fa fa-circle-o\"></i> </td><td align=\"right\"><i class=\"fa fa-circle-o\"></i> <i class=\"fa fa-circle-o\"></i> </tr></table>\n|uhtml|bestof|<h2><strong>Game 2</strong> of <a href=\"/game-bestof3-gen9championsvgc2026regmbbo3-2673688605\">a best-of-3</a></h2>\n|t:|1788233676\n|gametype|doubles\n|player|p1|shibikanon|skyla-masters3|1141\n|player|p2|TicklemyStaraptor|sisandbro|1056\n|gen|9\n|tier|[Gen 9 Champions] VGC 2026 Reg M-B (Bo3)\n|rated|\n|rule|Species Clause: Limit one of each Pokémon\n|rule|Item Clause: Limit 1 of each item\n|clearpoke\n|poke|p1|Blaziken, L50, F|\n|poke|p1|Froslass, L50, F|\n|poke|p1|Kingambit, L50, M|\n|poke|p1|Dragonite, L50, F|\n|poke|p1|Basculegion, L50, M|\n|poke|p1|Sneasler, L50, M|\n|poke|p2|Farigiraf, L50, F|\n|poke|p2|Infernape, L50, M|\n|poke|p2|Whimsicott, L50, F, shiny|\n|poke|p2|Greninja, L50, M, shiny|\n|poke|p2|Charizard, L50, M, shiny|\n|poke|p2|Sableye, L50, F, shiny|\n|teampreview|4\n|showteam|p1|Blaziken||Blazikenite|SpeedBoost|CloseCombat,FlareBlitz,RockSlide,Detect|Adamant||F|||50|]Froslass||Froslassite|SnowCloak|Blizzard,ShadowBall,AuroraVeil,Protect|Modest||F|||50|]Kingambit||LifeOrb|Defiant|KowtowCleave,SuckerPunch,SwordsDance,Protect|Adamant||M|||50|]Dragonite||DragonFang|InnerFocus|DragonClaw,LowKick,ExtremeSpeed,Protect|Adamant||F|||50|]Basculegion||SitrusBerry|Adaptability|WaveCrash,LastRespects,AquaJet,Protect|Adamant||M|||50|]Sneasler||FocusSash|PoisonTouch|CloseCombat,PoisonJab,FakeOut,Protect|Jolly||M|||50|\n|showteam|p2|Farigiraf||SitrusBerry|ArmorTail|HelpingHand,SunnyDay,Thunderbolt,TrickRoom|Relaxed||F|||50|]Infernape||FocusSash|Blaze|HeatWave,FocusBlast,SolarBeam,Protect|Timid||M|||50|]Whimsicott||LifeOrb|Prankster|SunnyDay,SolarBeam,Moonblast,Psychic|Modest||F|||50|]Greninja||Greninjite|Protean|HydroPump,SludgeWave,Blizzard,DarkPulse|Timid||M|||50|]Charizard||CharizarditeY|Blaze|DragonPulse,AirSlash,HeatWave,HelpingHand|Timid||M|||50|]Sableye||RoseliBerry|Prankster|FoulPlay,SunnyDay,Quash,Gravity|Bold||F|||50|\n|inactive|Battle timer is ON: inactive players will automatically lose when time's up. (requested by shibikanon)\n|\n|t:|1788233690\n|teamsize|p1|4\n|teamsize|p2|4\n|start\n|switch|p1a: Blaziken|Blaziken, L50, F|100/100\n|switch|p1b: Sneasler|Sneasler, L50, M|100/100\n|switch|p2a: Infernape|Infernape, L50, M|100/100\n|switch|p2b: Sableye|Sableye, L50, F, shiny|100/100\n|turn|1\n|\n|t:|1788233705\n|detailschange|p1a: Blaziken|Blaziken-Mega, L50, F\n|-mega|p1a: Blaziken|Blaziken|Blazikenite\n|move|p2a: Infernape|Protect|p2a: Infernape\n|-singleturn|p2a: Infernape|Protect\n|move|p1b: Sneasler|Fake Out|p2a: Infernape\n|-activate|p2a: Infernape|move: Protect\n|move|p2b: Sableye|Gravity|p2b: Sableye\n|-fieldstart|move: Gravity\n|move|p1a: Blaziken|Rock Slide|p2a: Infernape|[spread] p2b\n|-activate|p2a: Infernape|move: Protect\n|-damage|p2b: Sableye|71/100\n|\n|-ability|p1a: Blaziken|Speed Boost|boost\n|-boost|p1a: Blaziken|spe|1\n|upkeep\n|turn|2\n|\n|t:|1788233721\n|move|p1a: Blaziken|Detect|p1a: Blaziken\n|-singleturn|p1a: Blaziken|Protect\n|move|p2b: Sableye|Sunny Day|p2b: Sableye\n|-weather|SunnyDay\n|move|p1b: Sneasler|Close Combat|p2a: Infernape\n|-damage|p2a: Infernape|9/100\n|-unboost|p1b: Sneasler|def|1\n|-unboost|p1b: Sneasler|spd|1\n|move|p2a: Infernape|Heat Wave|p1b: Sneasler|[spread] p1b\n|-activate|p1a: Blaziken|move: Protect\n|-enditem|p1b: Sneasler|Focus Sash\n|-damage|p1b: Sneasler|1/100\n|\n|-weather|SunnyDay|[upkeep]\n|-ability|p1a: Blaziken|Speed Boost|boost\n|-boost|p1a: Blaziken|spe|1\n|upkeep\n|turn|3\n|\n|t:|1788233745\n|move|p2b: Sableye|Quash|p1a: Blaziken\n|-activate|p1a: Blaziken|move: Quash\n|move|p1b: Sneasler|Poison Jab|p2a: Infernape\n|-damage|p2a: Infernape|0 fnt\n|faint|p2a: Infernape\n|move|p1a: Blaziken|Rock Slide|p2b: Sableye\n|-damage|p2b: Sableye|33/100\n|\n|-weather|SunnyDay|[upkeep]\n|-ability|p1a: Blaziken|Speed Boost|boost\n|-boost|p1a: Blaziken|spe|1\n|upkeep\n|inactive|TicklemyStaraptor has 30 seconds left.\n|\n|t:|1788233771\n|switch|p2a: Greninja|Greninja, L50, M, shiny|100/100\n|turn|4\n|\n|t:|1788233783\n|detailschange|p2a: Greninja|Greninja-Mega, L50, M, shiny\n|-mega|p2a: Greninja|Greninja|Greninjite\n|move|p2b: Sableye|Quash|p1a: Blaziken\n|-activate|p1a: Blaziken|move: Quash\n|move|p2a: Greninja|Sludge Wave|p1b: Sneasler|[spread] p2b,p1a,p1b\n|-start|p2a: Greninja|typechange|Poison|[from] ability: Protean\n|-resisted|p2b: Sableye|1\n|-resisted|p1b: Sneasler|1\n|-damage|p2b: Sableye|9/100\n|-damage|p1a: Blaziken|43/100\n|-damage|p1b: Sneasler|0 fnt\n|-status|p1a: Blaziken|psn\n|faint|p1b: Sneasler\n|move|p1a: Blaziken|Close Combat|p2a: Greninja\n|-resisted|p2a: Greninja|1\n|-damage|p2a: Greninja|34/100\n|-unboost|p1a: Blaziken|def|1\n|-unboost|p1a: Blaziken|spd|1\n|\n|-weather|SunnyDay|[upkeep]\n|-damage|p1a: Blaziken|31/100 psn|[from] psn\n|-ability|p1a: Blaziken|Speed Boost|boost\n|-boost|p1a: Blaziken|spe|1\n|upkeep\n|\n|t:|1788233793\n|switch|p1b: Kingambit|Kingambit, L50, M|100/100\n|turn|5\n|\n|t:|1788233810\n|switch|p2a: Whimsicott|Whimsicott, L50, F, shiny|100/100\n|move|p1b: Kingambit|Sucker Punch||[still]\n|-fail|p1b: Kingambit\n|move|p1a: Blaziken|Flare Blitz|p2a: Whimsicott\n|-supereffective|p2a: Whimsicott|1\n|-crit|p2a: Whimsicott\n|-damage|p2a: Whimsicott|0 fnt\n|faint|p2a: Whimsicott\n|-damage|p1a: Blaziken|3/100 psn|[from] Recoil\n|move|p2b: Sableye|Foul Play|p1a: Blaziken\n|-resisted|p1a: Blaziken|1\n|-damage|p1a: Blaziken|0 fnt\n|faint|p1a: Blaziken\n|\n|-weather|SunnyDay|[upkeep]\n|-fieldend|move: Gravity\n|upkeep\n|\n|t:|1788233823\n|switch|p2a: Greninja|Greninja-Mega, L50, M, shiny|34/100\n|switch|p1a: Dragonite|Dragonite, L50, F|100/100\n|turn|6\n|\n|t:|1788233831\n|move|p1a: Dragonite|Extreme Speed|p2a: Greninja\n|-damage|p2a: Greninja|0 fnt\n|faint|p2a: Greninja\n|move|p2b: Sableye|Gravity|p2b: Sableye\n|-fieldstart|move: Gravity\n|move|p1b: Kingambit|Kowtow Cleave|p2b: Sableye\n|-damage|p2b: Sableye|0 fnt\n|faint|p2b: Sableye\n|-damage|p1b: Kingambit|90/100|[from] item: Life Orb\n|\n|win|shibikanon\n|raw|shibikanon's rating: 1141 &rarr; <strong>1160</strong><br />(+19 for winning)\n|raw|TicklemyStaraptor's rating: 1056 &rarr; <strong>1042</strong><br />(-14 for losing)\n","uploadtime":1788233832,"views":"3","formatid":"gen9championsvgc2026regmbbo3","rating":1042,"private":0,"password":null}