{"id":"gen9championsvgc2026regmbbo3-2674587322","format":"[Gen 9 Champions] VGC 2026 Reg M-B (Bo3)","players":["wochienheimer","ClasiusClap"],"log":"|j|☆wochienheimer\n|j|☆ClasiusClap\n|html|<table width=\"100%\"><tr><td align=\"left\">wochienheimer</td><td align=\"right\">ClasiusClap</tr><tr><td align=\"left\"><i class=\"fa fa-circle-o\"></i> <i class=\"fa fa-circle-o\"></i> </td><td align=\"right\"><i class=\"fa fa-circle-o\"></i> <i class=\"fa fa-circle-o\"></i> </tr></table>\n|uhtml|bestof|<h2><strong>Game 1</strong> of <a href=\"/game-bestof3-gen9championsvgc2026regmbbo3-2674587321\">a best-of-3</a></h2>\n|t:|1788377180\n|gametype|doubles\n|player|p1|wochienheimer|iris-gen5bw2|1157\n|player|p2|ClasiusClap|2|1153\n|gen|9\n|tier|[Gen 9 Champions] VGC 2026 Reg M-B (Bo3)\n|rated|\n|rule|Species Clause: Limit one of each Pokémon\n|rule|Item Clause: Limit 1 of each item\n|clearpoke\n|poke|p1|Raichu, L50, F|\n|poke|p1|Milotic, L50, F, shiny|\n|poke|p1|Ceruledge, L50, F|\n|poke|p1|Floette-Eternal, L50, F|\n|poke|p1|Incineroar, L50, F|\n|poke|p1|Sinistcha, L50|\n|poke|p2|Charizard, L50, F|\n|poke|p2|Garchomp, L50, M|\n|poke|p2|Sylveon, L50, F|\n|poke|p2|Incineroar, L50, M|\n|poke|p2|Whimsicott, L50, M|\n|poke|p2|Basculegion, L50, M|\n|teampreview|4\n|showteam|p1|Raichu||RaichuniteY|LightningRod|ZapCannon,Protect,FakeOut,FocusBlast|Timid||F|||50|]Milotic||Leftovers|Competitive|MuddyWater,Coil,Hypnosis,Recover|Calm||F|||50|]Ceruledge||ColburBerry|FlashFire|BitterBlade,ShadowSneak,Protect,BulkUp|Adamant||F|||50|]Floette-Eternal||Floettite|FlowerVeil|DazzlingGleam,CalmMind,DrainingKiss,Protect|Modest||F|||50|]Incineroar||SitrusBerry|Intimidate|FakeOut,ThroatChop,FlareBlitz,PartingShot|Careful||F|||50|]Sinistcha||KasibBerry|Hospitality|MatchaGotcha,RagePowder,LifeDew,Protect|Relaxed|||||50|\n|showteam|p2|Charizard||CharizarditeY|Blaze|HeatWave,SolarBeam,WeatherBall,Protect|Timid||F|||50|]Garchomp||LifeOrb|RoughSkin|Earthquake,DragonClaw,StompingTantrum,Protect|Jolly||M|||50|]Sylveon||FairyFeather|Pixilate|HyperVoice,HyperBeam,Yawn,Detect|Modest||F|||50|]Incineroar||PasshoBerry|Intimidate|ThroatChop,FlareBlitz,FakeOut,PartingShot|Impish||M|||50|]Whimsicott||FocusSash|Prankster|Tailwind,Moonblast,Encore,Protect|Timid||M|||50|]Basculegion||MysticWater|Adaptability|WaveCrash,AquaJet,LastRespects,Protect|Adamant||M|||50|\n|inactive|Battle timer is ON: inactive players will automatically lose when time's up. (requested by wochienheimer)\n|inactive|ClasiusClap has 60 seconds left.\n|inactive|ClasiusClap has 30 seconds left.\n|inactive|ClasiusClap has 20 seconds left.\n|\n|t:|1788377254\n|teamsize|p1|4\n|teamsize|p2|4\n|start\n|switch|p1a: Incineroar|Incineroar, L50, F|100/100\n|switch|p1b: Floette|Floette-Eternal, L50, F|100/100\n|switch|p2a: Charizard|Charizard, L50, F|100/100\n|switch|p2b: Whimsicott|Whimsicott, L50, M|100/100\n|-ability|p1a: Incineroar|Intimidate|boost\n|-unboost|p2a: Charizard|atk|1\n|-unboost|p2b: Whimsicott|atk|1\n|turn|1\n|inactive|ClasiusClap has 30 seconds left.\n|inactive|ClasiusClap has 20 seconds left.\n|\n|t:|1788377294\n|detailschange|p1b: Floette|Floette-Mega, L50, F\n|-mega|p1b: Floette|Floette|Floettite\n|-ability|p1b: Floette|Fairy Aura\n|move|p2b: Whimsicott|Protect|p2b: Whimsicott\n|-singleturn|p2b: Whimsicott|Protect\n|move|p2a: Charizard|Protect|p2a: Charizard\n|-singleturn|p2a: Charizard|Protect\n|move|p1b: Floette|Calm Mind|p1b: Floette\n|-boost|p1b: Floette|spa|1\n|-boost|p1b: Floette|spd|1\n|move|p1a: Incineroar|Parting Shot|p2a: Charizard\n|-activate|p2a: Charizard|move: Protect\n|\n|upkeep\n|turn|2\n|inactive|ClasiusClap has 30 seconds left.\n|\n|t:|1788377327\n|detailschange|p2a: Charizard|Charizard-Mega-Y, L50, F\n|-mega|p2a: Charizard|Charizard|Charizardite Y\n|-weather|SunnyDay|[from] ability: Drought|[of] p2a: Charizard\n|move|p2b: Whimsicott|Encore|p1b: Floette\n|-start|p1b: Floette|Encore\n|move|p2a: Charizard|Weather Ball|p1a: Incineroar\n|-resisted|p1a: Incineroar|1\n|-damage|p1a: Incineroar|67/100\n|move|p1b: Floette|Calm Mind|p1b: Floette\n|-boost|p1b: Floette|spa|1\n|-boost|p1b: Floette|spd|1\n|move|p1a: Incineroar|Parting Shot|p2a: Charizard\n|-unboost|p2a: Charizard|atk|1\n|-unboost|p2a: Charizard|spa|1\n|\n|t:|1788377337\n|switch|p1a: Ceruledge|Ceruledge, L50, F|100/100|[from] Parting Shot\n|\n|-weather|SunnyDay|[upkeep]\n|upkeep\n|turn|3\n|\n|t:|1788377355\n|switch|p2a: Garchomp|Garchomp, L50, M|100/100\n|move|p2b: Whimsicott|Protect|p2b: Whimsicott\n|-singleturn|p2b: Whimsicott|Protect\n|move|p1b: Floette|Calm Mind|p1b: Floette\n|-boost|p1b: Floette|spa|1\n|-boost|p1b: Floette|spd|1\n|move|p1a: Ceruledge|Bitter Blade|p2a: Garchomp\n|-resisted|p2a: Garchomp|1\n|-damage|p2a: Garchomp|63/100\n|-damage|p1a: Ceruledge|87/100|[from] ability: Rough Skin|[of] p2a: Garchomp\n|\n|-weather|SunnyDay|[upkeep]\n|upkeep\n|turn|4\n|inactive|ClasiusClap has 30 seconds left.\n|inactive|ClasiusClap has 20 seconds left.\n|inactive|ClasiusClap has 15 seconds left.\n|\n|t:|1788377399\n|switch|p1a: Incineroar|Incineroar, L50, F|67/100\n|-ability|p1a: Incineroar|Intimidate|boost\n|-unboost|p2a: Garchomp|atk|1\n|-unboost|p2b: Whimsicott|atk|1\n|move|p2b: Whimsicott|Moonblast|p1a: Incineroar\n|-damage|p1a: Incineroar|34/100\n|-enditem|p1a: Incineroar|Sitrus Berry|[eat]\n|-heal|p1a: Incineroar|58/100|[from] item: Sitrus Berry\n|move|p2a: Garchomp|Earthquake|p1b: Floette|[spread] p2b,p1a,p1b\n|-resisted|p2b: Whimsicott|1\n|-supereffective|p1a: Incineroar|1\n|-damage|p2b: Whimsicott|77/100\n|-damage|p1a: Incineroar|7/100\n|-damage|p1b: Floette|62/100\n|-damage|p2a: Garchomp|53/100|[from] item: Life Orb\n|move|p1b: Floette|Calm Mind|p1b: Floette\n|-boost|p1b: Floette|spa|1\n|-boost|p1b: Floette|spd|1\n|\n|-weather|SunnyDay|[upkeep]\n|-end|p1b: Floette|Encore\n|upkeep\n|turn|5\n|inactive|ClasiusClap has 30 seconds left.\n|inactive|ClasiusClap has 20 seconds left.\n|inactive|ClasiusClap has 15 seconds left.\n|inactive|ClasiusClap has 10 seconds left.\n|\n|t:|1788377448\n|move|p2b: Whimsicott|Protect|p2b: Whimsicott\n|-singleturn|p2b: Whimsicott|Protect\n|move|p2a: Garchomp|Protect|p2a: Garchomp\n|-singleturn|p2a: Garchomp|Protect\n|move|p1a: Incineroar|Fake Out|p2b: Whimsicott\n|-activate|p2b: Whimsicott|move: Protect\n|move|p1b: Floette|Draining Kiss|p2a: Garchomp\n|-activate|p2a: Garchomp|move: Protect\n|\n|-weather|SunnyDay|[upkeep]\n|upkeep\n|turn|6\n|\n|t:|1788377466\n|switch|p1a: Sinistcha|Sinistcha, L50|100/100\n|-heal|p1b: Floette|87/100|[from] ability: Hospitality|[of] p1a: Sinistcha\n|move|p2b: Whimsicott|Tailwind|p2b: Whimsicott\n|-sidestart|p2: ClasiusClap|move: Tailwind\n|move|p2a: Garchomp|Earthquake|p1a: Sinistcha|[spread] p2b,p1a,p1b\n|-resisted|p2b: Whimsicott|1\n|-resisted|p1a: Sinistcha|1\n|-damage|p2b: Whimsicott|54/100\n|-damage|p1a: Sinistcha|89/100\n|-damage|p1b: Floette|49/100\n|-damage|p2a: Garchomp|44/100|[from] item: Life Orb\n|move|p1b: Floette|Draining Kiss|p2b: Whimsicott\n|-damage|p2b: Whimsicott|0 fnt\n|-heal|p1b: Floette|87/100|[from] drain|[of] p2b: Whimsicott\n|faint|p2b: Whimsicott\n|\n|-weather|none\n|upkeep\n|\n|t:|1788377482\n|switch|p2b: Charizard|Charizard-Mega-Y, L50, F|100/100\n|-weather|SunnyDay|[from] ability: Drought|[of] p2b: Charizard\n|turn|7\n|\n|t:|1788377498\n|switch|p2a: Incineroar|Incineroar, L50, M|100/100\n|-ability|p2a: Incineroar|Intimidate|boost\n|-unboost|p1a: Sinistcha|atk|1\n|-unboost|p1b: Floette|atk|1\n|switch|p1a: Ceruledge|Ceruledge, L50, F|87/100\n|move|p2b: Charizard|Heat Wave|p1b: Floette|[spread] p1b\n|-start|p1a: Ceruledge|ability: Flash Fire\n|-damage|p1b: Floette|70/100\n|move|p1b: Floette|Dazzling Gleam|p2a: Incineroar|[spread] p2a,p2b\n|-resisted|p2b: Charizard|1\n|-damage|p2a: Incineroar|0 fnt\n|-damage|p2b: Charizard|40/100\n|faint|p2a: Incineroar\n|\n|-weather|SunnyDay|[upkeep]\n|upkeep\n|\n|t:|1788377512\n|switch|p2a: Garchomp|Garchomp, L50, M|44/100\n|turn|8\n|-message|ClasiusClap forfeited.\n|\n|win|wochienheimer\n|l|☆ClasiusClap\n|player|p2|\n|l|☆wochienheimer\n|player|p1|\n||wochienheimer is ready for game 2.\n||ClasiusClap is ready for game 2.\n|uhtml|next|Next: <a href=\"/battle-gen9championsvgc2026regmbbo3-2674590211\"><strong>Game 2 of 3</strong></a>\n|j|☆ClasiusClap\n|player|p2|ClasiusClap|2|\n","uploadtime":1788378165,"views":"0","formatid":"gen9championsvgc2026regmbbo3","rating":null,"private":0,"password":null}