{"id":"gen9championsvgc2026regmb-2674776086","format":"[Gen 9 Champions] VGC 2026 Reg M-B","players":["polar721","Jerry Judewong"],"log":"|j|☆polar721\n|j|☆Jerry Judewong\n|t:|1788404535\n|gametype|doubles\n|player|p1|polar721|1|1369\n|player|p2|Jerry Judewong|hilbert|1458\n|gen|9\n|tier|[Gen 9 Champions] VGC 2026 Reg M-B\n|rated|\n|rule|Species Clause: Limit one of each Pokémon\n|rule|Item Clause: Limit 1 of each item\n|clearpoke\n|poke|p1|Gengar, L50, M|\n|poke|p1|Kingambit, L50, F|\n|poke|p1|Altaria, L50, F|\n|poke|p1|Incineroar, L50, M|\n|poke|p1|Swampert, L50, F|\n|poke|p1|Aegislash, L50, M|\n|poke|p2|Incineroar, L50, F|\n|poke|p2|Sinistcha, L50|\n|poke|p2|Floette-Eternal, L50, F|\n|poke|p2|Hydreigon, L50, F|\n|poke|p2|Volcarona, L50, M|\n|poke|p2|Milotic, L50, F|\n|teampreview|4\n|j| lefyre\n|inactive|Battle timer is ON: inactive players will automatically lose when time's up. (requested by polar721)\n|l| lefyre\n|inactive|polar721 has 60 seconds left.\n|inactive|Jerry Judewong has 60 seconds left.\n|\n|t:|1788404603\n|teamsize|p1|4\n|teamsize|p2|4\n|start\n|switch|p1a: Incineroar|Incineroar, L50, M|100/100\n|switch|p1b: Altaria|Altaria, L50, F|100/100\n|switch|p2a: Milotic|Milotic, L50, F|100/100\n|switch|p2b: Volcarona|Volcarona, L50, M|100/100\n|-ability|p1b: Altaria|Cloud Nine\n|-ability|p1a: Incineroar|Intimidate|boost\n|-unboost|p2a: Milotic|atk|1\n|-ability|p2a: Milotic|Competitive|boost\n|-boost|p2a: Milotic|spa|2\n|-unboost|p2b: Volcarona|atk|1\n|turn|1\n|\n|t:|1788404624\n|move|p1a: Incineroar|Fake Out|p2a: Milotic\n|-crit|p2a: Milotic\n|-damage|p2a: Milotic|86/100\n|move|p2b: Volcarona|Quiver Dance|p2b: Volcarona\n|-boost|p2b: Volcarona|spa|1\n|-boost|p2b: Volcarona|spd|1\n|-boost|p2b: Volcarona|spe|1\n|cant|p2a: Milotic|flinch\n|move|p1b: Altaria|Perish Song|p1b: Altaria\n|-start|p1a: Incineroar|perish3|[silent]\n|-start|p1b: Altaria|perish3|[silent]\n|-start|p2a: Milotic|perish3|[silent]\n|-start|p2b: Volcarona|perish3|[silent]\n|-fieldactivate|move: Perish Song\n|\n|-heal|p2a: Milotic|92/100|[from] item: Leftovers\n|-start|p2b: Volcarona|perish3\n|-start|p2a: Milotic|perish3\n|-start|p1b: Altaria|perish3\n|-start|p1a: Incineroar|perish3\n|upkeep\n|turn|2\n|inactive|polar721 has 30 seconds left.\n|\n|t:|1788404654\n|move|p2b: Volcarona|Heat Wave|p1a: Incineroar|[spread] p1a,p1b\n|-resisted|p1a: Incineroar|1\n|-resisted|p1b: Altaria|1\n|-damage|p1a: Incineroar|76/100\n|-damage|p1b: Altaria|79/100\n|move|p2a: Milotic|Muddy Water|p1a: Incineroar|[spread] p1a,p1b\n|-supereffective|p1a: Incineroar|1\n|-resisted|p1b: Altaria|1\n|-crit|p1b: Altaria\n|-damage|p1a: Incineroar|0 fnt\n|-damage|p1b: Altaria|41/100\n|faint|p1a: Incineroar\n|move|p1b: Altaria|Fire Spin|p2a: Milotic\n|-resisted|p2a: Milotic|1\n|-damage|p2a: Milotic|90/100\n|-activate|p2a: Milotic|move: Fire Spin|[of] p1b: Altaria\n|\n|-heal|p2a: Milotic|96/100|[from] item: Leftovers\n|-damage|p2a: Milotic|83/100|[from] move: Fire Spin|[partiallytrapped]\n|-start|p2b: Volcarona|perish2\n|-start|p2a: Milotic|perish2\n|-start|p1b: Altaria|perish2\n|upkeep\n|\n|t:|1788404672\n|switch|p1a: Gengar|Gengar, L50, M|100/100\n|turn|3\n|\n|t:|1788404686\n|switch|p2b: Incineroar|Incineroar, L50, F|100/100\n|-ability|p2b: Incineroar|Intimidate|boost\n|-unboost|p1a: Gengar|atk|1\n|-unboost|p1b: Altaria|atk|1\n|detailschange|p1a: Gengar|Gengar-Mega, L50, M\n|-mega|p1a: Gengar|Gengar|Gengarite\n|move|p1a: Gengar|Protect|p1a: Gengar\n|-singleturn|p1a: Gengar|Protect\n|move|p1b: Altaria|Protect|p1b: Altaria\n|-singleturn|p1b: Altaria|Protect\n|move|p2a: Milotic|Muddy Water|p1b: Altaria|[spread] \n|-activate|p1a: Gengar|move: Protect\n|-activate|p1b: Altaria|move: Protect\n|\n|-heal|p2a: Milotic|89/100|[from] item: Leftovers\n|-damage|p2a: Milotic|77/100|[from] move: Fire Spin|[partiallytrapped]\n|-start|p2a: Milotic|perish1\n|-start|p1b: Altaria|perish1\n|upkeep\n|turn|4\n|inactive|polar721 has 30 seconds left.\n|inactive|polar721 has 20 seconds left.\n|\n|t:|1788404722\n|switch|p1b: Aegislash|Aegislash, L50, M|100/100\n|move|p1a: Gengar|Protect||[still]\n|-fail|p1a: Gengar\n|move|p2a: Milotic|Hypnosis|p1a: Gengar|[miss]\n|-miss|p2a: Milotic|p1a: Gengar\n|move|p2b: Incineroar|Flare Blitz|p1b: Aegislash\n|-supereffective|p1b: Aegislash|1\n|-damage|p1b: Aegislash|42/100\n|-damage|p2b: Incineroar|84/100|[from] Recoil\n|\n|-heal|p2a: Milotic|83/100|[from] item: Leftovers\n|-end|p2a: Milotic|Fire Spin|[partiallytrapped]|[silent]\n|-start|p2a: Milotic|perish0\n|upkeep\n|faint|p2a: Milotic\n|\n|t:|1788404737\n|switch|p2a: Volcarona|Volcarona, L50, M|100/100\n|turn|5\n|\n|t:|1788404749\n|move|p1a: Gengar|Sludge Bomb|p2b: Incineroar\n|-damage|p2b: Incineroar|44/100\n|-status|p2b: Incineroar|psn\n|-enditem|p2b: Incineroar|Sitrus Berry|[eat]\n|-heal|p2b: Incineroar|69/100 psn|[from] item: Sitrus Berry\n|move|p2a: Volcarona|Quiver Dance|p2a: Volcarona\n|-boost|p2a: Volcarona|spa|1\n|-boost|p2a: Volcarona|spd|1\n|-boost|p2a: Volcarona|spe|1\n|move|p2b: Incineroar|Throat Chop|p1a: Gengar\n|-supereffective|p1a: Gengar|1\n|-damage|p1a: Gengar|14/100\n|-start|p1a: Gengar|Throat Chop|[silent]\n|-formechange|p1b: Aegislash|Aegislash-Blade|\n|move|p1b: Aegislash|Sacred Sword|p2b: Incineroar\n|-supereffective|p2b: Incineroar|1\n|-damage|p2b: Incineroar|0 fnt\n|faint|p2b: Incineroar\n|-damage|p1b: Aegislash|32/100|[from] item: Life Orb\n|\n|upkeep\n|\n|t:|1788404768\n|switch|p2b: Floette|Floette-Eternal, L50, F|100/100\n|turn|6\n|\n|t:|1788404779\n|move|p2b: Floette|Protect|p2b: Floette\n|-singleturn|p2b: Floette|Protect\n|move|p2a: Volcarona|Quiver Dance|p2a: Volcarona\n|-boost|p2a: Volcarona|spa|1\n|-boost|p2a: Volcarona|spd|1\n|-boost|p2a: Volcarona|spe|1\n|move|p1a: Gengar|Sludge Bomb|p2b: Floette\n|-activate|p2b: Floette|move: Protect\n|move|p1b: Aegislash|Iron Head|p2b: Floette\n|-activate|p2b: Floette|move: Protect\n|\n|-end|p1a: Gengar|Throat Chop|[silent]\n|upkeep\n|turn|7\n|\n|t:|1788404798\n|detailschange|p2b: Floette|Floette-Mega, L50, F\n|-mega|p2b: Floette|Floette|Floettite\n|-ability|p2b: Floette|Fairy Aura\n|move|p2a: Volcarona|Heat Wave|p1b: Aegislash|[spread] p1a,p1b\n|-supereffective|p1b: Aegislash|1\n|-damage|p1a: Gengar|0 fnt\n|-damage|p1b: Aegislash|0 fnt\n|faint|p1a: Gengar\n|faint|p1b: Aegislash\n|move|p2b: Floette|Dazzling Gleam|p1: Gengar|[notarget]\n|-fail|p2b: Floette\n|\n|upkeep\n|c|☆polar721|gg\n|-message|polar721 forfeited.\n|\n|win|Jerry Judewong\n|raw|polar721's rating: 1369 &rarr; <strong>1354</strong><br />(-15 for losing)\n|raw|Jerry Judewong's rating: 1458 &rarr; <strong>1473</strong><br />(+15 for winning)\n|l|☆polar721\n|player|p1|\n","uploadtime":1788404960,"views":"3","formatid":"gen9championsvgc2026regmb","rating":1354,"private":0,"password":null}