{"id":"gen9championsvgc2026regmb-2674257097","format":"[Gen 9 Champions] VGC 2026 Reg M-B","players":["Thornlace48812","GoodQuestion982"],"log":"|j|☆Thornlace48812\n|j|☆GoodQuestion982\n|t:|1788324872\n|gametype|doubles\n|player|p1|Thornlace48812|1|1102\n|player|p2|GoodQuestion982|265|1000\n|gen|9\n|tier|[Gen 9 Champions] VGC 2026 Reg M-B\n|rated|\n|rule|Species Clause: Limit one of each Pokémon\n|rule|Item Clause: Limit 1 of each item\n|clearpoke\n|poke|p1|Garchomp, L50, M|\n|poke|p1|Charizard, L50, F|\n|poke|p1|Whimsicott, L50, F|\n|poke|p1|Sylveon, L50, F|\n|poke|p1|Kingambit, L50, F|\n|poke|p1|Basculegion, L50, M|\n|poke|p2|Tyranitar, L50, F|\n|poke|p2|Cofagrigus, L50, M|\n|poke|p2|Abomasnow, L50, M|\n|poke|p2|Steelix, L50, M|\n|poke|p2|Camerupt, L50, M|\n|poke|p2|Clefable, L50, M|\n|teampreview|4\n|inactive|Battle timer is ON: inactive players will automatically lose when time's up. (requested by Thornlace48812)\nThornlace48812 rejected open team sheets.\n|inactive|GoodQuestion982 has 60 seconds left.\n|\n|t:|1788324907\n|teamsize|p1|4\n|teamsize|p2|4\n|start\n|switch|p1a: Charizard|Charizard, L50, F|100/100\n|switch|p1b: Sylveon|Sylveon, L50, F|100/100\n|switch|p2a: Cofagrigus|Cofagrigus, L50, M|100/100\n|switch|p2b: Camerupt|Camerupt, L50, M|100/100\n|turn|1\n|\n|t:|1788324918\n|detailschange|p1a: Charizard|Charizard-Mega-Y, L50, F\n|-mega|p1a: Charizard|Charizard|Charizardite Y\n|-weather|SunnyDay|[from] ability: Drought|[of] p1a: Charizard\n|move|p1a: Charizard|Heat Wave|p2a: Cofagrigus|[spread] p2a,p2b\n|-resisted|p2b: Camerupt|1\n|-damage|p2a: Cofagrigus|50/100g\n|-damage|p2b: Camerupt|57/100\n|move|p1b: Sylveon|Hyper Voice|p2a: Cofagrigus|[spread] p2a,p2b\n|-resisted|p2b: Camerupt|1\n|-damage|p2a: Cofagrigus|10/100\n|-damage|p2b: Camerupt|28/100\n|move|p2b: Camerupt|Smack Down|p1a: Charizard\n|-supereffective|p1a: Charizard|2\n|-damage|p1a: Charizard|26/100\n|-start|p1a: Charizard|Smack Down\n|move|p2a: Cofagrigus|Trick Room|p2a: Cofagrigus\n|-fieldstart|move: Trick Room|[of] p2a: Cofagrigus\n|\n|-weather|SunnyDay|[upkeep]\n|-heal|p2b: Camerupt|35/100|[from] item: Leftovers\n|upkeep\n|turn|2\n|inactive|GoodQuestion982 has 30 seconds left.\n|\n|t:|1788324945\n|move|p2a: Cofagrigus|Will-O-Wisp|p1b: Sylveon\n|-status|p1b: Sylveon|brn\n|move|p2b: Camerupt|Smack Down|p1a: Charizard\n|-supereffective|p1a: Charizard|2\n|-damage|p1a: Charizard|0 fnt\n|faint|p1a: Charizard\n|move|p1b: Sylveon|Hyper Voice|p2b: Camerupt|[spread] p2a,p2b\n|-resisted|p2b: Camerupt|1\n|-damage|p2a: Cofagrigus|0 fnt\n|-damage|p2b: Camerupt|3/100\n|faint|p2a: Cofagrigus\n|\n|-weather|SunnyDay|[upkeep]\n|-heal|p2b: Camerupt|9/100|[from] item: Leftovers\n|-damage|p1b: Sylveon|94/100 brn|[from] brn\n|upkeep\n|\n|t:|1788324959\n|switch|p2a: Tyranitar|Tyranitar, L50, F|100/100\n|switch|p1a: Basculegion|Basculegion, L50, M|100/100\n|-weather|Sandstorm|[from] ability: Sand Stream|[of] p2a: Tyranitar\n|turn|3\n|\n|t:|1788324973\n|detailschange|p2a: Tyranitar|Tyranitar-Mega, L50, F\n|-mega|p2a: Tyranitar|Tyranitar|Tyranitarite\n|move|p1a: Basculegion|Protect|p1a: Basculegion\n|-singleturn|p1a: Basculegion|Protect\n|move|p2b: Camerupt|Lash Out|p1a: Basculegion\n|-activate|p1a: Basculegion|move: Protect\n|move|p2a: Tyranitar|Heavy Slam|p1b: Sylveon\n|-supereffective|p1b: Sylveon|1\n|-damage|p1b: Sylveon|0 fnt\n|faint|p1b: Sylveon\n|\n|-weather|Sandstorm|[upkeep]\n|-damage|p1a: Basculegion|94/100|[from] Sandstorm\n|-heal|p2b: Camerupt|15/100|[from] item: Leftovers\n|upkeep\n|\n|t:|1788324973\n|switch|p1b: Kingambit|Kingambit, L50, F|100/100\n|-activate|p1b: Kingambit|ability: Supreme Overlord\n|-start|p1b: Kingambit|fallen2|[silent]\n|turn|4\n|inactive|GoodQuestion982 has 30 seconds left.\n|\n|t:|1788325001\n|move|p1b: Kingambit|Sucker Punch|p2a: Tyranitar\n|-resisted|p2a: Tyranitar|1\n|-damage|p2a: Tyranitar|82/100\n|move|p1a: Basculegion|Aqua Jet|p2a: Tyranitar\n|-supereffective|p2a: Tyranitar|1\n|-damage|p2a: Tyranitar|38/100\n|move|p2b: Camerupt|Lash Out|p1a: Basculegion\n|-supereffective|p1a: Basculegion|1\n|-crit|p1a: Basculegion\n|-damage|p1a: Basculegion|9/100\n|move|p2a: Tyranitar|Earthquake|p1a: Basculegion|[spread] p2b,p1a,p1b\n|-supereffective|p2b: Camerupt|1\n|-supereffective|p1b: Kingambit|1\n|-damage|p2b: Camerupt|0 fnt\n|-damage|p1a: Basculegion|0 fnt\n|-damage|p1b: Kingambit|38/100\n|faint|p2b: Camerupt\n|faint|p1a: Basculegion\n|\n|-weather|Sandstorm|[upkeep]\n|upkeep\n|\n|t:|1788325015\n|switch|p2b: Steelix|Steelix, L50, M|100/100\n|turn|5\n|\n|t:|1788325026\n|move|p1b: Kingambit|Sucker Punch|p2a: Tyranitar\n|-resisted|p2a: Tyranitar|1\n|-damage|p2a: Tyranitar|20/100y\n|move|p2b: Steelix|Body Press|p2a: Tyranitar\n|-supereffective|p2a: Tyranitar|2\n|-damage|p2a: Tyranitar|0 fnt\n|faint|p2a: Tyranitar\n|\n|-weather|Sandstorm|[upkeep]\n|-fieldend|move: Trick Room\n|upkeep\n|turn|6\n|\n|t:|1788325035\n|move|p1b: Kingambit|Iron Head|p2b: Steelix\n|-resisted|p2b: Steelix|1\n|-damage|p2b: Steelix|85/100\n|move|p2b: Steelix|Body Press|p1b: Kingambit\n|-supereffective|p1b: Kingambit|2\n|-damage|p1b: Kingambit|0 fnt\n|faint|p1b: Kingambit\n|-end|p1b: Kingambit|fallen2|[silent]\n|\n|win|GoodQuestion982\n|raw|Thornlace48812's rating: 1136 &rarr; <strong>1102</strong><br />(-34 for losing)\n|raw|GoodQuestion982's rating: 1000 &rarr; <strong>1055</strong><br />(+55 for winning)\n","uploadtime":1788325035,"views":"1","formatid":"gen9championsvgc2026regmb","rating":1055,"private":0,"password":null}