{"id":"gen9championsvgc2026regmbbo3-2673647379","format":"[Gen 9 Champions] VGC 2026 Reg M-B (Bo3)","players":["miyoshi4","bernardomgj"],"log":"|j|☆miyoshi4\n|j|☆bernardomgj\n|html|<table width=\"100%\"><tr><td align=\"left\">miyoshi4</td><td align=\"right\">bernardomgj</tr><tr><td align=\"left\"><i class=\"fa fa-circle\"></i> <i class=\"fa fa-circle-o\"></i> </td><td align=\"right\"><i class=\"fa fa-circle-o\"></i> <i class=\"fa fa-circle-o\"></i> </tr></table>\n|uhtml|bestof|<h2><strong>Game 2</strong> of <a href=\"/game-bestof3-gen9championsvgc2026regmbbo3-2673644954\">a best-of-3</a></h2>\n|t:|1788226691\n|gametype|doubles\n|player|p1|miyoshi4|101|1000\n|player|p2|bernardomgj|169|1080\n|gen|9\n|tier|[Gen 9 Champions] VGC 2026 Reg M-B (Bo3)\n|rated|\n|rule|Species Clause: Limit one of each Pokémon\n|rule|Item Clause: Limit 1 of each item\n|clearpoke\n|poke|p1|Palafin, L50, M|\n|poke|p1|Pelipper, L50, M, shiny|\n|poke|p1|Sinistcha, L50|\n|poke|p1|Incineroar, L50, F|\n|poke|p1|Sceptile, L50, M|\n|poke|p1|Heliolisk, L50, F|\n|poke|p2|Gallade, L50, M, shiny|\n|poke|p2|Maushold, L50|\n|poke|p2|Raichu, L50, M|\n|poke|p2|Weavile, L50, M|\n|poke|p2|Empoleon, L50, M, shiny|\n|poke|p2|Grimmsnarl, L50, M, shiny|\n|teampreview|4\n|showteam|p1|Palafin||MysticWater|ZerotoHero|FlipTurn,JetPunch,DrainPunch,Protect|Adamant||M|||50|]Pelipper||QuickClaw|Drizzle|WeatherBall,Surf,Hurricane,Protect|Bold||M|||50|]Sinistcha||Leftovers|Hospitality|MatchaGotcha,RagePowder,TrickRoom,Protect|Relaxed|||||50|]Incineroar||SitrusBerry|Intimidate|FakeOut,PartingShot,FlareBlitz,Protect|Careful||F|||50|]Sceptile||Sceptilite|Overgrow|GigaDrain,DragonPulse,EarthPower,Protect|Timid||M|||50|]Heliolisk||ExpertBelt|DrySkin|Discharge,HyperVoice,VoltSwitch,Protect|Timid||F|||50|\n|showteam|p2|Gallade||Galladite|Justified|DrainPunch,RockSlide,ShadowSneak,Protect|Jolly||M|||50|]Maushold||FocusSash|FriendGuard|BeatUp,FollowMe,SuperFang,Protect|Bold|||||50|]Raichu||RaichuniteY|LightningRod|FocusBlast,ZapCannon,Feint,FakeOut|Timid||M|||50|]Weavile||WideLens|Pressure|TripleAxel,KnockOff,FakeOut,LowKick|Jolly||M|||50|]Empoleon||Leftovers|Competitive|HydroPump,FlashCannon,IceBeam,Protect|Bold||M|||50|]Grimmsnarl||LightClay|Prankster|SpiritBreak,LightScreen,Reflect,PartingShot|Careful||M|||50|\n|\n|t:|1788226716\n|teamsize|p1|4\n|teamsize|p2|4\n|start\n|switch|p1a: Palafin|Palafin, L50, M|100/100\n|switch|p1b: Heliolisk|Heliolisk, L50, F|100/100\n|switch|p2a: Raichu|Raichu, L50, M|100/100\n|switch|p2b: Grimmsnarl|Grimmsnarl, L50, M, shiny|100/100\n|turn|1\n|\n|t:|1788226738\n|move|p1a: Palafin|Protect|p1a: Palafin\n|-singleturn|p1a: Palafin|Protect\n|move|p2a: Raichu|Fake Out|p1b: Heliolisk\n|-damage|p1b: Heliolisk|86/100\n|move|p2b: Grimmsnarl|Light Screen|p2b: Grimmsnarl\n|-sidestart|p2: bernardomgj|move: Light Screen\n|cant|p1b: Heliolisk|flinch\n|\n|upkeep\n|turn|2\n|\n|t:|1788226763\n|move|p2b: Grimmsnarl|Reflect|p2b: Grimmsnarl\n|-sidestart|p2: bernardomgj|Reflect\n|move|p2a: Raichu|Zap Cannon|p1a: Palafin|[miss]\n|-miss|p2a: Raichu|p1a: Palafin\n|move|p1b: Heliolisk|Hyper Voice|p2a: Raichu|[spread] p2a,p2b\n|-damage|p2a: Raichu|73/100\n|-damage|p2b: Grimmsnarl|83/100\n|move|p1a: Palafin|Flip Turn|p2b: Grimmsnarl\n|-damage|p2b: Grimmsnarl|65/100\n|\n|t:|1788226774\n|detailschange|p1a: Palafin|Palafin-Hero, L50, M\n|switch|p1a: Sceptile|Sceptile, L50, M|100/100|[from] Flip Turn\n|\n|upkeep\n|turn|3\n|\n|t:|1788226789\n|switch|p2a: Maushold|Maushold, L50|100/100\n|detailschange|p1a: Sceptile|Sceptile-Mega, L50, M\n|-mega|p1a: Sceptile|Sceptile|Sceptilite\n|move|p2b: Grimmsnarl|Parting Shot|p1a: Sceptile\n|-unboost|p1a: Sceptile|atk|1\n|-unboost|p1a: Sceptile|spa|1\n|\n|t:|1788226796\n|switch|p2b: Raichu|Raichu, L50, M|73/100|[from] Parting Shot\n|move|p1a: Sceptile|Earth Power|p2a: Maushold\n|-damage|p2a: Maushold|81/100\n|move|p1b: Heliolisk|Discharge|p2a: Maushold|[spread] p2a\n|-ability|p1a: Sceptile|Lightning Rod|boost\n|-boost|p1a: Sceptile|spa|1\n|-ability|p2b: Raichu|Lightning Rod|boost\n|-boost|p2b: Raichu|spa|1\n|-damage|p2a: Maushold|62/100\n|\n|upkeep\n|turn|4\n|\n|t:|1788226821\n|move|p2b: Raichu|Fake Out|p1b: Heliolisk\n|-damage|p1b: Heliolisk|72/100\n|move|p1a: Sceptile|Earth Power|p2b: Raichu\n|-supereffective|p2b: Raichu|1\n|-damage|p2b: Raichu|32/100\n|cant|p1b: Heliolisk|flinch\n|move|p2a: Maushold|Super Fang|p1a: Sceptile\n|-damage|p1a: Sceptile|50/100g\n|\n|upkeep\n|turn|5\n|\n|t:|1788226848\n|switch|p2b: Gallade|Gallade, L50, M, shiny|100/100\n|move|p1a: Sceptile|Earth Power|p2b: Gallade\n|-damage|p2b: Gallade|81/100\n|-unboost|p2b: Gallade|spd|1\n|move|p1b: Heliolisk|Discharge|p2b: Gallade|[spread] p2a,p2b\n|-ability|p1a: Sceptile|Lightning Rod|boost\n|-boost|p1a: Sceptile|spa|1\n|-damage|p2a: Maushold|44/100\n|-damage|p2b: Gallade|64/100\n|-status|p2b: Gallade|par\n|move|p2a: Maushold|Beat Up|p2b: Gallade\n|-damage|p2b: Gallade|63/100 par\n|-ability|p2b: Gallade|Justified|boost\n|-boost|p2b: Gallade|atk|1\n|-damage|p2b: Gallade|61/100 par\n|-ability|p2b: Gallade|Justified|boost\n|-boost|p2b: Gallade|atk|1\n|-damage|p2b: Gallade|58/100 par\n|-ability|p2b: Gallade|Justified|boost\n|-boost|p2b: Gallade|atk|1\n|-hitcount|p2b: Gallade|3\n|\n|upkeep\n|turn|6\n|\n|t:|1788226897\n|detailschange|p2b: Gallade|Gallade-Mega, L50, M, shiny\n|-mega|p2b: Gallade|Gallade|Galladite\n|move|p2a: Maushold|Follow Me|p2a: Maushold\n|-singleturn|p2a: Maushold|move: Follow Me\n|move|p1a: Sceptile|Giga Drain|p2a: Maushold\n|-damage|p2a: Maushold|0 fnt\n|-heal|p1a: Sceptile|78/100|[from] drain|[of] p2a: Maushold\n|faint|p2a: Maushold\n|move|p1b: Heliolisk|Hyper Voice|p2b: Gallade\n|-damage|p2b: Gallade|22/100 par\n|move|p2b: Gallade|Drain Punch|p1b: Heliolisk\n|-supereffective|p1b: Heliolisk|1\n|-damage|p1b: Heliolisk|0 fnt\n|-heal|p2b: Gallade|55/100 par|[from] drain|[of] p1b: Heliolisk\n|faint|p1b: Heliolisk\n|\n|upkeep\n|\n|t:|1788226920\n|switch|p1b: Palafin|Palafin-Hero, L50, M|100/100\n|switch|p2a: Raichu|Raichu, L50, M|32/100\n|-activate|p1b: Palafin|ability: Zero to Hero\n|turn|7\n|\n|t:|1788226943\n|move|p2a: Raichu|Fake Out|p1b: Palafin\n|-damage|p1b: Palafin|92/100\n|move|p2b: Gallade|Shadow Sneak|p1a: Sceptile\n|-damage|p1a: Sceptile|18/100\n|move|p1a: Sceptile|Giga Drain|p2b: Gallade\n|-damage|p2b: Gallade|0 fnt\n|-heal|p1a: Sceptile|49/100|[from] drain|[of] p2b: Gallade\n|faint|p2b: Gallade\n|cant|p1b: Palafin|flinch\n|\n|upkeep\n|\n|t:|1788226953\n|switch|p2b: Grimmsnarl|Grimmsnarl, L50, M, shiny|65/100\n|turn|8\n|\n|t:|1788226967\n|move|p1b: Palafin|Jet Punch|p2a: Raichu\n|-damage|p2a: Raichu|0 fnt\n|faint|p2a: Raichu\n|move|p2b: Grimmsnarl|Parting Shot|p1a: Sceptile\n|-unboost|p1a: Sceptile|atk|1\n|-unboost|p1a: Sceptile|spa|1\n|move|p1a: Sceptile|Earth Power|p2b: Grimmsnarl\n|-damage|p2b: Grimmsnarl|45/100\n|\n|-sideend|p2: bernardomgj|move: Light Screen\n|upkeep\n|turn|9\n|\n|t:|1788226982\n|move|p1a: Sceptile|Giga Drain|p2b: Grimmsnarl\n|-damage|p2b: Grimmsnarl|9/100\n|-heal|p1a: Sceptile|74/100|[from] drain|[of] p2b: Grimmsnarl\n|move|p1b: Palafin|Flip Turn|p2b: Grimmsnarl\n|-damage|p2b: Grimmsnarl|0 fnt\n|faint|p2b: Grimmsnarl\n|\n|win|miyoshi4\n|raw|miyoshi4's rating: 1000 &rarr; <strong>1049</strong><br />(+49 for winning)\n|raw|bernardomgj's rating: 1080 &rarr; <strong>1053</strong><br />(-27 for losing)\n","uploadtime":1788226999,"views":"1","formatid":"gen9championsvgc2026regmbbo3","rating":1049,"private":0,"password":null}