{"id":"gen9championsvgc2026regmbbo3-2674962844","format":"[Gen 9 Champions] VGC 2026 Reg M-B (Bo3)","players":["totaldestroy","kalaluwi"],"log":"|j|☆totaldestroy\n|j|☆kalaluwi\n|html|<table width=\"100%\"><tr><td align=\"left\">totaldestroy</td><td align=\"right\">kalaluwi</tr><tr><td align=\"left\"><i class=\"fa fa-circle-o\"></i> <i class=\"fa fa-circle-o\"></i> </td><td align=\"right\"><i class=\"fa fa-circle-o\"></i> <i class=\"fa fa-circle-o\"></i> </tr></table>\n|uhtml|bestof|<h2><strong>Game 1</strong> of <a href=\"/game-bestof3-gen9championsvgc2026regmbbo3-2674962843\">a best-of-3</a></h2>\n|t:|1788442570\n|gametype|doubles\n|player|p1|totaldestroy|veteran|1087\n|player|p2|kalaluwi|2|1336\n|gen|9\n|tier|[Gen 9 Champions] VGC 2026 Reg M-B (Bo3)\n|rated|\n|rule|Species Clause: Limit one of each Pokémon\n|rule|Item Clause: Limit 1 of each item\n|clearpoke\n|poke|p1|Incineroar, L50, F|\n|poke|p1|Zoroark-Hisui, L50, M|\n|poke|p1|Froslass, L50, F|\n|poke|p1|Whimsicott, L50, M|\n|poke|p1|Farigiraf, L50, F|\n|poke|p1|Arcanine-Hisui, L50, F|\n|poke|p2|Glimmora, L50, F|\n|poke|p2|Farigiraf, L50, F|\n|poke|p2|Vanilluxe, L50, M|\n|poke|p2|Garchomp, L50, F|\n|poke|p2|Whimsicott, L50, M|\n|poke|p2|Charizard, L50, M|\n|teampreview|4\n|showteam|p1|Incineroar||PasshoBerry|Intimidate|ThroatChop,FlareBlitz,FakeOut,PartingShot|Adamant||F|||50|]Zoroark-Hisui||FocusSash|Illusion|IcyWind,BitterMalice,Protect,Flamethrower|Timid||M|||50|]Froslass||Froslassite|CursedBody|Blizzard,ShadowBall,NastyPlot,Protect|Modest||F|||50|]Whimsicott||FairyFeather|Prankster|HelpingHand,Moonblast,Tailwind,Encore|Bold||M|||50|]Farigiraf||SitrusBerry|ArmorTail|Psychic,Thunderbolt,HelpingHand,Roar|Bold||F|||50|]Arcanine-Hisui||ChoiceScarf|RockHead|FlareBlitz,HeadSmash,RockSlide,CloseCombat|Adamant||F|||50|\n|showteam|p2|Glimmora||Glimmoranite|ToxicDebris|PowerGem,EarthPower,SludgeBomb,SpikyShield|Modest||F|||50|]Farigiraf||ColburBerry|ArmorTail|TrickRoom,Thunderbolt,TwinBeam,HelpingHand|Modest||F|||50|]Vanilluxe||ChoiceScarf|SnowWarning|Blizzard,IcyWind,FreezeDry,SheerCold|Modest||M|||50|]Garchomp||LifeOrb|RoughSkin|DragonClaw,RockSlide,Earthquake,StompingTantrum|Jolly||F|||50|]Whimsicott||FocusSash|Prankster|Tailwind,Encore,Moonblast,Protect|Timid||M|||50|]Charizard||CharizarditeY|Blaze|HeatWave,WeatherBall,AncientPower,Protect|Modest||M|||50|\n|\n|t:|1788442625\n|teamsize|p1|4\n|teamsize|p2|4\n|start\n|switch|p1a: wife material|Froslass, L50, F|100/100\n|switch|p1b: head banger|Arcanine-Hisui, L50, F|100/100\n|switch|p2a: Whimsicott|Whimsicott, L50, M|100/100\n|switch|p2b: Glimmora|Glimmora, L50, F|100/100\n|turn|1\n|c|☆kalaluwi|head banger\n|\n|t:|1788442652\n|detailschange|p2b: Glimmora|Glimmora-Mega, L50, F\n|-mega|p2b: Glimmora|Glimmora|Glimmoranite\n|move|p1a: wife material|Protect|p1a: wife material\n|-singleturn|p1a: wife material|Protect\n|move|p2a: Whimsicott|Tailwind|p2a: Whimsicott\n|-sidestart|p2: kalaluwi|move: Tailwind\n|move|p2b: Glimmora|Power Gem|p1b: head banger\n|-enditem|p1b: head banger|Focus Sash\n|-damage|p1b: head banger|1/100\n|replace|p1b: surprise!|Zoroark-Hisui, L50, M\n|-end|p1b: surprise!|Illusion\n|move|p1b: surprise!|Icy Wind|p2b: Glimmora|[spread] p2a,p2b\n|-supereffective|p2a: Whimsicott|1\n|-damage|p2a: Whimsicott|53/100\n|-damage|p2b: Glimmora|86/100\n|-unboost|p2a: Whimsicott|spe|1\n|-unboost|p2b: Glimmora|spe|1\n|\n|upkeep\n|turn|2\n|c|☆kalaluwi|SURPRISE\n|\n|t:|1788442673\n|detailschange|p1a: wife material|Froslass-Mega, L50, F\n|-mega|p1a: wife material|Froslass|Froslassite\n|-weather|Snowscape|[from] ability: Snow Warning|[of] p1a: wife material\n|move|p2a: Whimsicott|Moonblast|p1b: surprise!\n|-damage|p1b: surprise!|0 fnt\n|faint|p1b: surprise!\n|move|p2b: Glimmora|Power Gem|p1a: wife material\n|-supereffective|p1a: wife material|1\n|-damage|p1a: wife material|0 fnt\n|faint|p1a: wife material\n|\n|-weather|Snowscape|[upkeep]\n|upkeep\n|\n|t:|1788442680\n|switch|p1b: head banger|Arcanine-Hisui, L50, F|100/100\n|switch|p1a: my cat at 3am|Incineroar, L50, F|100/100\n|-ability|p1a: my cat at 3am|Intimidate|boost\n|-unboost|p2a: Whimsicott|atk|1\n|-unboost|p2b: Glimmora|atk|1\n|turn|3\n|c|☆totaldestroy|yeah I lose this\n|\n|t:|1788442690\n|move|p2a: Whimsicott|Protect|p2a: Whimsicott\n|-singleturn|p2a: Whimsicott|Protect\n|move|p2b: Glimmora|Spiky Shield|p2b: Glimmora\n|-singleturn|p2b: Glimmora|move: Protect\n|move|p1b: head banger|Head Smash|p2b: Glimmora\n|-activate|p2b: Glimmora|move: Protect\n|-damage|p1b: head banger|87/100|[from] Spiky Shield|[of] p2b: Glimmora\n|move|p1a: my cat at 3am|Flare Blitz|p2a: Whimsicott\n|-activate|p2a: Whimsicott|move: Protect\n|\n|-weather|Snowscape|[upkeep]\n|upkeep\n|turn|4\n|\n|t:|1788442708\n|move|p2a: Whimsicott|Encore|p1b: head banger\n|-start|p1b: head banger|Encore\n|move|p1b: head banger|Head Smash|p2b: Glimmora\n|-crit|p2b: Glimmora\n|-damage|p2b: Glimmora|0 fnt\n|faint|p2b: Glimmora\n|move|p1a: my cat at 3am|Flare Blitz|p2a: Whimsicott\n|-supereffective|p2a: Whimsicott|1\n|-damage|p2a: Whimsicott|0 fnt\n|faint|p2a: Whimsicott\n|-damage|p1a: my cat at 3am|88/100|[from] Recoil\n|\n|-weather|Snowscape|[upkeep]\n|-sideend|p2: kalaluwi|move: Tailwind\n|upkeep\n|\n|t:|1788442717\n|switch|p2a: Garchomp|Garchomp, L50, F|100/100\n|switch|p2b: Vanilluxe|Vanilluxe, L50, M|100/100\n|turn|5\n|\n|t:|1788442725\n|move|p1b: head banger|Head Smash|p2a: Garchomp|[miss]\n|-miss|p1b: head banger|p2a: Garchomp\n|move|p2b: Vanilluxe|Icy Wind|p1b: head banger|[spread] p1a,p1b\n|-resisted|p1a: my cat at 3am|1\n|-crit|p1a: my cat at 3am\n|-resisted|p1b: head banger|1\n|-damage|p1a: my cat at 3am|73/100\n|-damage|p1b: head banger|74/100\n|-unboost|p1a: my cat at 3am|spe|1\n|-unboost|p1b: head banger|spe|1\n|move|p2a: Garchomp|Earthquake|p1b: head banger|[spread] p2b,p1a,p1b\n|-supereffective|p1a: my cat at 3am|1\n|-supereffective|p1b: head banger|2\n|-damage|p2b: Vanilluxe|53/100\n|-damage|p1a: my cat at 3am|0 fnt\n|-damage|p1b: head banger|0 fnt\n|faint|p1a: my cat at 3am\n|faint|p1b: head banger\n|-damage|p2a: Garchomp|90/100|[from] item: Life Orb\n|\n|win|kalaluwi\n","uploadtime":1788442725,"views":"0","formatid":"gen9championsvgc2026regmbbo3","rating":null,"private":0,"password":null}