{"id":"gen9championsvgc2026regmbbo3-2674938476","format":"[Gen 9 Champions] VGC 2026 Reg M-B (Bo3)","players":["sonpabloz","dfjkhbf"],"log":"|j|☆sonpabloz\n|j|☆dfjkhbf\n|html|<table width=\"100%\"><tr><td align=\"left\">sonpabloz</td><td align=\"right\">dfjkhbf</tr><tr><td align=\"left\"><i class=\"fa fa-circle-o\"></i> <i class=\"fa fa-circle-o\"></i> </td><td align=\"right\"><i class=\"fa fa-circle-o\"></i> <i class=\"fa fa-circle-o\"></i> </tr></table>\n|uhtml|bestof|<h2><strong>Game 1</strong> of <a href=\"/game-bestof3-gen9championsvgc2026regmbbo3-2674938475\">a best-of-3</a></h2>\n|t:|1788439073\n|gametype|doubles\n|player|p1|sonpabloz|170|1094\n|player|p2|dfjkhbf|dawn|1046\n|gen|9\n|tier|[Gen 9 Champions] VGC 2026 Reg M-B (Bo3)\n|rated|\n|rule|Species Clause: Limit one of each Pokémon\n|rule|Item Clause: Limit 1 of each item\n|clearpoke\n|poke|p1|Sneasler, L50, F|\n|poke|p1|Kingambit, L50, M|\n|poke|p1|Froslass, L50, F|\n|poke|p1|Scovillain, L50, M|\n|poke|p1|Basculegion, L50, M|\n|poke|p1|Lycanroc-Dusk, L50, F|\n|poke|p2|Tyranitar, L50, F|\n|poke|p2|Excadrill, L50, M|\n|poke|p2|Milotic, L50, F|\n|poke|p2|Whimsicott, L50, M|\n|poke|p2|Meganium, L50, F|\n|poke|p2|Garchomp, L50, F|\n|teampreview|4\n|showteam|p1|Sneasler||WhiteHerb|Unburden|FakeOut,Protect,CloseCombat,DireClaw|Adamant||F|||50|]Kingambit||BlackGlasses|Defiant|KowtowCleave,SuckerPunch,Protect,SwordsDance|Adamant||M|||50|]Froslass||Froslassite|SnowCloak|Protect,Blizzard,ShadowBall,AuroraVeil|Timid||F|||50|]Scovillain||Scovillainite|Chlorophyll|Protect,Overheat,GigaDrain,RagePowder|Bold||M|||50|]Basculegion||LifeOrb|Adaptability|WaveCrash,LastRespects,AquaJet,Protect|Adamant||M|||50|]Lycanroc-Dusk||FocusSash|ToughClaws|Protect,RockSlide,Accelerock,CloseCombat|Adamant||F|||50|\n|showteam|p2|Tyranitar||Tyranitarite|SandStream|Protect,RockSlide,DragonDance,KnockOff|Jolly||F|||50|]Excadrill||FocusSash|SandRush|Protect,HighHorsepower,RockTomb,IronHead|Adamant||M|||50|]Milotic||MysticWater|Competitive|Protect,Scald,IceBeam,AlluringVoice|Modest||F|||50|]Whimsicott||CobaBerry|Prankster|Protect,Tailwind,Encore,Moonblast|Calm||M|||50|]Meganium||Meganiumite|LeafGuard|Protect,SolarBeam,DazzlingGleam,WeatherBall|Modest||F|||50|]Garchomp||LifeOrb|RoughSkin|Protect,StompingTantrum,DragonClaw,RockSlide|Jolly||F|||50|\n|\n|t:|1788439125\n|teamsize|p1|4\n|teamsize|p2|4\n|start\n|switch|p1a: Sneasler|Sneasler, L50, F|100/100\n|switch|p1b: Froslass|Froslass, L50, F|100/100\n|switch|p2a: Tyranitar|Tyranitar, L50, F|100/100\n|switch|p2b: Excadrill|Excadrill, L50, M|100/100\n|-weather|Sandstorm|[from] ability: Sand Stream|[of] p2a: Tyranitar\n|turn|1\n|\n|t:|1788439159\n|move|p2b: Excadrill|Protect|p2b: Excadrill\n|-singleturn|p2b: Excadrill|Protect\n|move|p1b: Froslass|Protect|p1b: Froslass\n|-singleturn|p1b: Froslass|Protect\n|move|p2a: Tyranitar|Protect|p2a: Tyranitar\n|-singleturn|p2a: Tyranitar|Protect\n|move|p1a: Sneasler|Fake Out|p2a: Tyranitar\n|-activate|p2a: Tyranitar|move: Protect\n|\n|-weather|Sandstorm|[upkeep]\n|-damage|p1b: Froslass|94/100|[from] Sandstorm\n|-damage|p1a: Sneasler|94/100|[from] Sandstorm\n|upkeep\n|turn|2\n|\n|t:|1788439190\n|switch|p1b: Kingambit|Kingambit, L50, M|100/100\n|detailschange|p2a: Tyranitar|Tyranitar-Mega, L50, F\n|-mega|p2a: Tyranitar|Tyranitar|Tyranitarite\n|move|p2b: Excadrill|High Horsepower|p1a: Sneasler\n|-supereffective|p1a: Sneasler|1\n|-damage|p1a: Sneasler|0 fnt\n|faint|p1a: Sneasler\n|move|p2a: Tyranitar|Dragon Dance|p2a: Tyranitar\n|-boost|p2a: Tyranitar|atk|1\n|-boost|p2a: Tyranitar|spe|1\n|\n|-weather|Sandstorm|[upkeep]\n|upkeep\n|\n|t:|1788439202\n|switch|p1a: Basculegion|Basculegion, L50, M|100/100\n|turn|3\n|\n|t:|1788439215\n|move|p1a: Basculegion|Aqua Jet|p2b: Excadrill\n|-supereffective|p2b: Excadrill|1\n|-damage|p2b: Excadrill|12/100\n|-damage|p1a: Basculegion|90/100|[from] item: Life Orb\n|move|p2b: Excadrill|High Horsepower|p1b: Kingambit\n|-supereffective|p1b: Kingambit|1\n|-damage|p1b: Kingambit|9/100\n|move|p2a: Tyranitar|Knock Off|p1a: Basculegion\n|-supereffective|p1a: Basculegion|1\n|-damage|p1a: Basculegion|0 fnt\n|-enditem|p1a: Basculegion|Life Orb|[from] move: Knock Off|[of] p2a: Tyranitar\n|faint|p1a: Basculegion\n|move|p1b: Kingambit|Kowtow Cleave|p2a: Tyranitar\n|-resisted|p2a: Tyranitar|1\n|-damage|p2a: Tyranitar|82/100\n|\n|-weather|Sandstorm|[upkeep]\n|upkeep\n|\n|t:|1788439232\n|switch|p1a: Froslass|Froslass, L50, F|94/100\n|turn|4\n|\n|t:|1788439243\n|detailschange|p1a: Froslass|Froslass-Mega, L50, F\n|-mega|p1a: Froslass|Froslass|Froslassite\n|-weather|Snowscape|[from] ability: Snow Warning|[of] p1a: Froslass\n|move|p1b: Kingambit|Sucker Punch|p2b: Excadrill\n|-damage|p2b: Excadrill|0 fnt\n|faint|p2b: Excadrill\n|move|p2a: Tyranitar|Rock Slide|p1b: Kingambit|[spread] p1a,p1b\n|-supereffective|p1a: Froslass|1\n|-resisted|p1b: Kingambit|1\n|-damage|p1a: Froslass|13/100\n|-damage|p1b: Kingambit|0 fnt\n|faint|p1b: Kingambit\n|cant|p1a: Froslass|flinch\n|\n|-weather|Snowscape|[upkeep]\n|upkeep\n|\n|t:|1788439254\n|switch|p2b: Whimsicott|Whimsicott, L50, M|100/100\n|turn|5\n|\n|t:|1788439258\n|move|p2b: Whimsicott|Tailwind|p2b: Whimsicott\n|-sidestart|p2: dfjkhbf|move: Tailwind\n|move|p2a: Tyranitar|Knock Off|p1a: Froslass\n|-supereffective|p1a: Froslass|1\n|-damage|p1a: Froslass|0 fnt\n|faint|p1a: Froslass\n|\n|win|dfjkhbf\n||sonpabloz is ready for game 2.\n","uploadtime":1788439263,"views":"0","formatid":"gen9championsvgc2026regmbbo3","rating":null,"private":0,"password":null}