{"id":"gen9championsvgc2026regmbbo3-2673607491","format":"[Gen 9 Champions] VGC 2026 Reg M-B (Bo3)","players":["iforgotogpassword","Meiko41"],"log":"|j|☆iforgotogpassword\n|j|☆Meiko41\n|html|<table width=\"100%\"><tr><td align=\"left\">iforgotogpassword</td><td align=\"right\">Meiko41</tr><tr><td align=\"left\"><i class=\"fa fa-circle\"></i> <i class=\"fa fa-circle-o\"></i> </td><td align=\"right\"><i class=\"fa fa-circle-o\"></i> <i class=\"fa fa-circle\"></i> </tr></table>\n|uhtml|bestof|<h2><strong>Game 3</strong> of <a href=\"/game-bestof3-gen9championsvgc2026regmbbo3-2673603795\">a best-of-3</a></h2>\n|t:|1788220442\n|gametype|doubles\n|player|p1|iforgotogpassword|1|1169\n|player|p2|Meiko41|102|1137\n|gen|9\n|tier|[Gen 9 Champions] VGC 2026 Reg M-B (Bo3)\n|rated|\n|rule|Species Clause: Limit one of each Pokémon\n|rule|Item Clause: Limit 1 of each item\n|clearpoke\n|poke|p1|Meowstic, L50, M|\n|poke|p1|Staraptor, L50, M, shiny|\n|poke|p1|Sinistcha-Masterpiece, L50|\n|poke|p1|Swampert, L50, M|\n|poke|p1|Archaludon, L50, F|\n|poke|p1|Pelipper, L50, M|\n|poke|p2|Kingambit, L50, F|\n|poke|p2|Charizard, L50, F|\n|poke|p2|Aerodactyl, L50, F|\n|poke|p2|Farigiraf, L50, F|\n|poke|p2|Garchomp, L50, F|\n|poke|p2|Sylveon, L50, F|\n|teampreview|4\n|showteam|p1|Meowstic||LightClay|Prankster|LightScreen,RainDance,Charm,Yawn|Timid||M|||50|]Staraptor||Staraptite|Intimidate|Protect,CloseCombat,Roost,DualWingbeat|Jolly||M|||50|]Sinistcha-Masterpiece||SitrusBerry|Hospitality|MatchaGotcha,StrengthSap,RagePowder,LifeDew|Relaxed|||||50|]Swampert||Swampertite|Torrent|Protect,HighHorsepower,WaveCrash,IcePunch|Adamant||M|||50|]Archaludon||Leftovers|Stamina|ElectroShot,FlashCannon,DragonPulse,Protect|Calm||F|||50|]Pelipper||FocusSash|Drizzle|WeatherBall,Tailwind,Hurricane,WideGuard|Timid||M|||50|\n|showteam|p2|Kingambit||FocusSash|Defiant|KowtowCleave,IronHead,SuckerPunch,LowKick|Adamant||F|||50|]Charizard||CharizarditeY|Blaze|HeatWave,SolarBeam,WeatherBall,Protect|Modest||F|||50|]Aerodactyl||Aerodactylite|Unnerve|RockSlide,DualWingbeat,IceFang,Tailwind|Jolly||F|||50|]Farigiraf||SitrusBerry|ArmorTail|Psychic,Thunderbolt,TrickRoom,Protect|Bold||F|||50|]Garchomp||LifeOrb|RoughSkin|Earthquake,DragonClaw,StompingTantrum,Protect|Jolly||F|||50|]Sylveon||FairyFeather|Pixilate|HyperVoice,HyperBeam,QuickAttack,Protect|Modest||F|||50|\n|\n|t:|1788220469\n|teamsize|p1|4\n|teamsize|p2|4\n|start\n|switch|p1a: Archaludon|Archaludon, L50, F|100/100\n|switch|p1b: Pelipper|Pelipper, L50, M|100/100\n|switch|p2a: Aerodactyl|Aerodactyl, L50, F|100/100\n|switch|p2b: Sylveon|Sylveon, L50, F|100/100\n|-ability|p2a: Aerodactyl|Unnerve\n|-weather|RainDance|[from] ability: Drizzle|[of] p1b: Pelipper\n|turn|1\n|\n|t:|1788220483\n|detailschange|p2a: Aerodactyl|Aerodactyl-Mega, L50, F\n|-mega|p2a: Aerodactyl|Aerodactyl|Aerodactylite\n|move|p2a: Aerodactyl|Tailwind|p2a: Aerodactyl\n|-sidestart|p2: Meiko41|move: Tailwind\n|move|p2b: Sylveon|Hyper Beam|p1a: Archaludon\n|-damage|p1a: Archaludon|1/100\n|-mustrecharge|p2b: Sylveon\n|-ability|p1a: Archaludon|Stamina|boost\n|-boost|p1a: Archaludon|def|1\n|move|p1b: Pelipper|Tailwind|p1b: Pelipper\n|-sidestart|p1: iforgotogpassword|move: Tailwind\n|move|p1a: Archaludon|Electro Shot||[still]\n|-prepare|p1a: Archaludon|Electro Shot\n|-boost|p1a: Archaludon|spa|1\n|-anim|p1a: Archaludon|Electro Shot|p2a: Aerodactyl\n|-supereffective|p2a: Aerodactyl|1\n|-damage|p2a: Aerodactyl|0 fnt\n|faint|p2a: Aerodactyl\n|\n|-weather|RainDance|[upkeep]\n|-heal|p1a: Archaludon|6/100|[from] item: Leftovers\n|upkeep\n|\n|t:|1788220500\n|switch|p2a: Kingambit|Kingambit, L50, F|100/100\n|turn|2\n|\n|t:|1788220512\n|move|p1a: Archaludon|Protect|p1a: Archaludon\n|-singleturn|p1a: Archaludon|Protect\n|move|p2a: Kingambit|Sucker Punch|p1b: Pelipper\n|-damage|p1b: Pelipper|51/100\n|move|p1b: Pelipper|Weather Ball|p2b: Sylveon\n|-damage|p2b: Sylveon|44/100\n|cant|p2b: Sylveon|recharge\n|\n|-weather|RainDance|[upkeep]\n|-heal|p1a: Archaludon|12/100|[from] item: Leftovers\n|upkeep\n|turn|3\n|\n|t:|1788220534\n|move|p1a: Archaludon|Protect||[still]\n|-fail|p1a: Archaludon\n|move|p2b: Sylveon|Protect|p2b: Sylveon\n|-singleturn|p2b: Sylveon|Protect\n|move|p1b: Pelipper|Weather Ball|p2b: Sylveon\n|-activate|p2b: Sylveon|move: Protect\n|move|p2a: Kingambit|Kowtow Cleave|p1b: Pelipper\n|-damage|p1b: Pelipper|0 fnt\n|faint|p1b: Pelipper\n|\n|-weather|RainDance|[upkeep]\n|-heal|p1a: Archaludon|19/100|[from] item: Leftovers\n|upkeep\n|\n|t:|1788220542\n|switch|p1b: Swampert|Swampert, L50, M|100/100\n|turn|4\n|\n|t:|1788220554\n|switch|p2b: Garchomp|Garchomp, L50, F|100/100\n|detailschange|p1b: Swampert|Swampert-Mega, L50, M\n|-mega|p1b: Swampert|Swampert|Swampertite\n|move|p1a: Archaludon|Protect|p1a: Archaludon\n|-singleturn|p1a: Archaludon|Protect\n|move|p2a: Kingambit|Sucker Punch||[still]\n|-fail|p2a: Kingambit\n|move|p1b: Swampert|Wave Crash|p2a: Kingambit\n|-enditem|p2a: Kingambit|Focus Sash\n|-damage|p2a: Kingambit|1/100\n|-damage|p1b: Swampert|70/100|[from] Recoil\n|\n|-weather|RainDance|[upkeep]\n|-heal|p1a: Archaludon|25/100|[from] item: Leftovers\n|-sideend|p1: iforgotogpassword|move: Tailwind\n|-sideend|p2: Meiko41|move: Tailwind\n|upkeep\n|turn|5\n|\n|t:|1788220577\n|move|p1b: Swampert|Protect|p1b: Swampert\n|-singleturn|p1b: Swampert|Protect\n|move|p2b: Garchomp|Protect|p2b: Garchomp\n|-singleturn|p2b: Garchomp|Protect\n|move|p2a: Kingambit|Sucker Punch||[still]\n|-fail|p2a: Kingambit\n|move|p1a: Archaludon|Dragon Pulse|p2b: Garchomp\n|-activate|p2b: Garchomp|move: Protect\n|\n|-weather|none\n|-heal|p1a: Archaludon|31/100|[from] item: Leftovers\n|upkeep\n|turn|6\n|\n|t:|1788220598\n|move|p2a: Kingambit|Sucker Punch|p1b: Swampert\n|-damage|p1b: Swampert|37/100\n|move|p2b: Garchomp|Earthquake|p1b: Swampert|[spread] p2a,p1a,p1b\n|-supereffective|p2a: Kingambit|1\n|-supereffective|p1a: Archaludon|1\n|-crit|p1b: Swampert\n|-damage|p2a: Kingambit|0 fnt\n|-damage|p1a: Archaludon|0 fnt\n|-damage|p1b: Swampert|0 fnt\n|faint|p2a: Kingambit\n|faint|p1a: Archaludon\n|faint|p1b: Swampert\n|-damage|p2b: Garchomp|90/100|[from] item: Life Orb\n|\n|upkeep\n|-message|iforgotogpassword forfeited.\n|\n|win|Meiko41\n|raw|iforgotogpassword's rating: 1169 &rarr; <strong>1142</strong><br />(-27 for losing)\n|raw|Meiko41's rating: 1137 &rarr; <strong>1164</strong><br />(+27 for winning)\n|l|☆iforgotogpassword\n|player|p1|\n","uploadtime":1788220647,"views":"4","formatid":"gen9championsvgc2026regmbbo3","rating":1142,"private":0,"password":null}