{"id":"gen9championsvgc2026regmbbo3-2674581402","format":"[Gen 9 Champions] VGC 2026 Reg M-B (Bo3)","players":["ufhednarvgc","goldiv2"],"log":"|j|☆ufhednarvgc\n|j|☆goldiv2\n|html|<table width=\"100%\"><tr><td align=\"left\">ufhednarvgc</td><td align=\"right\">goldiv2</tr><tr><td align=\"left\"><i class=\"fa fa-circle\"></i> <i class=\"fa fa-circle-o\"></i> </td><td align=\"right\"><i class=\"fa fa-circle-o\"></i> <i class=\"fa fa-circle\"></i> </tr></table>\n|uhtml|bestof|<h2><strong>Game 3</strong> of <a href=\"/game-bestof3-gen9championsvgc2026regmbbo3-2674578643\">a best-of-3</a></h2>\n|t:|1788376474\n|gametype|doubles\n|player|p1|ufhednarvgc|lance|1195\n|player|p2|goldiv2|169|1208\n|gen|9\n|tier|[Gen 9 Champions] VGC 2026 Reg M-B (Bo3)\n|rated|\n|rule|Species Clause: Limit one of each Pokémon\n|rule|Item Clause: Limit 1 of each item\n|clearpoke\n|poke|p1|Dragonite, L50, F|\n|poke|p1|Sneasler, L50, M|\n|poke|p1|Basculegion, L50, M|\n|poke|p1|Kingambit, L50, M|\n|poke|p1|Garchomp, L50, F|\n|poke|p1|Floette-Eternal, L50, F|\n|poke|p2|Delphox, L50, M|\n|poke|p2|Sinistcha-Masterpiece, L50|\n|poke|p2|Sneasler, L50, F|\n|poke|p2|Kingambit, L50, M|\n|poke|p2|Incineroar, L50, M|\n|poke|p2|Floette-Eternal, L50, F|\n|teampreview|4\n|showteam|p1|Dragonite||Dragoninite|Multiscale|DragonPulse,HeatWave,ExtremeSpeed,Protect|Modest||F|||50|]Sneasler||FocusSash|PoisonTouch|CloseCombat,DireClaw,FakeOut,Feint|Jolly||M|||50|]Basculegion||LifeOrb|Adaptability|WaveCrash,LastRespects,AquaJet,Protect|Adamant||M|||50|]Kingambit||ChopleBerry|Defiant|SuckerPunch,KowtowCleave,LowKick,IronHead|Adamant||M|||50|]Garchomp||ChoiceScarf|RoughSkin|DragonClaw,StompingTantrum,Earthquake,RockSlide|Adamant||F|||50|]Floette-Eternal||Floettite|FlowerVeil|Moonblast,DazzlingGleam,LightofRuin,Protect|Timid||F|||50|\n|showteam|p2|Delphox||Delphoxite|Blaze|HeatWave,Psychic,NastyPlot,Protect|Timid||M|||50|]Sinistcha-Masterpiece||KasibBerry|Hospitality|MatchaGotcha,RagePowder,TrickRoom,Protect|Bold|||||50|]Sneasler||FocusSash|PoisonTouch|FakeOut,PoisonJab,CloseCombat,QuickGuard|Jolly||F|||50|]Kingambit||LifeOrb|Defiant|KowtowCleave,SuckerPunch,SwordsDance,Protect|Adamant||M|||50|]Incineroar||SitrusBerry|Intimidate|FakeOut,FlareBlitz,ThroatChop,PartingShot|Careful||M|||50|]Floette-Eternal||Floettite|FlowerVeil|DazzlingGleam,Moonblast,CalmMind,Protect|Modest||F|||50|\n|inactive|Battle timer is ON: inactive players will automatically lose when time's up. (requested by goldiv2)\n|\n|t:|1788376505\n|teamsize|p1|4\n|teamsize|p2|4\n|start\n|switch|p1a: Sneasler|Sneasler, L50, M|100/100\n|switch|p1b: Kingambit|Kingambit, L50, M|100/100\n|switch|p2a: Majik|Delphox, L50, M|100/100\n|switch|p2b: Thrasher|Sneasler, L50, F|100/100\n|turn|1\n|\n|t:|1788376529\n|switch|p2b: Sipsy|Sinistcha-Masterpiece, L50|100/100\n|detailschange|p2a: Majik|Delphox-Mega, L50, M\n|-mega|p2a: Majik|Delphox|Delphoxite\n|move|p2a: Majik|Protect|p2a: Majik\n|-singleturn|p2a: Majik|Protect\n|move|p1a: Sneasler|Fake Out|p2b: Sipsy\n|-immune|p2b: Sipsy\n|move|p1b: Kingambit|Kowtow Cleave|p2a: Majik\n|-activate|p2a: Majik|move: Protect\n|\n|upkeep\n|turn|2\n|inactive|ufhednarvgc has 30 seconds left.\n|inactive|goldiv2 has 30 seconds left.\n|\n|t:|1788376559\n|move|p2b: Sipsy|Rage Powder|p2b: Sipsy\n|-singleturn|p2b: Sipsy|move: Rage Powder\n|move|p2a: Majik|Heat Wave|p1a: Sneasler|[spread] p1a,p1b\n|-supereffective|p1b: Kingambit|1\n|-damage|p1a: Sneasler|43/100\n|-damage|p1b: Kingambit|36/100\n|move|p1a: Sneasler|Dire Claw|p2b: Sipsy\n|-damage|p2b: Sipsy|66/100\n|move|p1b: Kingambit|Kowtow Cleave|p2b: Sipsy\n|-supereffective|p2b: Sipsy|1\n|-damage|p2b: Sipsy|1/100\n|\n|upkeep\n|turn|3\n|\n|t:|1788376576\n|switch|p1b: Basculegion|Basculegion, L50, M|100/100\n|move|p2b: Sipsy|Rage Powder|p2b: Sipsy\n|-singleturn|p2b: Sipsy|move: Rage Powder\n|move|p2a: Majik|Heat Wave|p1b: Basculegion|[spread] p1a,p1b\n|-resisted|p1b: Basculegion|1\n|-crit|p1b: Basculegion\n|-damage|p1a: Sneasler|0 fnt\n|-damage|p1b: Basculegion|64/100\n|faint|p1a: Sneasler\n|\n|upkeep\n|\n|t:|1788376584\n|switch|p1a: Kingambit|Kingambit, L50, M|36/100\n|turn|4\n|\n|t:|1788376589\n|move|p2b: Sipsy|Rage Powder|p2b: Sipsy\n|-singleturn|p2b: Sipsy|move: Rage Powder\n|move|p1b: Basculegion|Aqua Jet|p2b: Sipsy\n|-resisted|p2b: Sipsy|1\n|-damage|p2b: Sipsy|0 fnt\n|faint|p2b: Sipsy\n|-damage|p1b: Basculegion|55/100|[from] item: Life Orb\n|move|p1a: Kingambit|Sucker Punch|p2a: Majik\n|-supereffective|p2a: Majik|1\n|-damage|p2a: Majik|1/100\n|move|p2a: Majik|Heat Wave|p1a: Kingambit|[spread] p1a,p1b\n|-supereffective|p1a: Kingambit|1\n|-resisted|p1b: Basculegion|1\n|-damage|p1a: Kingambit|0 fnt\n|-damage|p1b: Basculegion|33/100\n|faint|p1a: Kingambit\n|\n|upkeep\n|\n|t:|1788376607\n|switch|p2b: Kitteh|Incineroar, L50, M|100/100\n|switch|p1a: Floette|Floette-Eternal, L50, F|100/100\n|-ability|p2b: Kitteh|Intimidate|boost\n|-unboost|p1a: Floette|atk|1\n|-unboost|p1b: Basculegion|atk|1\n|turn|5\n|inactive|ufhednarvgc has 30 seconds left.\n|\n|t:|1788376636\n|detailschange|p1a: Floette|Floette-Mega, L50, F\n|-mega|p1a: Floette|Floette|Floettite\n|-ability|p1a: Floette|Fairy Aura\n|move|p2a: Majik|Protect|p2a: Majik\n|-singleturn|p2a: Majik|Protect\n|move|p1a: Floette|Dazzling Gleam|p2a: Majik|[spread] p2b\n|-activate|p2a: Majik|move: Protect\n|-damage|p2b: Kitteh|59/100\n|move|p1b: Basculegion|Wave Crash|p2b: Kitteh\n|-supereffective|p2b: Kitteh|1\n|-damage|p2b: Kitteh|0 fnt\n|faint|p2b: Kitteh\n|-damage|p1b: Basculegion|13/100|[from] Recoil\n|-damage|p1b: Basculegion|4/100|[from] item: Life Orb\n|\n|upkeep\n|\n|t:|1788376652\n|switch|p2b: Thrasher|Sneasler, L50, F|100/100\n|turn|6\n|inactive|ufhednarvgc has 30 seconds left.\n|inactive|ufhednarvgc has 20 seconds left.\n|\n|t:|1788376688\n|move|p1b: Basculegion|Aqua Jet|p2a: Majik\n|-supereffective|p2a: Majik|1\n|-damage|p2a: Majik|0 fnt\n|faint|p2a: Majik\n|-damage|p1b: Basculegion|0 fnt|[from] item: Life Orb\n|faint|p1b: Basculegion\n|move|p2b: Thrasher|Poison Jab|p1a: Floette\n|-supereffective|p1a: Floette|1\n|-damage|p1a: Floette|1/100\n|-status|p1a: Floette|psn|[from] ability: Poison Touch|[of] p2b: Thrasher\n|move|p1a: Floette|Moonblast|p2b: Thrasher\n|-enditem|p2b: Thrasher|Focus Sash\n|-damage|p2b: Thrasher|1/100\n|\n|-damage|p1a: Floette|0 fnt|[from] psn\n|faint|p1a: Floette\n|\n|win|goldiv2\n|raw|ufhednarvgc's rating: 1195 &rarr; <strong>1171</strong><br />(-24 for losing)\n|raw|goldiv2's rating: 1208 &rarr; <strong>1232</strong><br />(+24 for winning)\n|c|☆goldiv2|ggs\n","uploadtime":1788376725,"views":"5","formatid":"gen9championsvgc2026regmbbo3","rating":1171,"private":0,"password":null}