{"id":"gen9championsvgc2026regmb-2674209833","format":"[Gen 9 Champions] VGC 2026 Reg M-B","players":["Saymonster","srpatata2207"],"log":"|j|☆Saymonster\n|j|☆srpatata2207\n|t:|1788315922\n|gametype|doubles\n|player|p1|Saymonster|shadowtriad|1227\n|player|p2|srpatata2207|miku-psychic|1133\n|gen|9\n|tier|[Gen 9 Champions] VGC 2026 Reg M-B\n|rated|\n|rule|Species Clause: Limit one of each Pokémon\n|rule|Item Clause: Limit 1 of each item\n|clearpoke\n|poke|p1|Tsareena, L50, F|\n|poke|p1|Bellibolt, L50, F|\n|poke|p1|Arcanine, L50, M|\n|poke|p1|Sylveon, L50, F|\n|poke|p1|Mudsdale, L50, M|\n|poke|p1|Raichu, L50, M|\n|poke|p2|Goodra-Hisui, L50, M|\n|poke|p2|Aerodactyl, L50, F, shiny|\n|poke|p2|Dragapult, L50, M|\n|poke|p2|Clefable, L50, M, shiny|\n|poke|p2|Sinistcha-Masterpiece, L50, shiny|\n|poke|p2|Incineroar, L50, M|\n|teampreview|4\n|inactive|Battle timer is ON: inactive players will automatically lose when time's up. (requested by srpatata2207)\n|inactive|Saymonster has 60 seconds left.\n|inactive|Saymonster has 30 seconds left.\n|\n|t:|1788315999\n|teamsize|p1|4\n|teamsize|p2|4\n|start\n|switch|p1a: Bellibolt|Bellibolt, L50, F|100/100\n|switch|p1b: Raichu|Raichu, L50, M|100/100\n|switch|p2a: Goodra|Goodra-Hisui, L50, M|100/100\n|switch|p2b: Dragapult|Dragapult, L50, M|100/100\n|turn|1\n|\n|t:|1788316023\n|move|p1b: Raichu|Fake Out|p2a: Goodra\n|-resisted|p2a: Goodra|1\n|-damage|p2a: Goodra|95/100\n|move|p2b: Dragapult|Dragon Cheer|p2a: Goodra\n|-start|p2a: Goodra|move: Dragon Cheer\n|cant|p2a: Goodra|flinch\n|move|p1a: Bellibolt|Parabolic Charge|p2b: Dragapult|[spread] p2a,p2b\n|-ability|p1b: Raichu|Lightning Rod|boost\n|-boost|p1b: Raichu|spa|1\n|-resisted|p2a: Goodra|1\n|-resisted|p2b: Dragapult|1\n|-damage|p2a: Goodra|87/100\n|-damage|p2b: Dragapult|87/100\n|-start|p1a: Bellibolt|Disable|Parabolic Charge|[from] ability: Cursed Body|[of] p2b: Dragapult\n|\n|upkeep\n|turn|2\n|inactive|Saymonster has 30 seconds left.\n|inactive|Saymonster has 20 seconds left.\n|inactive|Saymonster has 15 seconds left.\n|\n|t:|1788316063\n|switch|p2b: Sinistcha|Sinistcha-Masterpiece, L50, shiny|100/100\n|-heal|p2a: Goodra|100/100|[from] ability: Hospitality|[of] p2b: Sinistcha\n|move|p1b: Raichu|Protect|p1b: Raichu\n|-singleturn|p1b: Raichu|Protect\n|move|p2a: Goodra|Draco Meteor|p1b: Raichu\n|-activate|p1b: Raichu|move: Protect\n|move|p1a: Bellibolt|Soak|p2a: Goodra\n|-start|p2a: Goodra|typechange|Water\n|\n|upkeep\n|turn|3\n|inactive|Saymonster has 30 seconds left.\n|inactive|srpatata2207 has 30 seconds left.\n|\n|t:|1788316092\n|switch|p1b: Sylveon|Sylveon, L50, F|100/100\n|move|p2a: Goodra|Protect|p2a: Goodra\n|-singleturn|p2a: Goodra|Protect\n|move|p1a: Bellibolt|Soak|p2b: Sinistcha\n|-start|p2b: Sinistcha|typechange|Water\n|move|p2b: Sinistcha|Trick Room|p2b: Sinistcha\n|-fieldstart|move: Trick Room|[of] p2b: Sinistcha\n|\n|upkeep\n|turn|4\n|inactive|Saymonster has 30 seconds left.\n|\n|t:|1788316125\n|move|p1a: Bellibolt|Protect|p1a: Bellibolt\n|-singleturn|p1a: Bellibolt|Protect\n|move|p1b: Sylveon|Protect|p1b: Sylveon\n|-singleturn|p1b: Sylveon|Protect\n|move|p2b: Sinistcha|Rage Powder|p2b: Sinistcha\n|-singleturn|p2b: Sinistcha|move: Rage Powder\n|move|p2a: Goodra|Flash Cannon|p1b: Sylveon\n|-activate|p1b: Sylveon|move: Protect\n|\n|-end|p1a: Bellibolt|Disable\n|upkeep\n|turn|5\n|\n|t:|1788316142\n|switch|p1b: Raichu|Raichu, L50, M|100/100\n|move|p2b: Sinistcha|Rage Powder|p2b: Sinistcha\n|-singleturn|p2b: Sinistcha|move: Rage Powder\n|move|p1a: Bellibolt|Parabolic Charge|p2b: Sinistcha|[spread] p2a,p2b\n|-ability|p1b: Raichu|Lightning Rod|boost\n|-boost|p1b: Raichu|spa|1\n|-supereffective|p2a: Goodra|1\n|-supereffective|p2b: Sinistcha|1\n|-damage|p2a: Goodra|66/100\n|-damage|p2b: Sinistcha|65/100\n|move|p2a: Goodra|Draco Meteor|p1a: Bellibolt\n|-crit|p1a: Bellibolt\n|-damage|p1a: Bellibolt|37/100\n|-unboost|p2a: Goodra|spa|2\n|-start|p1a: Bellibolt|Charge|Draco Meteor|[from] ability: Electromorphosis\n|\n|-heal|p1a: Bellibolt|43/100|[from] item: Leftovers\n|upkeep\n|turn|6\n|\n|t:|1788316164\n|move|p1b: Raichu|Fake Out|p2a: Goodra\n|-damage|p2a: Goodra|57/100\n|move|p2b: Sinistcha|Rage Powder|p2b: Sinistcha\n|-singleturn|p2b: Sinistcha|move: Rage Powder\n|move|p1a: Bellibolt|Parabolic Charge|p2b: Sinistcha|[spread] p2a,p2b\n|-ability|p1b: Raichu|Lightning Rod|boost\n|-boost|p1b: Raichu|spa|1\n|-supereffective|p2a: Goodra|1\n|-supereffective|p2b: Sinistcha|1\n|-damage|p2a: Goodra|0 fnt\n|-heal|p1a: Bellibolt|70/100|[from] drain|[of] p2a: Goodra\n|-damage|p2b: Sinistcha|0 fnt\n|-heal|p1a: Bellibolt|99/100|[from] drain|[of] p2b: Sinistcha\n|faint|p2a: Goodra\n|faint|p2b: Sinistcha\n|-end|p1a: Bellibolt|Charge|[silent]\n|\n|-heal|p1a: Bellibolt|100/100|[from] item: Leftovers\n|upkeep\n|\n|t:|1788316184\n|switch|p2a: Aerodactyl|Aerodactyl, L50, F, shiny|100/100\n|switch|p2b: Dragapult|Dragapult, L50, M|87/100\n|-ability|p2a: Aerodactyl|Unnerve\n|turn|7\n|inactive|Saymonster has 30 seconds left.\n|\n|t:|1788316218\n|detailschange|p1b: Raichu|Raichu-Mega-X, L50, M\n|-mega|p1b: Raichu|Raichu|Raichunite X\n|-fieldstart|move: Electric Terrain|[from] ability: Electric Surge|[of] p1b: Raichu\n|detailschange|p2a: Aerodactyl|Aerodactyl-Mega, L50, F, shiny\n|-mega|p2a: Aerodactyl|Aerodactyl|Aerodactylite\n|move|p2a: Aerodactyl|Protect|p2a: Aerodactyl\n|-singleturn|p2a: Aerodactyl|Protect\n|move|p1a: Bellibolt|Soak|p2b: Dragapult\n|-start|p2b: Dragapult|typechange|Water\n|move|p1b: Raichu|Rising Voltage|p2b: Dragapult\n|-hint|Rising Voltage's BP doubled on grounded target.\n|-supereffective|p2b: Dragapult|1\n|-damage|p2b: Dragapult|0 fnt\n|faint|p2b: Dragapult\n|\n|-fieldend|move: Trick Room\n|upkeep\n|turn|8\n|\n|t:|1788316241\n|move|p2a: Aerodactyl|Rock Slide|p1a: Bellibolt|[spread] \n|-miss|p2a: Aerodactyl|p1a: Bellibolt\n|-miss|p2a: Aerodactyl|p1b: Raichu\n|move|p1b: Raichu|Rising Voltage|p2a: Aerodactyl\n|-supereffective|p2a: Aerodactyl|1\n|-damage|p2a: Aerodactyl|0 fnt\n|faint|p2a: Aerodactyl\n|\n|win|Saymonster\n|raw|Saymonster's rating: 1227 &rarr; <strong>1245</strong><br />(+18 for winning)\n|raw|srpatata2207's rating: 1133 &rarr; <strong>1115</strong><br />(-18 for losing)\n|l|☆srpatata2207\n|player|p2|\n","uploadtime":1788316385,"views":"7","formatid":"gen9championsvgc2026regmb","rating":1115,"private":0,"password":null}