{"id":"gen9championsvgc2026regmb-2674957712","format":"[Gen 9 Champions] VGC 2026 Reg M-B","players":["bruhdnigerian","wishencore"],"log":"|j|☆bruhdnigerian\n|j|☆wishencore\n|t:|1788441876\n|gametype|doubles\n|player|p1|bruhdnigerian|lance|1068\n|player|p2|wishencore|caitlin|1036\n|gen|9\n|tier|[Gen 9 Champions] VGC 2026 Reg M-B\n|rated|\n|rule|Species Clause: Limit one of each Pokémon\n|rule|Item Clause: Limit 1 of each item\n|clearpoke\n|poke|p1|Pangoro, L50, F|\n|poke|p1|Spiritomb, L50, F|\n|poke|p1|Gliscor, L50, M|\n|poke|p1|Gholdengo, L50|\n|poke|p1|Talonflame, L50, F|\n|poke|p1|Raichu, L50, F|\n|poke|p2|Dragalge, L50, F|\n|poke|p2|Farigiraf, L50, M|\n|poke|p2|Sinistcha, L50|\n|poke|p2|Aggron, L50, M|\n|poke|p2|Incineroar, L50, M|\n|poke|p2|Sneasler, L50, F|\n|teampreview|4\n|inactive|Battle timer is ON: inactive players will automatically lose when time's up. (requested by bruhdnigerian)\nbruhdnigerian has agreed to open team sheets.\n|\n|t:|1788441901\n|teamsize|p1|4\n|teamsize|p2|4\n|start\n|switch|p1a: Talonflame|Talonflame, L50, F|100/100\n|switch|p1b: Raichu|Raichu, L50, F|100/100\n|switch|p2a: Dragalge|Dragalge, L50, F|100/100\n|switch|p2b: Farigiraf|Farigiraf, L50, M|100/100\n|turn|1\n|inactive|bruhdnigerian has 30 seconds left.\n|\n|t:|1788441931\n|detailschange|p1b: Raichu|Raichu-Mega-Y, L50, F\n|-mega|p1b: Raichu|Raichu|Raichunite Y\n|detailschange|p2a: Dragalge|Dragalge-Mega, L50, F\n|-mega|p2a: Dragalge|Dragalge|Dragalgite\n|move|p2b: Farigiraf|Protect|p2b: Farigiraf\n|-singleturn|p2b: Farigiraf|Protect\n|move|p1a: Talonflame|Quick Guard|p1a: Talonflame\n|-singleturn|p1a: Talonflame|Quick Guard\n|move|p1b: Raichu|Zap Cannon|p2b: Farigiraf\n|-activate|p2b: Farigiraf|move: Protect\n|move|p2a: Dragalge|Sludge Bomb|p1b: Raichu\n|-damage|p1b: Raichu|18/100\n|\n|upkeep\n|turn|2\n|\n|t:|1788441951\n|move|p1a: Talonflame|Quick Guard|p1a: Talonflame\n|-singleturn|p1a: Talonflame|Quick Guard\n|move|p1b: Raichu|Zap Cannon|p2b: Farigiraf\n|-damage|p2b: Farigiraf|15/100\n|-status|p2b: Farigiraf|par\n|-enditem|p2b: Farigiraf|Sitrus Berry|[eat]\n|-heal|p2b: Farigiraf|40/100 par|[from] item: Sitrus Berry\n|move|p2a: Dragalge|Thunderbolt|p1a: Talonflame\n|-supereffective|p1a: Talonflame|1\n|-damage|p1a: Talonflame|0 fnt\n|faint|p1a: Talonflame\n|move|p2b: Farigiraf|Trick Room|p2b: Farigiraf\n|-fieldstart|move: Trick Room|[of] p2b: Farigiraf\n|\n|upkeep\n|\n|t:|1788441958\n|switch|p1a: Gliscor|Gliscor, L50, M|100/100\n|turn|3\n|\n|t:|1788441974\n|switch|p2b: Incineroar|Incineroar, L50, M|100/100\n|-ability|p2b: Incineroar|Intimidate|boost\n|-fail|p1a: Gliscor|unboost|atk|[from] ability: Hyper Cutter|[of] p1a: Gliscor\n|-unboost|p1b: Raichu|atk|1\n|move|p2a: Dragalge|Dragon Pulse|p1b: Raichu\n|-damage|p1b: Raichu|0 fnt\n|faint|p1b: Raichu\n|move|p1a: Gliscor|High Horsepower|p2a: Dragalge\n|-supereffective|p2a: Dragalge|1\n|-damage|p2a: Dragalge|0 fnt\n|faint|p2a: Dragalge\n|\n|upkeep\n|\n|t:|1788441981\n|switch|p2a: Farigiraf|Farigiraf, L50, M|40/100 par\n|switch|p1b: Gholdengo|Gholdengo, L50|100/100\n|turn|4\n|\n|t:|1788441999\n|move|p2a: Farigiraf|Protect|p2a: Farigiraf\n|-singleturn|p2a: Farigiraf|Protect\n|move|p1a: Gliscor|High Horsepower|p2b: Incineroar\n|-supereffective|p2b: Incineroar|1\n|-damage|p2b: Incineroar|1/100\n|move|p2b: Incineroar|Flare Blitz|p1b: Gholdengo\n|-supereffective|p1b: Gholdengo|1\n|-damage|p1b: Gholdengo|0 fnt\n|faint|p1b: Gholdengo\n|-damage|p2b: Incineroar|0 fnt|[from] Recoil\n|faint|p2b: Incineroar\n|\n|upkeep\n|\n|t:|1788442007\n|switch|p2b: Sneasler|Sneasler, L50, F|100/100\n|turn|5\n|inactive|wishencore has 30 seconds left.\n|\n|t:|1788442033\n|move|p1a: Gliscor|Protect|p1a: Gliscor\n|-singleturn|p1a: Gliscor|Protect\n|move|p2b: Sneasler|Protect|p2b: Sneasler\n|-singleturn|p2b: Sneasler|Protect\n|move|p2a: Farigiraf|Hyper Voice|p1a: Gliscor\n|-activate|p1a: Gliscor|move: Protect\n|\n|upkeep\n|turn|6\n|\n|t:|1788442053\n|cant|p2a: Farigiraf|par\n|move|p1a: Gliscor|Acrobatics|p2b: Sneasler\n|-supereffective|p2b: Sneasler|1\n|-damage|p2b: Sneasler|0 fnt\n|faint|p2b: Sneasler\n|\n|-fieldend|move: Trick Room\n|upkeep\n|turn|7\n|\n|t:|1788442060\n|move|p1a: Gliscor|Acrobatics|p2a: Farigiraf\n|-damage|p2a: Farigiraf|3/100 par\n|move|p2a: Farigiraf|Hyper Voice|p1a: Gliscor\n|-damage|p1a: Gliscor|55/100\n|\n|upkeep\n|turn|8\n|\n|t:|1788442063\n|move|p1a: Gliscor|Acrobatics|p2a: Farigiraf\n|-damage|p2a: Farigiraf|0 fnt\n|faint|p2a: Farigiraf\n|\n|win|bruhdnigerian\n|raw|bruhdnigerian's rating: 1068 &rarr; <strong>1095</strong><br />(+27 for winning)\n|raw|wishencore's rating: 1036 &rarr; <strong>1022</strong><br />(-14 for losing)\n|l|☆wishencore\n|player|p2|\n","uploadtime":1788442068,"views":"0","formatid":"gen9championsvgc2026regmb","rating":1022,"private":0,"password":null}