{"id":"gen9championsvgc2026regmbbo3-2674086145","format":"[Gen 9 Champions] VGC 2026 Reg M-B (Bo3)","players":["LetIBSleep","MaxwellBaker"],"log":"|j|☆LetIBSleep\n|j|☆MaxwellBaker\n|html|<table width=\"100%\"><tr><td align=\"left\">LetIBSleep</td><td align=\"right\">MaxwellBaker</tr><tr><td align=\"left\"><i class=\"fa fa-circle-o\"></i> <i class=\"fa fa-circle-o\"></i> </td><td align=\"right\"><i class=\"fa fa-circle-o\"></i> <i class=\"fa fa-circle-o\"></i> </tr></table>\n|uhtml|bestof|<h2><strong>Game 1</strong> of <a href=\"/game-bestof3-gen9championsvgc2026regmbbo3-2674086142\">a best-of-3</a></h2>\n|t:|1788297215\n|gametype|doubles\n|player|p1|LetIBSleep|102|1074\n|player|p2|MaxwellBaker|2|1159\n|gen|9\n|tier|[Gen 9 Champions] VGC 2026 Reg M-B (Bo3)\n|rated|\n|rule|Species Clause: Limit one of each Pokémon\n|rule|Item Clause: Limit 1 of each item\n|clearpoke\n|poke|p1|Blaziken, L50, F|\n|poke|p1|Sinistcha, L50|\n|poke|p1|Starmie, L50|\n|poke|p1|Pelipper, L50, M|\n|poke|p1|Archaludon, L50, M|\n|poke|p1|Kingambit, L50, M|\n|poke|p2|Raichu, L50, F|\n|poke|p2|Staraptor, L50, F|\n|poke|p2|Farigiraf, L50, M|\n|poke|p2|Kingambit, L50, M|\n|poke|p2|Sylveon, L50, F, shiny|\n|poke|p2|Arcanine-Hisui, L50, F|\n|teampreview|4\n|showteam|p1|Blaziken||Blazikenite|SpeedBoost|SwordsDance,FlareBlitz,CloseCombat,Detect|Adamant||F|||50|]Sinistcha||KasibBerry|Hospitality|MatchaGotcha,RagePowder,ShadowBall,Protect|Calm|||||50|]Starmie||Starminite|NaturalCure|AquaJet,PsychoCut,Liquidation,Protect|Jolly|||||50|]Pelipper||SitrusBerry|Drizzle|WideGuard,Hurricane,WeatherBall,Tailwind|Modest||M|||50|]Archaludon||Leftovers|Stamina|ElectroShot,DracoMeteor,FlashCannon,Protect|Timid||M|||50|]Kingambit||ChopleBerry|Defiant|KowtowCleave,SuckerPunch,IronHead,StoneEdge|Adamant||M|||50|\n|showteam|p2|Raichu||RaichuniteY|LightningRod|ZapCannon,FocusBlast,FakeOut,Protect|Timid||F|||50|]Staraptor||Staraptite|Intimidate|CloseCombat,BraveBird,Tailwind,Protect|Jolly||F|||50|]Farigiraf||SitrusBerry|ArmorTail|HelpingHand,Psychic,TrickRoom,Protect|Calm||M|||50|]Kingambit||LifeOrb|Defiant|KowtowCleave,SuckerPunch,SwordsDance,Protect|Adamant||M|||50|]Sylveon||FairyFeather|Pixilate|HyperVoice,HyperBeam,QuickAttack,Detect|Modest||F|||50|]Arcanine-Hisui||FocusSash|RockHead|FlareBlitz,HeadSmash,ExtremeSpeed,Protect|Jolly||F|||50|\n|inactive|Battle timer is ON: inactive players will automatically lose when time's up. (requested by MaxwellBaker)\n|\n|t:|1788297293\n|teamsize|p1|4\n|teamsize|p2|4\n|start\n|switch|p1a: Archaludon|Archaludon, L50, M|100/100\n|switch|p1b: Pelipper|Pelipper, L50, M|100/100\n|switch|p2a: Raichu|Raichu, L50, F|100/100\n|switch|p2b: Sylveon|Sylveon, L50, F, shiny|100/100\n|-weather|RainDance|[from] ability: Drizzle|[of] p1b: Pelipper\n|turn|1\n|inactive|MaxwellBaker has 30 seconds left.\n|inactive|MaxwellBaker has 20 seconds left.\n|inactive|MaxwellBaker has 15 seconds left.\n|\n|t:|1788297334\n|switch|p1b: Blaziken|Blaziken, L50, F|100/100\n|move|p2a: Raichu|Fake Out|p1b: Blaziken\n|-damage|p1b: Blaziken|88/100\n|move|p1a: Archaludon|Flash Cannon|p2b: Sylveon\n|-supereffective|p2b: Sylveon|1\n|-damage|p2b: Sylveon|25/100\n|-unboost|p2b: Sylveon|spd|1\n|move|p2b: Sylveon|Hyper Beam|p1b: Blaziken\n|-damage|p1b: Blaziken|0 fnt\n|-mustrecharge|p2b: Sylveon\n|faint|p1b: Blaziken\n|\n|-weather|RainDance|[upkeep]\n|upkeep\n|\n|t:|1788297348\n|switch|p1b: Pelipper|Pelipper, L50, M|100/100\n|turn|2\n|inactive|MaxwellBaker has 30 seconds left.\n|\n|t:|1788297373\n|detailschange|p2a: Raichu|Raichu-Mega-Y, L50, F\n|-mega|p2a: Raichu|Raichu|Raichunite Y\n|move|p2a: Raichu|Zap Cannon|p1b: Pelipper\n|-supereffective|p1b: Pelipper|2\n|-damage|p1b: Pelipper|0 fnt\n|faint|p1b: Pelipper\n|move|p1a: Archaludon|Draco Meteor|p2a: Raichu\n|-damage|p2a: Raichu|2/100\n|-unboost|p1a: Archaludon|spa|2\n|cant|p2b: Sylveon|recharge\n|\n|-weather|RainDance|[upkeep]\n|upkeep\n|\n|t:|1788297381\n|switch|p1b: Sinistcha|Sinistcha, L50|100/100\n|turn|3\n|\n|t:|1788297405\n|move|p1b: Sinistcha|Protect|p1b: Sinistcha\n|-singleturn|p1b: Sinistcha|Protect\n|move|p2a: Raichu|Zap Cannon|p1b: Sinistcha\n|-activate|p1b: Sinistcha|move: Protect\n|move|p1a: Archaludon|Electro Shot||[still]\n|-prepare|p1a: Archaludon|Electro Shot\n|-boost|p1a: Archaludon|spa|1\n|-anim|p1a: Archaludon|Electro Shot|p2b: Sylveon\n|-damage|p2b: Sylveon|0 fnt\n|faint|p2b: Sylveon\n|\n|-weather|RainDance|[upkeep]\n|upkeep\n|\n|t:|1788297425\n|switch|p2b: Kingambit|Kingambit, L50, M|100/100\n|turn|4\n|\n|t:|1788297444\n|move|p1a: Archaludon|Protect|p1a: Archaludon\n|-singleturn|p1a: Archaludon|Protect\n|move|p2a: Raichu|Zap Cannon|p1a: Archaludon\n|-activate|p1a: Archaludon|move: Protect\n|move|p2b: Kingambit|Swords Dance|p2b: Kingambit\n|-boost|p2b: Kingambit|atk|2\n|move|p1b: Sinistcha|Matcha Gotcha|p2b: Kingambit|[spread] p2a,p2b\n|-resisted|p2b: Kingambit|1\n|-damage|p2a: Raichu|0 fnt\n|-damage|p2b: Kingambit|86/100\n|faint|p2a: Raichu\n|\n|-weather|RainDance|[upkeep]\n|upkeep\n|\n|t:|1788297463\n|switch|p2a: Farigiraf|Farigiraf, L50, M|100/100\n|turn|5\n|inactive|LetIBSleep has 30 seconds left.\n|\n|t:|1788297490\n|move|p2a: Farigiraf|Helping Hand|p2b: Kingambit\n|-singleturn|p2b: Kingambit|Helping Hand|[of] p2a: Farigiraf\n|move|p1b: Sinistcha|Rage Powder|p1b: Sinistcha\n|-singleturn|p1b: Sinistcha|move: Rage Powder\n|move|p1a: Archaludon|Electro Shot||[still]\n|-prepare|p1a: Archaludon|Electro Shot\n|-boost|p1a: Archaludon|spa|1\n|-anim|p1a: Archaludon|Electro Shot|p2b: Kingambit\n|-damage|p2b: Kingambit|34/100\n|move|p2b: Kingambit|Kowtow Cleave|p1b: Sinistcha\n|-supereffective|p1b: Sinistcha|1\n|-damage|p1b: Sinistcha|0 fnt\n|faint|p1b: Sinistcha\n|-damage|p2b: Kingambit|24/100|[from] item: Life Orb\n|\n|-weather|none\n|upkeep\n|turn|6\n|\n|t:|1788297513\n|move|p2a: Farigiraf|Helping Hand|p2b: Kingambit\n|-singleturn|p2b: Kingambit|Helping Hand|[of] p2a: Farigiraf\n|move|p2b: Kingambit|Sucker Punch|p1a: Archaludon\n|-damage|p1a: Archaludon|0 fnt\n|faint|p1a: Archaludon\n|-damage|p2b: Kingambit|14/100|[from] item: Life Orb\n|\n|win|MaxwellBaker\n","uploadtime":1788297513,"views":"0","formatid":"gen9championsvgc2026regmbbo3","rating":null,"private":0,"password":null}