{"id":"gen9championsvgc2026regmb-2674301013","format":"[Gen 9 Champions] VGC 2026 Reg M-B","players":["Sir Knightzard","alexismydog"],"log":"|j|☆Sir Knightzard\n|j|☆alexismydog\n|t:|1788335588\n|gametype|doubles\n|player|p1|Sir Knightzard|brendan|1504\n|player|p2|alexismydog|265|1559\n|gen|9\n|tier|[Gen 9 Champions] VGC 2026 Reg M-B\n|rated|\n|rule|Species Clause: Limit one of each Pokémon\n|rule|Item Clause: Limit 1 of each item\n|clearpoke\n|poke|p1|Charizard, L50, F, shiny|\n|poke|p1|Whimsicott, L50, F, shiny|\n|poke|p1|Kingambit, L50, M|\n|poke|p1|Basculegion, L50, M, shiny|\n|poke|p1|Garchomp, L50, F|\n|poke|p1|Glimmora, L50, M|\n|poke|p2|Tyranitar, L50, F|\n|poke|p2|Excadrill, L50, F|\n|poke|p2|Sinistcha, L50|\n|poke|p2|Gholdengo, L50|\n|poke|p2|Staraptor, L50, M|\n|poke|p2|Milotic, L50, F|\n|teampreview|4\n|inactive|Battle timer is ON: inactive players will automatically lose when time's up. (requested by alexismydog)\n|\n|t:|1788335626\n|teamsize|p1|4\n|teamsize|p2|4\n|start\n|switch|p1a: kirara|Whimsicott, L50, F, shiny|100/100\n|switch|p1b: bas da da da|Garchomp, L50, F|100/100\n|switch|p2a: Staraptor|Staraptor, L50, M|100/100\n|switch|p2b: Excadrill|Excadrill, L50, F|100/100\n|-ability|p2a: Staraptor|Intimidate|boost\n|-unboost|p1a: kirara|atk|1\n|-unboost|p1b: bas da da da|atk|1\n|turn|1\n|\n|t:|1788335647\n|switch|p1b: Jane juliet|Charizard, L50, F, shiny|100/100\n|detailschange|p2a: Staraptor|Staraptor-Mega, L50, M\n|-mega|p2a: Staraptor|Staraptor|Staraptite\n|move|p1a: kirara|Tailwind|p1a: kirara\n|-sidestart|p1: Sir Knightzard|move: Tailwind\n|move|p2a: Staraptor|Tailwind|p2a: Staraptor\n|-sidestart|p2: alexismydog|move: Tailwind\n|move|p2b: Excadrill|Iron Head|p1a: kirara\n|-supereffective|p1a: kirara|1\n|-damage|p1a: kirara|0 fnt\n|faint|p1a: kirara\n|-damage|p2b: Excadrill|90/100|[from] item: Life Orb\n|\n|upkeep\n|\n|t:|1788335671\n|switch|p1a: dagon|Basculegion, L50, M, shiny|100/100\n|turn|2\n|inactive|alexismydog has 30 seconds left.\n|\n|t:|1788335702\n|detailschange|p1b: Jane juliet|Charizard-Mega-Y, L50, F, shiny\n|-mega|p1b: Jane juliet|Charizard|Charizardite Y\n|-weather|SunnyDay|[from] ability: Drought|[of] p1b: Jane juliet\n|move|p2b: Excadrill|Protect|p2b: Excadrill\n|-singleturn|p2b: Excadrill|Protect\n|move|p1a: dagon|Aqua Jet|p2a: Staraptor\n|-damage|p2a: Staraptor|84/100\n|move|p2a: Staraptor|Close Combat|p1b: Jane juliet\n|-resisted|p1b: Jane juliet|1\n|-damage|p1b: Jane juliet|69/100\n|-boost|p2a: Staraptor|def|1\n|-boost|p2a: Staraptor|spd|1\n|move|p1b: Jane juliet|Heat Wave|p2a: Staraptor|[spread] p2a\n|-activate|p2b: Excadrill|move: Protect\n|-damage|p2a: Staraptor|36/100\n|\n|-weather|SunnyDay|[upkeep]\n|upkeep\n|turn|3\n|inactive|alexismydog has 30 seconds left.\n|\n|t:|1788335733\n|switch|p2a: Tyranitar|Tyranitar, L50, F|100/100\n|-weather|Sandstorm|[from] ability: Sand Stream|[of] p2a: Tyranitar\n|move|p2b: Excadrill|Rock Slide|p1b: Jane juliet|[spread] p1a,p1b\n|-supereffective|p1b: Jane juliet|2\n|-damage|p1a: dagon|69/100\n|-damage|p1b: Jane juliet|0 fnt\n|faint|p1b: Jane juliet\n|-damage|p2b: Excadrill|80/100|[from] item: Life Orb\n|cant|p1a: dagon|flinch\n|\n|-weather|Sandstorm|[upkeep]\n|-damage|p1a: dagon|63/100|[from] Sandstorm\n|upkeep\n|\n|t:|1788335739\n|switch|p1b: bas da da da|Garchomp, L50, F|100/100\n|turn|4\n|\n|t:|1788335753\n|move|p1a: dagon|Protect|p1a: dagon\n|-singleturn|p1a: dagon|Protect\n|move|p2b: Excadrill|Rock Slide|p1b: bas da da da|[spread] \n|-activate|p1a: dagon|move: Protect\n|-miss|p2b: Excadrill|p1b: bas da da da\n|move|p1b: bas da da da|Earthquake|p2a: Tyranitar|[spread] p2a,p2b\n|-activate|p1a: dagon|move: Protect\n|-supereffective|p2a: Tyranitar|1\n|-supereffective|p2b: Excadrill|1\n|-damage|p2a: Tyranitar|28/100\n|-damage|p2b: Excadrill|0 fnt\n|faint|p2b: Excadrill\n|move|p2a: Tyranitar|Knock Off|p1a: dagon\n|-activate|p1a: dagon|move: Protect\n|\n|-weather|Sandstorm|[upkeep]\n|-damage|p1a: dagon|56/100|[from] Sandstorm\n|-sideend|p1: Sir Knightzard|move: Tailwind\n|-sideend|p2: alexismydog|move: Tailwind\n|upkeep\n|\n|t:|1788335768\n|switch|p2b: Staraptor|Staraptor-Mega, L50, M|36/100\n|turn|5\n|\n|t:|1788335786\n|move|p1a: dagon|Aqua Jet|p2b: Staraptor\n|-damage|p2b: Staraptor|6/100\n|move|p2b: Staraptor|Tailwind|p2b: Staraptor\n|-sidestart|p2: alexismydog|move: Tailwind\n|move|p2a: Tyranitar|Knock Off|p1a: dagon\n|-supereffective|p1a: dagon|1\n|-damage|p1a: dagon|0 fnt\n|-enditem|p1a: dagon|Mystic Water|[from] move: Knock Off|[of] p2a: Tyranitar\n|faint|p1a: dagon\n|move|p1b: bas da da da|Dragon Claw|p2a: Tyranitar\n|-damage|p2a: Tyranitar|0 fnt\n|faint|p2a: Tyranitar\n|\n|-weather|Sandstorm|[upkeep]\n|-damage|p2b: Staraptor|0 fnt|[from] Sandstorm\n|faint|p2b: Staraptor\n|upkeep\n|\n|t:|1788335801\n|switch|p2b: Gholdengo|Gholdengo, L50|100/100\n|turn|6\n|\n|t:|1788335806\n|move|p2b: Gholdengo|Shadow Ball|p1b: bas da da da\n|-damage|p1b: bas da da da|45/100\n|-enditem|p1b: bas da da da|Sitrus Berry|[eat]\n|-heal|p1b: bas da da da|70/100|[from] item: Sitrus Berry\n|move|p1b: bas da da da|Earthquake|p2b: Gholdengo\n|-supereffective|p2b: Gholdengo|1\n|-enditem|p2b: Gholdengo|Focus Sash\n|-damage|p2b: Gholdengo|1/100\n|\n|-weather|Sandstorm|[upkeep]\n|upkeep\n|turn|7\n|\n|t:|1788335816\n|move|p2b: Gholdengo|Make It Rain|p1b: bas da da da\n|-damage|p1b: bas da da da|0 fnt\n|-unboost|p2b: Gholdengo|spa|2\n|faint|p1b: bas da da da\n|\n|win|alexismydog\n|raw|Sir Knightzard's rating: 1504 &rarr; <strong>1487</strong><br />(-17 for losing)\n|raw|alexismydog's rating: 1559 &rarr; <strong>1576</strong><br />(+17 for winning)\n|l|☆Sir Knightzard\n|player|p1|\n","uploadtime":1788335824,"views":"1","formatid":"gen9championsvgc2026regmb","rating":1487,"private":0,"password":null}