{"id":"gen9championsvgc2026regmbbo3-2673280403","format":"[Gen 9 Champions] VGC 2026 Reg M-B (Bo3)","players":["Incinthegoat","humania1"],"log":"|j|☆Incinthegoat\n|j|☆humania1\n|html|<table width=\"100%\"><tr><td align=\"left\">Incinthegoat</td><td align=\"right\">humania1</tr><tr><td align=\"left\"><i class=\"fa fa-circle-o\"></i> <i class=\"fa fa-circle-o\"></i> </td><td align=\"right\"><i class=\"fa fa-circle-o\"></i> <i class=\"fa fa-circle-o\"></i> </tr></table>\n|uhtml|bestof|<h2><strong>Game 1</strong> of <a href=\"/game-bestof3-gen9championsvgc2026regmbbo3-2673280402\">a best-of-3</a></h2>\n|t:|1788175996\n|gametype|doubles\n|player|p1|Incinthegoat|lucas|1062\n|player|p2|humania1|170|1000\n|gen|9\n|tier|[Gen 9 Champions] VGC 2026 Reg M-B (Bo3)\n|rated|\n|rule|Species Clause: Limit one of each Pokémon\n|rule|Item Clause: Limit 1 of each item\n|clearpoke\n|poke|p1|Garganacl, L50, M, shiny|\n|poke|p1|Toxapex, L50, F, shiny|\n|poke|p1|Swampert, L50, M|\n|poke|p1|Basculegion, L50, M, shiny|\n|poke|p1|Pelipper, L50, F|\n|poke|p1|Hydrapple, L50, M, shiny|\n|poke|p2|Blastoise, L50, M|\n|poke|p2|Delphox, L50, M, shiny|\n|poke|p2|Incineroar, L50, F|\n|poke|p2|Sinistcha, L50|\n|poke|p2|Sneasler, L50, M|\n|poke|p2|Vivillon, L50, F|\n|teampreview|4\n|showteam|p1|Garganacl||Leftovers|PurifyingSalt|SaltCure,WideGuard,Recover,Protect|Sassy||M|||50|]Toxapex||MentalHerb|Regenerator|Toxic,Infestation,BanefulBunker,Recover|Relaxed||F|||50|]Swampert||Swampertite|Damp|HighHorsepower,Protect,IcePunch,Liquidation|Adamant||M|||50|]Basculegion||ChoiceScarf|SwiftSwim|FlipTurn,LastRespects,AquaJet,WaveCrash|Timid||M|||50|]Pelipper||FocusSash|Drizzle|WeatherBall,Hurricane,Protect,Tailwind|Timid||F|||50|]Hydrapple||HabanBerry|Regenerator|FickleBeam,EarthPower,Infestation,GigaDrain|Modest||M|||50|\n|showteam|p2|Blastoise||Blastoisinite|Torrent|Protect,ShellSmash,WaterSpout,DarkPulse|Modest||M|||50|]Delphox||Delphoxite|Blaze|Protect,HeatWave,Psyshock,NastyPlot|Timid||M|||50|]Incineroar||PasshoBerry|Intimidate|FakeOut,PartingShot,FlareBlitz,ThroatChop|Impish||F|||50|]Sinistcha||SitrusBerry|Hospitality|Protect,MatchaGotcha,TrickRoom,RagePowder|Bold|||||50|]Sneasler||FocusSash|PoisonTouch|QuickGuard,FakeOut,CloseCombat,DireClaw|Jolly||M|||50|]Vivillon||ChoiceScarf|CompoundEyes|Hurricane,SleepPowder,RagePowder,Uturn|Timid||F|||50|\n|\n|t:|1788176044\n|teamsize|p1|4\n|teamsize|p2|4\n|start\n|switch|p1a: Toxapex|Toxapex, L50, F, shiny|100/100\n|switch|p1b: Basculegion|Basculegion, L50, M, shiny|100/100\n|switch|p2a: Blastoise|Blastoise, L50, M|100/100\n|switch|p2b: Delphox|Delphox, L50, M, shiny|100/100\n|turn|1\n|j| nosehabladebruno\n|\n|t:|1788176092\n|switch|p1a: Pelipper|Pelipper, L50, F|100/100\n|-weather|RainDance|[from] ability: Drizzle|[of] p1a: Pelipper\n|move|p1b: Basculegion|Wave Crash|p2b: Delphox\n|-supereffective|p2b: Delphox|1\n|-damage|p2b: Delphox|0 fnt\n|faint|p2b: Delphox\n|-damage|p1b: Basculegion|73/100|[from] Recoil\n|move|p2a: Blastoise|Shell Smash|p2a: Blastoise\n|-unboost|p2a: Blastoise|def|1\n|-unboost|p2a: Blastoise|spd|1\n|-boost|p2a: Blastoise|atk|2\n|-boost|p2a: Blastoise|spa|2\n|-boost|p2a: Blastoise|spe|2\n|\n|-weather|RainDance|[upkeep]\n|upkeep\n|\n|t:|1788176093\n|switch|p2b: Incineroar|Incineroar, L50, F|100/100\n|-ability|p2b: Incineroar|Intimidate|boost\n|-unboost|p1a: Pelipper|atk|1\n|-unboost|p1b: Basculegion|atk|1\n|turn|2\n|\n|t:|1788176115\n|move|p1b: Basculegion|Wave Crash|p2a: Blastoise\n|-resisted|p2a: Blastoise|1\n|-damage|p2a: Blastoise|59/100\n|-damage|p1b: Basculegion|62/100|[from] Recoil\n|move|p2a: Blastoise|Dark Pulse|p1b: Basculegion\n|-supereffective|p1b: Basculegion|1\n|-damage|p1b: Basculegion|0 fnt\n|faint|p1b: Basculegion\n|move|p1a: Pelipper|Tailwind|p1a: Pelipper\n|-sidestart|p1: Incinthegoat|move: Tailwind\n|move|p2b: Incineroar|Throat Chop|p1a: Pelipper\n|-damage|p1a: Pelipper|62/100\n|-start|p1a: Pelipper|Throat Chop|[silent]\n|\n|-weather|RainDance|[upkeep]\n|upkeep\n|\n|t:|1788176127\n|switch|p1b: Swampert|Swampert, L50, M|100/100\n|turn|3\n|\n|t:|1788176140\n|switch|p2b: Sinistcha|Sinistcha, L50|100/100\n|-heal|p2a: Blastoise|84/100|[from] ability: Hospitality|[of] p2b: Sinistcha\n|detailschange|p1b: Swampert|Swampert-Mega, L50, M\n|-mega|p1b: Swampert|Swampert|Swampertite\n|move|p1b: Swampert|Liquidation|p2a: Blastoise\n|-resisted|p2a: Blastoise|1\n|-damage|p2a: Blastoise|29/100\n|move|p2a: Blastoise|Water Spout|p1a: Pelipper|[spread] p1a,p1b\n|-resisted|p1a: Pelipper|1\n|-damage|p1a: Pelipper|11/100\n|-damage|p1b: Swampert|43/100\n|move|p1a: Pelipper|Weather Ball|p2b: Sinistcha\n|-resisted|p2b: Sinistcha|1\n|-damage|p2b: Sinistcha|72/100\n|\n|-weather|RainDance|[upkeep]\n|-end|p1a: Pelipper|Throat Chop|[silent]\n|upkeep\n|turn|4\n|\n|t:|1788176160\n|move|p1b: Swampert|Liquidation|p2a: Blastoise\n|-resisted|p2a: Blastoise|1\n|-damage|p2a: Blastoise|0 fnt\n|faint|p2a: Blastoise\n|move|p1a: Pelipper|Hurricane|p2b: Sinistcha\n|-supereffective|p2b: Sinistcha|1\n|-damage|p2b: Sinistcha|0 fnt\n|faint|p2b: Sinistcha\n|\n|-weather|RainDance|[upkeep]\n|upkeep\n|\n|t:|1788176160\n|switch|p2a: Incineroar|Incineroar, L50, F|100/100\n|-ability|p2a: Incineroar|Intimidate|boost\n|-unboost|p1a: Pelipper|atk|1\n|-unboost|p1b: Swampert|atk|1\n|turn|5\n|\n|t:|1788176182\n|move|p1b: Swampert|Liquidation|p2a: Incineroar\n|-supereffective|p2a: Incineroar|1\n|-enditem|p2a: Incineroar|Passho Berry|[eat]\n|-enditem|p2a: Incineroar|Passho Berry|[weaken]\n|-damage|p2a: Incineroar|64/100\n|-unboost|p2a: Incineroar|def|1\n|move|p1a: Pelipper|Weather Ball|p2a: Incineroar\n|-supereffective|p2a: Incineroar|1\n|-damage|p2a: Incineroar|0 fnt\n|faint|p2a: Incineroar\n|\n|win|Incinthegoat\n","uploadtime":1788176182,"views":"2","formatid":"gen9championsvgc2026regmbbo3","rating":null,"private":0,"password":null}