{"id":"gen9championsvgc2026regmbbo3-2673657735","format":"[Gen 9 Champions] VGC 2026 Reg M-B (Bo3)","players":["Unemployed Homie","ilyKuronaa"],"log":"|j|☆Unemployed Homie\n|j|☆ilyKuronaa\n|html|<table width=\"100%\"><tr><td align=\"left\">Unemployed Homie</td><td align=\"right\">ilyKuronaa</tr><tr><td align=\"left\"><i class=\"fa fa-circle\"></i> <i class=\"fa fa-circle-o\"></i> </td><td align=\"right\"><i class=\"fa fa-circle-o\"></i> <i class=\"fa fa-circle\"></i> </tr></table>\n|uhtml|bestof|<h2><strong>Game 3</strong> of <a href=\"/game-bestof3-gen9championsvgc2026regmbbo3-2673653686\">a best-of-3</a></h2>\n|t:|1788228344\n|gametype|doubles\n|player|p1|Unemployed Homie|emmet|1091\n|player|p2|ilyKuronaa|170|1208\n|gen|9\n|tier|[Gen 9 Champions] VGC 2026 Reg M-B (Bo3)\n|rated|\n|rule|Species Clause: Limit one of each Pokémon\n|rule|Item Clause: Limit 1 of each item\n|clearpoke\n|poke|p1|Blaziken, L50, F|\n|poke|p1|Milotic, L50, M|\n|poke|p1|Kingambit, L50, M|\n|poke|p1|Ninetales-Alola, L50, M|\n|poke|p1|Aerodactyl, L50, F|\n|poke|p1|Sinistcha, L50|\n|poke|p2|Floette-Eternal, L50, F|\n|poke|p2|Basculegion, L50, M|\n|poke|p2|Kingambit, L50, M|\n|poke|p2|Dragonite, L50, M|\n|poke|p2|Garchomp, L50, F|\n|poke|p2|Sneasler, L50, F|\n|teampreview|4\n|showteam|p1|Blaziken||Blazikenite|SpeedBoost|Detect,BulkUp,FlareBlitz,CloseCombat|Adamant||F|||50|]Milotic||Leftovers|Competitive|Coil,MuddyWater,Hypnosis,Protect|Quiet||M|||50|]Kingambit||FocusSash|Defiant|Assurance,Protect,IronHead,SuckerPunch|Adamant||M|||50|]Ninetales-Alola||LifeOrb|SnowWarning|AuroraVeil,Blizzard,DazzlingGleam,Protect|Timid||M|||50|]Aerodactyl||Aerodactylite|Unnerve|Tailwind,Protect,DualWingbeat,RockSlide|Jolly||F|||50|]Sinistcha||SitrusBerry|Hospitality|MatchaGotcha,TrickRoom,Imprison,Protect|Relaxed|||||50|\n|showteam|p2|Floette-Eternal||Floettite|FlowerVeil|Moonblast,DazzlingGleam,LightofRuin,Protect|Timid||F|||50|]Basculegion||LifeOrb|Adaptability|WaveCrash,LastRespects,AquaJet,Protect|Adamant||M|||50|]Kingambit||ChopleBerry|Defiant|SuckerPunch,KowtowCleave,LowKick,IronHead|Adamant||M|||50|]Dragonite||Dragoninite|Multiscale|DragonPulse,HeatWave,ExtremeSpeed,Protect|Modest||M|||50|]Garchomp||ChoiceScarf|RoughSkin|DragonClaw,StompingTantrum,Earthquake,RockSlide|Jolly||F|||50|]Sneasler||FocusSash|Unburden|CloseCombat,DireClaw,FakeOut,Feint|Adamant||F|||50|\n|inactive|Battle timer is ON: inactive players will automatically lose when time's up. (requested by ilyKuronaa)\n|inactive|Unemployed Homie has 60 seconds left.\n|inactive|ilyKuronaa has 60 seconds left.\n|\n|t:|1788228406\n|teamsize|p1|4\n|teamsize|p2|4\n|start\n|switch|p1a: Ninetales|Ninetales-Alola, L50, M|100/100\n|switch|p1b: Milotic|Milotic, L50, M|100/100\n|switch|p2a: Sneasler|Sneasler, L50, F|100/100\n|switch|p2b: Garchomp|Garchomp, L50, F|100/100\n|-weather|Snowscape|[from] ability: Snow Warning|[of] p1a: Ninetales\n|turn|1\n|inactive|Unemployed Homie has 30 seconds left.\n|\n|t:|1788228433\n|switch|p2b: Kingambit|Kingambit, L50, M|100/100\n|move|p1a: Ninetales|Protect|p1a: Ninetales\n|-singleturn|p1a: Ninetales|Protect\n|move|p1b: Milotic|Protect|p1b: Milotic\n|-singleturn|p1b: Milotic|Protect\n|move|p2a: Sneasler|Fake Out|p1a: Ninetales\n|-activate|p1a: Ninetales|move: Protect\n|\n|-weather|Snowscape|[upkeep]\n|upkeep\n|turn|2\n|\n|t:|1788228456\n|switch|p1a: Blaziken|Blaziken, L50, F|100/100\n|move|p2a: Sneasler|Dire Claw|p1a: Blaziken\n|-damage|p1a: Blaziken|25/100\n|move|p1b: Milotic|Coil|p1b: Milotic\n|-boost|p1b: Milotic|atk|1\n|-boost|p1b: Milotic|def|1\n|-boost|p1b: Milotic|accuracy|1\n|move|p2b: Kingambit|Iron Head|p1a: Blaziken\n|-resisted|p1a: Blaziken|1\n|-damage|p1a: Blaziken|0 fnt\n|faint|p1a: Blaziken\n|\n|-weather|Snowscape|[upkeep]\n|upkeep\n|\n|t:|1788228480\n|switch|p1a: Ninetales|Ninetales-Alola, L50, M|100/100\n|turn|3\n|\n|t:|1788228490\n|switch|p1a: Kingambit|Kingambit, L50, M|100/100\n|move|p2a: Sneasler|Feint|p1a: Kingambit\n|-resisted|p1a: Kingambit|1\n|-damage|p1a: Kingambit|95/100\n|move|p1b: Milotic|Hypnosis|p2b: Kingambit\n|-status|p2b: Kingambit|slp|[from] move: Hypnosis\n|cant|p2b: Kingambit|slp\n|\n|-weather|Snowscape|[upkeep]\n|upkeep\n|turn|4\n|\n|t:|1788228507\n|switch|p1a: Ninetales|Ninetales-Alola, L50, M|100/100\n|move|p2a: Sneasler|Dire Claw|p1b: Milotic\n|-damage|p1b: Milotic|63/100\n|move|p1b: Milotic|Muddy Water|p2b: Kingambit|[spread] p2a,p2b\n|-damage|p2a: Sneasler|56/100\n|-damage|p2b: Kingambit|68/100 slp\n|-curestatus|p2b: Kingambit|slp|[msg]\n|move|p2b: Kingambit|Low Kick|p1a: Ninetales\n|-damage|p1a: Ninetales|82/100\n|\n|-weather|Snowscape|[upkeep]\n|-heal|p1b: Milotic|69/100|[from] item: Leftovers\n|upkeep\n|turn|5\n|\n|t:|1788228531\n|move|p1a: Ninetales|Aurora Veil|p1a: Ninetales\n|-sidestart|p1: Unemployed Homie|move: Aurora Veil\n|move|p2a: Sneasler|Dire Claw|p1a: Ninetales\n|-supereffective|p1a: Ninetales|1\n|-damage|p1a: Ninetales|17/100\n|move|p1b: Milotic|Muddy Water|p2b: Kingambit|[spread] p2a,p2b\n|-damage|p2a: Sneasler|9/100\n|-damage|p2b: Kingambit|35/100\n|move|p2b: Kingambit|Iron Head|p1a: Ninetales\n|-supereffective|p1a: Ninetales|2\n|-damage|p1a: Ninetales|0 fnt\n|faint|p1a: Ninetales\n|\n|-weather|none\n|-heal|p1b: Milotic|75/100|[from] item: Leftovers\n|upkeep\n|\n|t:|1788228544\n|switch|p1a: Kingambit|Kingambit, L50, M|95/100\n|turn|6\n|\n|t:|1788228552\n|move|p1a: Kingambit|Protect|p1a: Kingambit\n|-singleturn|p1a: Kingambit|Protect\n|move|p2b: Kingambit|Sucker Punch|p1b: Milotic\n|-damage|p1b: Milotic|56/100\n|move|p2a: Sneasler|Close Combat|p1a: Kingambit\n|-activate|p1a: Kingambit|move: Protect\n|move|p1b: Milotic|Muddy Water|p2b: Kingambit|[spread] p2a,p2b\n|-damage|p2a: Sneasler|0 fnt\n|-damage|p2b: Kingambit|3/100\n|faint|p2a: Sneasler\n|\n|-heal|p1b: Milotic|62/100|[from] item: Leftovers\n|upkeep\n|\n|t:|1788228560\n|switch|p2a: Floette|Floette-Eternal, L50, F|100/100\n|turn|7\n|\n|t:|1788228581\n|detailschange|p2a: Floette|Floette-Mega, L50, F\n|-mega|p2a: Floette|Floette|Floettite\n|-ability|p2a: Floette|Fairy Aura\n|move|p1a: Kingambit|Protect||[still]\n|-fail|p1a: Kingambit\n|move|p2a: Floette|Dazzling Gleam|p1b: Milotic|[spread] p1a,p1b\n|-damage|p1a: Kingambit|63/100\n|-damage|p1b: Milotic|39/100\n|move|p1b: Milotic|Hypnosis|p2a: Floette\n|-status|p2a: Floette|slp|[from] move: Hypnosis\n|move|p2b: Kingambit|Low Kick|p1a: Kingambit\n|-supereffective|p1a: Kingambit|2\n|-damage|p1a: Kingambit|0 fnt\n|faint|p1a: Kingambit\n|\n|-heal|p1b: Milotic|45/100|[from] item: Leftovers\n|upkeep\n|turn|8\n|\n|t:|1788228597\n|move|p2b: Kingambit|Sucker Punch|p1b: Milotic\n|-damage|p1b: Milotic|25/100\n|cant|p2a: Floette|slp\n|move|p1b: Milotic|Muddy Water|p2b: Kingambit|[spread] p2a,p2b\n|-damage|p2a: Floette|71/100 slp\n|-damage|p2b: Kingambit|0 fnt\n|faint|p2b: Kingambit\n|\n|-heal|p1b: Milotic|31/100|[from] item: Leftovers\n|upkeep\n|\n|t:|1788228602\n|switch|p2b: Garchomp|Garchomp, L50, F|100/100\n|turn|9\n|\n|t:|1788228613\n|move|p2b: Garchomp|Dragon Claw|p1b: Milotic\n|-damage|p1b: Milotic|9/100\n|cant|p2a: Floette|slp\n|move|p1b: Milotic|Muddy Water|p2a: Floette|[spread] p2a,p2b\n|-damage|p2a: Floette|41/100 slp\n|-damage|p2b: Garchomp|65/100\n|\n|-heal|p1b: Milotic|15/100|[from] item: Leftovers\n|-sideend|p1: Unemployed Homie|move: Aurora Veil\n|upkeep\n|turn|10\n|c|☆Unemployed Homie|gg\n|\n|t:|1788228623\n|move|p2b: Garchomp|Dragon Claw|p1b: Milotic\n|-damage|p1b: Milotic|0 fnt\n|faint|p1b: Milotic\n|\n|win|ilyKuronaa\n|raw|Unemployed Homie's rating: 1091 &rarr; <strong>1075</strong><br />(-16 for losing)\n|raw|ilyKuronaa's rating: 1208 &rarr; <strong>1225</strong><br />(+17 for winning)\n","uploadtime":1788228623,"views":"0","formatid":"gen9championsvgc2026regmbbo3","rating":1075,"private":0,"password":null}