{"id":"gen9championsvgc2026regmb-2674444270","format":"[Gen 9 Champions] VGC 2026 Reg M-B","players":["ori1","dimweaker"],"log":"|j|☆ori1\n|j|☆dimweaker\n|t:|1788360552\n|gametype|doubles\n|player|p1|ori1|1|1334\n|player|p2|dimweaker|swimmerf-gen4|1436\n|gen|9\n|tier|[Gen 9 Champions] VGC 2026 Reg M-B\n|rated|\n|rule|Species Clause: Limit one of each Pokémon\n|rule|Item Clause: Limit 1 of each item\n|clearpoke\n|poke|p1|Garchomp, L50, M|\n|poke|p1|Whimsicott, L50, F, shiny|\n|poke|p1|Gengar, L50, M|\n|poke|p1|Charizard, L50, M, shiny|\n|poke|p1|Milotic, L50, M, shiny|\n|poke|p1|Rotom-Fan, L50|\n|poke|p2|Milotic, L50, F|\n|poke|p2|Wyrdeer, L50, M|\n|poke|p2|Staraptor, L50, F|\n|poke|p2|Raichu, L50, M|\n|poke|p2|Chandelure, L50, F|\n|poke|p2|Kingambit, L50, M|\n|teampreview|4\n|inactive|Battle timer is ON: inactive players will automatically lose when time's up. (requested by ori1)\n|inactive|ori1 has 60 seconds left.\n|\n|t:|1788360585\n|teamsize|p1|4\n|teamsize|p2|4\n|start\n|switch|p1a: Whimsicott|Whimsicott, L50, F, shiny|100/100\n|switch|p1b: Gengar|Gengar, L50, M|100/100\n|switch|p2a: Wyrdeer|Wyrdeer, L50, M|100/100\n|switch|p2b: Milotic|Milotic, L50, F|100/100\n|-ability|p2a: Wyrdeer|Intimidate|boost\n|-unboost|p1a: Whimsicott|atk|1\n|-unboost|p1b: Gengar|atk|1\n|turn|1\n|\n|t:|1788360599\n|move|p1a: Whimsicott|Worry Seed|p2a: Wyrdeer\n|-ability|p2a: Wyrdeer|Insomnia|Intimidate|[from] move: Worry Seed\n|move|p1b: Gengar|Imprison|p1b: Gengar\n|-start|p1b: Gengar|move: Imprison\n|move|p2a: Wyrdeer|Skill Swap|p1a: Whimsicott\n|-activate|p2a: Wyrdeer|Skill Swap|Prankster|Insomnia|[of] p1a: Whimsicott\n|move|p2b: Milotic|Coil|p2b: Milotic\n|-boost|p2b: Milotic|atk|1\n|-boost|p2b: Milotic|def|1\n|-boost|p2b: Milotic|accuracy|1\n|\n|upkeep\n|turn|2\n|inactive|dimweaker has 30 seconds left.\n|\n|t:|1788360629\n|move|p1a: Whimsicott|Moonblast|p2a: Wyrdeer\n|-damage|p2a: Wyrdeer|70/100\n|move|p1b: Gengar|Sludge Bomb|p2a: Wyrdeer\n|-damage|p2a: Wyrdeer|30/100\n|-status|p2a: Wyrdeer|psn\n|move|p2a: Wyrdeer|Psychic|p1b: Gengar\n|-supereffective|p1b: Gengar|1\n|-damage|p1b: Gengar|1/100\n|-start|p2a: Wyrdeer|Disable|Psychic|[from] ability: Cursed Body|[of] p1b: Gengar\n|move|p2b: Milotic|Muddy Water|p1b: Gengar|[spread] p1a,p1b\n|-resisted|p1a: Whimsicott|1\n|-damage|p1a: Whimsicott|78/100\n|-damage|p1b: Gengar|0 fnt\n|faint|p1b: Gengar\n|\n|-damage|p2a: Wyrdeer|17/100 psn|[from] psn\n|upkeep\n|\n|t:|1788360637\n|switch|p1b: Rotom|Rotom-Fan, L50|100/100\n|turn|3\n|\n|t:|1788360650\n|switch|p2a: Raichu|Raichu, L50, M|100/100\n|move|p1a: Whimsicott|Protect|p1a: Whimsicott\n|-singleturn|p1a: Whimsicott|Protect\n|move|p1b: Rotom|Discharge|p2b: Milotic|[spread] p2b\n|-activate|p1a: Whimsicott|move: Protect\n|-ability|p2a: Raichu|Lightning Rod|boost\n|-boost|p2a: Raichu|spa|1\n|-supereffective|p2b: Milotic|1\n|-damage|p2b: Milotic|61/100\n|move|p2b: Milotic|Coil|p2b: Milotic\n|-boost|p2b: Milotic|atk|1\n|-boost|p2b: Milotic|def|1\n|-boost|p2b: Milotic|accuracy|1\n|\n|-heal|p2b: Milotic|67/100|[from] item: Leftovers\n|upkeep\n|turn|4\n|\n|t:|1788360666\n|move|p2a: Raichu|Fake Out|p1b: Rotom\n|-damage|p1b: Rotom|90/100\n|move|p1a: Whimsicott|Worry Seed|p2a: Raichu\n|-ability|p2a: Raichu|Insomnia|Lightning Rod|[from] move: Worry Seed\n|cant|p1b: Rotom|flinch\n|move|p2b: Milotic|Hypnosis|p1a: Whimsicott\n|-immune|p1a: Whimsicott|[from] ability: Insomnia\n|\n|-heal|p2b: Milotic|73/100|[from] item: Leftovers\n|upkeep\n|turn|5\n|\n|t:|1788360689\n|switch|p2a: Staraptor|Staraptor, L50, F|100/100\n|-ability|p2a: Staraptor|Intimidate|boost\n|-unboost|p1a: Whimsicott|atk|1\n|-unboost|p1b: Rotom|atk|1\n|move|p2b: Milotic|Protect|p2b: Milotic\n|-singleturn|p2b: Milotic|Protect\n|move|p1a: Whimsicott|Tailwind|p1a: Whimsicott\n|-sidestart|p1: ori1|move: Tailwind\n|move|p1b: Rotom|Discharge|p2b: Milotic|[spread] p1a,p2a\n|-activate|p2b: Milotic|move: Protect\n|-resisted|p1a: Whimsicott|1\n|-supereffective|p2a: Staraptor|1\n|-damage|p1a: Whimsicott|53/100\n|-damage|p2a: Staraptor|14/100\n|\n|-heal|p2b: Milotic|79/100|[from] item: Leftovers\n|upkeep\n|turn|6\n|\n|t:|1788360711\n|switch|p2a: Raichu|Raichu, L50, M|100/100\n|move|p1a: Whimsicott|Moonblast|p2b: Milotic\n|-damage|p2b: Milotic|53/100\n|move|p1b: Rotom|Discharge|p2b: Milotic|[spread] p1a,p2b\n|-ability|p2a: Raichu|Lightning Rod|boost\n|-boost|p2a: Raichu|spa|1\n|-resisted|p1a: Whimsicott|1\n|-supereffective|p2b: Milotic|1\n|-damage|p1a: Whimsicott|30/100\n|-damage|p2b: Milotic|14/100\n|move|p2b: Milotic|Hypnosis|p1b: Rotom\n|-status|p1b: Rotom|slp|[from] move: Hypnosis\n|\n|-heal|p2b: Milotic|20/100y|[from] item: Leftovers\n|upkeep\n|turn|7\n|\n|t:|1788360723\n|move|p1a: Whimsicott|Protect|p1a: Whimsicott\n|-singleturn|p1a: Whimsicott|Protect\n|move|p2a: Raichu|Fake Out|p1a: Whimsicott\n|-activate|p1a: Whimsicott|move: Protect\n|cant|p1b: Rotom|slp\n|move|p2b: Milotic|Muddy Water|p1b: Rotom|[spread] p1b\n|-activate|p1a: Whimsicott|move: Protect\n|-damage|p1b: Rotom|57/100 slp\n|\n|-heal|p2b: Milotic|26/100|[from] item: Leftovers\n|upkeep\n|turn|8\n|\n|t:|1788360738\n|move|p2b: Milotic|Protect|p2b: Milotic\n|-singleturn|p2b: Milotic|Protect\n|move|p1a: Whimsicott|Moonblast|p2a: Raichu\n|-damage|p2a: Raichu|41/100\n|cant|p1b: Rotom|slp\n|move|p2a: Raichu|Thunderbolt|p1a: Whimsicott\n|-resisted|p1a: Whimsicott|1\n|-damage|p1a: Whimsicott|0 fnt\n|faint|p1a: Whimsicott\n|\n|-heal|p2b: Milotic|32/100|[from] item: Leftovers\n|-sideend|p1: ori1|move: Tailwind\n|upkeep\n|\n|t:|1788360742\n|switch|p1a: Garchomp|Garchomp, L50, M|100/100\n|turn|9\n|\n|t:|1788360756\n|move|p1a: Garchomp|Protect|p1a: Garchomp\n|-singleturn|p1a: Garchomp|Protect\n|move|p2a: Raichu|Charm|p1a: Garchomp\n|-activate|p1a: Garchomp|move: Protect\n|-curestatus|p1b: Rotom|slp|[msg]\n|move|p1b: Rotom|Electroweb|p2b: Milotic|[spread] p2b\n|-ability|p2a: Raichu|Lightning Rod|boost\n|-boost|p2a: Raichu|spa|1\n|-supereffective|p2b: Milotic|1\n|-damage|p2b: Milotic|4/100\n|-unboost|p2b: Milotic|spe|1\n|-ability|p2b: Milotic|Competitive|boost\n|-boost|p2b: Milotic|spa|2\n|move|p2b: Milotic|Muddy Water|p1b: Rotom|[spread] p1b\n|-activate|p1a: Garchomp|move: Protect\n|-damage|p1b: Rotom|0 fnt\n|faint|p1b: Rotom\n|\n|-heal|p2b: Milotic|10/100|[from] item: Leftovers\n|upkeep\n|turn|10\n|\n|t:|1788360772\n|move|p2b: Milotic|Protect|p2b: Milotic\n|-singleturn|p2b: Milotic|Protect\n|move|p2a: Raichu|Charm|p1a: Garchomp\n|-unboost|p1a: Garchomp|atk|2\n|move|p1a: Garchomp|Earthquake|p2b: Milotic|[spread] p2a\n|-activate|p2b: Milotic|move: Protect\n|-supereffective|p2a: Raichu|1\n|-damage|p2a: Raichu|0 fnt\n|faint|p2a: Raichu\n|\n|-heal|p2b: Milotic|16/100|[from] item: Leftovers\n|upkeep\n|\n|t:|1788360778\n|switch|p2a: Staraptor|Staraptor, L50, F|14/100\n|-ability|p2a: Staraptor|Intimidate|boost\n|-unboost|p1a: Garchomp|atk|1\n|turn|11\n|\n|t:|1788360795\n|detailschange|p2a: Staraptor|Staraptor-Mega, L50, F\n|-mega|p2a: Staraptor|Staraptor|Staraptite\n|move|p2a: Staraptor|Tailwind|p2a: Staraptor\n|-sidestart|p2: dimweaker|move: Tailwind\n|move|p1a: Garchomp|Earthquake|p2b: Milotic|[spread] p2b\n|-immune|p2a: Staraptor\n|-damage|p2b: Milotic|10/100\n|move|p2b: Milotic|Hypnosis|p1a: Garchomp\n|-status|p1a: Garchomp|slp|[from] move: Hypnosis\n|\n|-heal|p2b: Milotic|16/100|[from] item: Leftovers\n|upkeep\n|turn|12\n|\n|t:|1788360810\n|move|p2a: Staraptor|Close Combat|p1a: Garchomp\n|-damage|p1a: Garchomp|48/100 slp\n|-boost|p2a: Staraptor|def|1\n|-boost|p2a: Staraptor|spd|1\n|-damage|p2a: Staraptor|2/100|[from] ability: Rough Skin|[of] p1a: Garchomp\n|cant|p1a: Garchomp|slp\n|move|p2b: Milotic|Muddy Water|p1a: Garchomp\n|-damage|p1a: Garchomp|0 fnt\n|faint|p1a: Garchomp\n|\n|win|dimweaker\n|raw|ori1's rating: 1334 &rarr; <strong>1320</strong><br />(-14 for losing)\n|raw|dimweaker's rating: 1436 &rarr; <strong>1450</strong><br />(+14 for winning)\n|l|☆ori1\n|player|p1|\n","uploadtime":1788360822,"views":"7","formatid":"gen9championsvgc2026regmb","rating":1320,"private":0,"password":null}