{"id":"gen9championsvgc2026regmb-2674388363","format":"[Gen 9 Champions] VGC 2026 Reg M-B","players":["ssurpsm","WolfeGlickTesting"],"log":"|j|☆ssurpsm\n|j|☆WolfeGlickTesting\n|t:|1788353321\n|gametype|doubles\n|player|p1|ssurpsm|lucian|1229\n|player|p2|WolfeGlickTesting|lucas|1157\n|gen|9\n|tier|[Gen 9 Champions] VGC 2026 Reg M-B\n|rated|\n|rule|Species Clause: Limit one of each Pokémon\n|rule|Item Clause: Limit 1 of each item\n|clearpoke\n|poke|p1|Volcarona, L50, M|\n|poke|p1|Aerodactyl, L50, M|\n|poke|p1|Gardevoir, L50, F|\n|poke|p1|Garchomp, L50, M|\n|poke|p1|Basculegion, L50, M|\n|poke|p1|Venusaur, L50, F|\n|poke|p2|Dragonite, L50, F|\n|poke|p2|Sneasler, L50, M|\n|poke|p2|Basculegion, L50, M|\n|poke|p2|Kingambit, L50, M|\n|poke|p2|Garchomp, L50, F|\n|poke|p2|Floette-Eternal, L50, F|\n|teampreview|4\n|inactive|Battle timer is ON: inactive players will automatically lose when time's up. (requested by WolfeGlickTesting)\n|inactive|ssurpsm has 60 seconds left.\n|\n|t:|1788353366\n|teamsize|p1|4\n|teamsize|p2|4\n|start\n|switch|p1a: Gardevoir|Gardevoir, L50, F|100/100\n|switch|p1b: Volcarona|Volcarona, L50, M|100/100\n|switch|p2a: Dragonite|Dragonite, L50, F|100/100\n|switch|p2b: Sneasler|Sneasler, L50, M|100/100\n|turn|1\n|\n|t:|1788353378\n|detailschange|p2a: Dragonite|Dragonite-Mega, L50, F\n|-mega|p2a: Dragonite|Dragonite|Dragoninite\n|detailschange|p1a: Gardevoir|Gardevoir-Mega, L50, F\n|-mega|p1a: Gardevoir|Gardevoir|Gardevoirite\n|move|p1a: Gardevoir|Protect|p1a: Gardevoir\n|-singleturn|p1a: Gardevoir|Protect\n|move|p2b: Sneasler|Fake Out|p1a: Gardevoir\n|-activate|p1a: Gardevoir|move: Protect\n|move|p2a: Dragonite|Dragon Pulse|p1b: Volcarona\n|-damage|p1b: Volcarona|52/100\n|move|p1b: Volcarona|Heat Wave|p2b: Sneasler|[spread] p2a,p2b\n|-resisted|p2a: Dragonite|1\n|-damage|p2a: Dragonite|92/100\n|-damage|p2b: Sneasler|59/100\n|-status|p2a: Dragonite|brn\n|\n|-damage|p2a: Dragonite|86/100 brn|[from] brn\n|upkeep\n|turn|2\n|\n|t:|1788353389\n|move|p1b: Volcarona|Rage Powder|p1b: Volcarona\n|-singleturn|p1b: Volcarona|move: Rage Powder\n|move|p2b: Sneasler|Dire Claw|p1b: Volcarona\n|-damage|p1b: Volcarona|16/100\n|move|p2a: Dragonite|Dragon Pulse|p1b: Volcarona\n|-crit|p1b: Volcarona\n|-damage|p1b: Volcarona|0 fnt\n|faint|p1b: Volcarona\n|move|p1a: Gardevoir|Hyper Voice|p2b: Sneasler|[spread] p2a,p2b\n|-supereffective|p2a: Dragonite|1\n|-damage|p2a: Dragonite|4/100 brn\n|-damage|p2b: Sneasler|0 fnt\n|faint|p2b: Sneasler\n|\n|-damage|p2a: Dragonite|0 fnt|[from] brn\n|faint|p2a: Dragonite\n|upkeep\n|\n|t:|1788353400\n|switch|p2b: Kingambit|Kingambit, L50, M|100/100\n|switch|p2a: Basculegion|Basculegion, L50, M|100/100\n|switch|p1b: Garchomp|Garchomp, L50, M|100/100\n|turn|3\n|\n|t:|1788353417\n|switch|p1a: Aerodactyl|Aerodactyl, L50, M|100/100\n|move|p1b: Garchomp|Earthquake|p2b: Kingambit|[spread] p2a,p2b\n|-immune|p1a: Aerodactyl\n|-supereffective|p2b: Kingambit|1\n|-damage|p2a: Basculegion|52/100\n|-damage|p2b: Kingambit|39/100\n|move|p2a: Basculegion|Last Respects|p1b: Garchomp\n|-damage|p1b: Garchomp|0 fnt\n|faint|p1b: Garchomp\n|-damage|p2a: Basculegion|43/100|[from] item: Life Orb\n|move|p2b: Kingambit|Iron Head|p1a: Aerodactyl\n|-supereffective|p1a: Aerodactyl|1\n|-enditem|p1a: Aerodactyl|Focus Sash\n|-damage|p1a: Aerodactyl|1/100\n|\n|upkeep\n|\n|t:|1788353421\n|switch|p1b: Gardevoir|Gardevoir-Mega, L50, F|100/100\n|turn|4\n|inactive|ssurpsm has 30 seconds left.\n|\n|t:|1788353449\n|move|p1b: Gardevoir|Protect|p1b: Gardevoir\n|-singleturn|p1b: Gardevoir|Protect\n|move|p2a: Basculegion|Aqua Jet|p1b: Gardevoir\n|-activate|p1b: Gardevoir|move: Protect\n|move|p2b: Kingambit|Sucker Punch||[still]\n|-fail|p2b: Kingambit\n|move|p1a: Aerodactyl|Tailwind|p1a: Aerodactyl\n|-sidestart|p1: ssurpsm|move: Tailwind\n|\n|upkeep\n|turn|5\n|\n|t:|1788353458\n|move|p2a: Basculegion|Aqua Jet|p1b: Gardevoir\n|-damage|p1b: Gardevoir|61/100\n|-damage|p2a: Basculegion|33/100|[from] item: Life Orb\n|move|p2b: Kingambit|Sucker Punch|p1b: Gardevoir\n|-damage|p1b: Gardevoir|18/100\n|move|p1a: Aerodactyl|Rock Slide|p2a: Basculegion|[spread] p2a,p2b\n|-resisted|p2b: Kingambit|1\n|-damage|p2a: Basculegion|3/100\n|-damage|p2b: Kingambit|29/100\n|move|p1b: Gardevoir|Hyper Voice|p2b: Kingambit|[spread] p2a,p2b\n|-damage|p2a: Basculegion|0 fnt\n|-damage|p2b: Kingambit|0 fnt\n|faint|p2a: Basculegion\n|faint|p2b: Kingambit\n|\n|win|ssurpsm\n|raw|ssurpsm's rating: 1229 &rarr; <strong>1249</strong><br />(+20 for winning)\n|raw|WolfeGlickTesting's rating: 1157 &rarr; <strong>1137</strong><br />(-20 for losing)\n|l|☆WolfeGlickTesting\n|player|p2|\n","uploadtime":1788353561,"views":"16","formatid":"gen9championsvgc2026regmb","rating":1137,"private":0,"password":null}