{"id":"gen9championsvgc2026regmbbo3-2674362356","format":"[Gen 9 Champions] VGC 2026 Reg M-B (Bo3)","players":["KiLLERFROG1987","blazikenisgoated"],"log":"|j|☆KiLLERFROG1987\n|j|☆blazikenisgoated\n|html|<table width=\"100%\"><tr><td align=\"left\">KiLLERFROG1987</td><td align=\"right\">blazikenisgoated</tr><tr><td align=\"left\"><i class=\"fa fa-circle-o\"></i> <i class=\"fa fa-circle-o\"></i> </td><td align=\"right\"><i class=\"fa fa-circle-o\"></i> <i class=\"fa fa-circle\"></i> </tr></table>\n|uhtml|bestof|<h2><strong>Game 2</strong> of <a href=\"/game-bestof3-gen9championsvgc2026regmbbo3-2674360868\">a best-of-3</a></h2>\n|t:|1788349031\n|gametype|doubles\n|player|p1|KiLLERFROG1987|pilot|1000\n|player|p2|blazikenisgoated|dawn|1123\n|gen|9\n|tier|[Gen 9 Champions] VGC 2026 Reg M-B (Bo3)\n|rated|\n|rule|Species Clause: Limit one of each Pokémon\n|rule|Item Clause: Limit 1 of each item\n|clearpoke\n|poke|p1|Scolipede, L50, M|\n|poke|p1|Liepard, L50, F|\n|poke|p1|Aurorus, L50, F|\n|poke|p1|Charizard, L50, M|\n|poke|p1|Meganium, L50, F|\n|poke|p1|Lycanroc, L50, M|\n|poke|p2|Blaziken, L50, M|\n|poke|p2|Primarina, L50, M|\n|poke|p2|Venusaur, L50, F|\n|poke|p2|Farigiraf, L50, F|\n|poke|p2|Kingambit, L50, M|\n|poke|p2|Torkoal, L50, M|\n|teampreview|4\n|showteam|p1|Scolipede||FocusSash|SpeedBoost|LeechLife,GunkShot,Protect,RockSlide|Naughty||M|||50|]Liepard||WhiteHerb|Unburden|Taunt,DarkPulse,PlayRough,FakeOut|Timid||F|||50|]Aurorus||ExpertBelt|SnowWarning|EarthPower,AuroraVeil,Blizzard,FlashCannon|Relaxed||F|||50|]Charizard||CharizarditeX|Blaze|DragonDance,DragonClaw,FlareBlitz,Protect|Adamant||M|||50|]Meganium||Meganiumite|Overgrow|DazzlingGleam,Earthquake,EnergyBall,Protect|Quiet||F|||50|]Lycanroc|||Steadfast|Taunt,CloseCombat,FireFang,PlayRough|Adamant||M|||50|\n|showteam|p2|Blaziken||Blazikenite|SpeedBoost|FlareBlitz,CloseCombat,RockSlide,Detect|Adamant||M|||50|]Primarina||LifeOrb|LiquidVoice|HyperVoice,Moonblast,AquaJet,Protect|Quiet||M|||50|]Venusaur||OccaBerry|Chlorophyll|LeafStorm,SludgeBomb,SleepPowder,Protect|Timid||F|||50|]Farigiraf||SitrusBerry|ArmorTail|Psychic,Thunderbolt,TrickRoom,Protect|Bold||F|||50|]Kingambit||BlackGlasses|Defiant|KowtowCleave,SuckerPunch,IronHead,Protect|Adamant||M|||50|]Torkoal||Charcoal|Drought|Eruption,WeatherBall,HelpingHand,Protect|Quiet||M|||50|\n|\n|t:|1788349070\n|teamsize|p1|4\n|teamsize|p2|4\n|start\n|switch|p1a: Liepard|Liepard, L50, F|100/100\n|switch|p1b: Meganium|Meganium, L50, F|100/100\n|switch|p2a: Primarina|Primarina, L50, M|100/100\n|switch|p2b: Farigiraf|Farigiraf, L50, F|100/100\n|turn|1\n|\n|t:|1788349114\n|detailschange|p1b: Meganium|Meganium-Mega, L50, F\n|-mega|p1b: Meganium|Meganium|Meganiumite\n|move|p2a: Primarina|Protect|p2a: Primarina\n|-singleturn|p2a: Primarina|Protect\n|move|p1a: Liepard|Taunt|p2b: Farigiraf\n|-start|p2b: Farigiraf|move: Taunt\n|move|p1b: Meganium|Energy Ball|p2a: Primarina\n|-activate|p2a: Primarina|move: Protect\n|cant|p2b: Farigiraf|move: Taunt|Trick Room\n|\n|upkeep\n|turn|2\n|\n|t:|1788349141\n|switch|p2b: Blaziken|Blaziken, L50, M|100/100\n|move|p1a: Liepard|Dark Pulse|p2b: Blaziken\n|-resisted|p2b: Blaziken|1\n|-damage|p2b: Blaziken|80/100\n|move|p1b: Meganium|Energy Ball|p2a: Primarina\n|-supereffective|p2a: Primarina|1\n|-damage|p2a: Primarina|26/100\n|move|p2a: Primarina|Moonblast|p1a: Liepard\n|-supereffective|p1a: Liepard|1\n|-damage|p1a: Liepard|0 fnt\n|faint|p1a: Liepard\n|-damage|p2a: Primarina|16/100|[from] item: Life Orb\n|\n|upkeep\n|\n|t:|1788349156\n|switch|p1a: Aurorus|Aurorus, L50, F|100/100\n|-weather|Snowscape|[from] ability: Snow Warning|[of] p1a: Aurorus\n|turn|3\n|\n|t:|1788349179\n|detailschange|p2b: Blaziken|Blaziken-Mega, L50, M\n|-mega|p2b: Blaziken|Blaziken|Blazikenite\n|move|p2a: Primarina|Aqua Jet|p1a: Aurorus\n|-supereffective|p1a: Aurorus|1\n|-damage|p1a: Aurorus|86/100\n|-damage|p2a: Primarina|6/100|[from] item: Life Orb\n|move|p2b: Blaziken|Flare Blitz|p1b: Meganium\n|-supereffective|p1b: Meganium|1\n|-damage|p1b: Meganium|0 fnt\n|faint|p1b: Meganium\n|-damage|p2b: Blaziken|47/100|[from] Recoil\n|move|p1a: Aurorus|Earth Power|p2b: Blaziken\n|-supereffective|p2b: Blaziken|1\n|-damage|p2b: Blaziken|0 fnt\n|faint|p2b: Blaziken\n|\n|-weather|Snowscape|[upkeep]\n|upkeep\n|\n|t:|1788349195\n|switch|p2b: Farigiraf|Farigiraf, L50, F|100/100\n|switch|p1b: Scolipede|Scolipede, L50, M|100/100\n|turn|4\n|\n|t:|1788349219\n|move|p2a: Primarina|Aqua Jet|p1b: Scolipede\n|-damage|p1b: Scolipede|81/100\n|-damage|p2a: Primarina|0 fnt|[from] item: Life Orb\n|faint|p2a: Primarina\n|move|p1b: Scolipede|Leech Life|p2b: Farigiraf\n|-supereffective|p2b: Farigiraf|1\n|-damage|p2b: Farigiraf|43/100\n|-heal|p1b: Scolipede|100/100|[from] drain|[of] p2b: Farigiraf\n|-enditem|p2b: Farigiraf|Sitrus Berry|[eat]\n|-heal|p2b: Farigiraf|68/100|[from] item: Sitrus Berry\n|move|p2b: Farigiraf|Psychic|p1b: Scolipede\n|-supereffective|p1b: Scolipede|1\n|-enditem|p1b: Scolipede|Focus Sash\n|-damage|p1b: Scolipede|1/100\n|move|p1a: Aurorus|Flash Cannon|p2b: Farigiraf\n|-damage|p2b: Farigiraf|52/100\n|\n|-weather|Snowscape|[upkeep]\n|-ability|p1b: Scolipede|Speed Boost|boost\n|-boost|p1b: Scolipede|spe|1\n|upkeep\n|\n|t:|1788349233\n|switch|p2a: Torkoal|Torkoal, L50, M|100/100\n|-weather|SunnyDay|[from] ability: Drought|[of] p2a: Torkoal\n|turn|5\n|\n|t:|1788349243\n|move|p1b: Scolipede|Leech Life|p2b: Farigiraf\n|-supereffective|p2b: Farigiraf|1\n|-damage|p2b: Farigiraf|0 fnt\n|-heal|p1b: Scolipede|39/100|[from] drain|[of] p2b: Farigiraf\n|faint|p2b: Farigiraf\n|move|p1a: Aurorus|Earth Power|p2a: Torkoal\n|-supereffective|p2a: Torkoal|1\n|-damage|p2a: Torkoal|31/100\n|move|p2a: Torkoal|Weather Ball|p1a: Aurorus\n|-damage|p1a: Aurorus|20/100y\n|\n|-weather|SunnyDay|[upkeep]\n|-ability|p1b: Scolipede|Speed Boost|boost\n|-boost|p1b: Scolipede|spe|1\n|upkeep\n|turn|6\n|c|☆blazikenisgoated|damn\n|\n|t:|1788349265\n|move|p1b: Scolipede|Rock Slide|p2a: Torkoal\n|-supereffective|p2a: Torkoal|1\n|-damage|p2a: Torkoal|0 fnt\n|faint|p2a: Torkoal\n|\n|win|KiLLERFROG1987\n|l|☆blazikenisgoated\n|player|p2|\n","uploadtime":1788349273,"views":"1","formatid":"gen9championsvgc2026regmbbo3","rating":null,"private":0,"password":null}