{"id":"gen9championsvgc2026regmbbo3-2674748316","format":"[Gen 9 Champions] VGC 2026 Reg M-B (Bo3)","players":["Araciel","Westyliamhater"],"log":"|j|☆Araciel\n|j|☆Westyliamhater\n|html|<table width=\"100%\"><tr><td align=\"left\">Araciel</td><td align=\"right\">Westyliamhater</tr><tr><td align=\"left\"><i class=\"fa fa-circle-o\"></i> <i class=\"fa fa-circle-o\"></i> </td><td align=\"right\"><i class=\"fa fa-circle-o\"></i> <i class=\"fa fa-circle\"></i> </tr></table>\n|uhtml|bestof|<h2><strong>Game 2</strong> of <a href=\"/game-bestof3-gen9championsvgc2026regmbbo3-2674746122\">a best-of-3</a></h2>\n|t:|1788400043\n|gametype|doubles\n|player|p1|Araciel|265|\n|player|p2|Westyliamhater|blue-masters|\n|gen|9\n|tier|[Gen 9 Champions] VGC 2026 Reg M-B (Bo3)\n|rule|Species Clause: Limit one of each Pokémon\n|rule|Item Clause: Limit 1 of each item\n|clearpoke\n|poke|p1|Tyranitar, L50, M, shiny|\n|poke|p1|Clefable, L50, F|\n|poke|p1|Gliscor, L50, F|\n|poke|p1|Excadrill, L50, M, shiny|\n|poke|p1|Milotic, L50, F, shiny|\n|poke|p1|Sneasler, L50, M|\n|poke|p2|Staraptor, L50, F|\n|poke|p2|Raichu, L50, F|\n|poke|p2|Farigiraf, L50, F|\n|poke|p2|Arcanine-Hisui, L50, F|\n|poke|p2|Kingambit, L50, F|\n|poke|p2|Sylveon, L50, F|\n|teampreview|4\n|showteam|p1|Tyranitar||Tyranitarite|SandStream|RockSlide,KnockOff,DragonDance,Protect|Jolly||M|||50|]Clefable||SitrusBerry|MagicGuard|DazzlingGleam,LifeDew,FollowMe,Protect|Bold||F|||50|]Gliscor||BrightPowder|SandVeil|Earthquake,KnockOff,GunkShot,Protect|Jolly||F|||50|]Excadrill||FocusSash|SandRush|Earthquake,IronHead,RockSlide,Protect|Adamant||M|||50|]Milotic||Leftovers|Competitive|Scald,IceBeam,IcyWind,Protect|Bold||F|||50|]Sneasler||WhiteHerb|Unburden|FakeOut,CloseCombat,DireClaw,Protect|Adamant||M|||50|\n|showteam|p2|Staraptor||Staraptite|Intimidate|DualWingbeat,CloseCombat,Tailwind,Protect|Jolly||F|||50|]Raichu||RaichuniteY|LightningRod|ZapCannon,FocusBlast,FakeOut,Protect|Timid||F|||50|]Farigiraf||SitrusBerry|ArmorTail|Psychic,HelpingHand,TrickRoom,Protect|Calm||F|||50|]Arcanine-Hisui||FocusSash|RockHead|FlareBlitz,HeadSmash,ExtremeSpeed,Protect|Jolly||F|||50|]Kingambit||LifeOrb|Defiant|KowtowCleave,SuckerPunch,SwordsDance,Protect|Adamant||F|||50|]Sylveon||FairyFeather|Pixilate|HyperVoice,HyperBeam,QuickAttack,Detect|Modest||F|||50|\n|\n|t:|1788400058\n|teamsize|p1|4\n|teamsize|p2|4\n|start\n|switch|p1a: Gliscor|Gliscor, L50, F|100/100\n|switch|p1b: Sneasler|Sneasler, L50, M|100/100\n|switch|p2a: Farigiraf|Farigiraf, L50, F|100/100\n|switch|p2b: Sylveon|Sylveon, L50, F|100/100\n|turn|1\n|\n|t:|1788400077\n|move|p2b: Sylveon|Detect|p2b: Sylveon\n|-singleturn|p2b: Sylveon|Protect\n|move|p1b: Sneasler|Dire Claw|p2b: Sylveon\n|-activate|p2b: Sylveon|move: Protect\n|move|p1a: Gliscor|Knock Off|p2a: Farigiraf\n|-supereffective|p2a: Farigiraf|1\n|-damage|p2a: Farigiraf|51/100\n|-enditem|p2a: Farigiraf|Sitrus Berry|[from] move: Knock Off|[of] p1a: Gliscor\n|move|p2a: Farigiraf|Trick Room|p2a: Farigiraf\n|-fieldstart|move: Trick Room|[of] p2a: Farigiraf\n|\n|upkeep\n|turn|2\n|\n|t:|1788400091\n|move|p1b: Sneasler|Protect|p1b: Sneasler\n|-singleturn|p1b: Sneasler|Protect\n|move|p2a: Farigiraf|Psychic|p1b: Sneasler\n|-activate|p1b: Sneasler|move: Protect\n|move|p2b: Sylveon|Hyper Voice|p1a: Gliscor|[spread] p1a\n|-activate|p1b: Sneasler|move: Protect\n|-damage|p1a: Gliscor|32/100\n|move|p1a: Gliscor|Earthquake|p2b: Sylveon|[spread] p2a,p2b\n|-activate|p1b: Sneasler|move: Protect\n|-damage|p2a: Farigiraf|21/100\n|-damage|p2b: Sylveon|59/100\n|\n|upkeep\n|turn|3\n|\n|t:|1788400120\n|switch|p1b: Stevie|Tyranitar, L50, M, shiny|100/100\n|-weather|Sandstorm|[from] ability: Sand Stream|[of] p1b: Stevie\n|move|p2a: Farigiraf|Psychic|p1b: Stevie\n|-immune|p1b: Stevie\n|move|p2b: Sylveon|Hyper Voice|p1b: Stevie|[spread] p1a,p1b\n|-supereffective|p1b: Stevie|1\n|-damage|p1a: Gliscor|0 fnt\n|-damage|p1b: Stevie|44/100\n|faint|p1a: Gliscor\n|\n|-weather|Sandstorm|[upkeep]\n|-damage|p2a: Farigiraf|15/100|[from] Sandstorm\n|-damage|p2b: Sylveon|53/100|[from] Sandstorm\n|upkeep\n|\n|t:|1788400136\n|switch|p1a: Excalidrilbr|Excadrill, L50, M, shiny|100/100\n|turn|4\n|\n|t:|1788400151\n|move|p2a: Farigiraf|Helping Hand|p2b: Sylveon\n|-singleturn|p2b: Sylveon|Helping Hand|[of] p2a: Farigiraf\n|move|p1b: Stevie|Protect|p1b: Stevie\n|-singleturn|p1b: Stevie|Protect\n|move|p1a: Excalidrilbr|Protect|p1a: Excalidrilbr\n|-singleturn|p1a: Excalidrilbr|Protect\n|move|p2b: Sylveon|Hyper Voice|p1a: Excalidrilbr|[spread] \n|-activate|p1a: Excalidrilbr|move: Protect\n|-activate|p1b: Stevie|move: Protect\n|\n|-weather|Sandstorm|[upkeep]\n|-damage|p2a: Farigiraf|9/100|[from] Sandstorm\n|-damage|p2b: Sylveon|47/100|[from] Sandstorm\n|upkeep\n|turn|5\n|\n|t:|1788400184\n|switch|p1b: Sneasler|Sneasler, L50, M|100/100\n|move|p2a: Farigiraf|Helping Hand|p2b: Sylveon\n|-singleturn|p2b: Sylveon|Helping Hand|[of] p2a: Farigiraf\n|move|p2b: Sylveon|Hyper Voice|p1a: Excalidrilbr|[spread] p1a,p1b\n|-resisted|p1a: Excalidrilbr|1\n|-damage|p1a: Excalidrilbr|56/100\n|-damage|p1b: Sneasler|8/100\n|move|p1a: Excalidrilbr|Iron Head|p2b: Sylveon\n|-supereffective|p2b: Sylveon|1\n|-crit|p2b: Sylveon\n|-damage|p2b: Sylveon|0 fnt\n|faint|p2b: Sylveon\n|\n|-weather|Sandstorm|[upkeep]\n|-damage|p2a: Farigiraf|3/100|[from] Sandstorm\n|-damage|p1b: Sneasler|2/100|[from] Sandstorm\n|-fieldend|move: Trick Room\n|upkeep\n|\n|t:|1788400189\n|switch|p2b: Kingambit|Kingambit, L50, F|100/100\n|turn|6\n|\n|t:|1788400207\n|switch|p1b: Stevie|Tyranitar, L50, M, shiny|44/100\n|move|p2a: Farigiraf|Helping Hand|p2b: Kingambit\n|-singleturn|p2b: Kingambit|Helping Hand|[of] p2a: Farigiraf\n|move|p2b: Kingambit|Sucker Punch|p1a: Excalidrilbr\n|-damage|p1a: Excalidrilbr|0 fnt\n|faint|p1a: Excalidrilbr\n|-damage|p2b: Kingambit|90/100|[from] item: Life Orb\n|\n|-weather|Sandstorm|[upkeep]\n|-damage|p2a: Farigiraf|0 fnt|[from] Sandstorm\n|faint|p2a: Farigiraf\n|upkeep\n|\n|t:|1788400219\n|switch|p1a: Sneasler|Sneasler, L50, M|2/100\n|switch|p2a: Staraptor|Staraptor, L50, F|100/100\n|-ability|p2a: Staraptor|Intimidate|boost\n|-unboost|p1a: Sneasler|atk|1\n|-unboost|p1b: Stevie|atk|1\n|-enditem|p1a: Sneasler|White Herb\n|-clearnegativeboost|p1a: Sneasler|[silent]\n|turn|7\n|c|☆Araciel|GG\n|-message|Araciel forfeited.\n|\n|win|Westyliamhater\n|c|☆Westyliamhater|gg\n|l|☆Araciel\n|player|p1|\n","uploadtime":1788400233,"views":"65","formatid":"gen9championsvgc2026regmbbo3","rating":null,"private":0,"password":null}