{"id":"gen9championsvgc2026regmb-2674418817","format":"[Gen 9 Champions] VGC 2026 Reg M-B","players":["fulangxisi","boelie26"],"log":"|j|☆fulangxisi\n|j|☆boelie26\n|t:|1788357464\n|gametype|doubles\n|player|p1|fulangxisi|2|1544\n|player|p2|boelie26|170|1647\n|gen|9\n|tier|[Gen 9 Champions] VGC 2026 Reg M-B\n|rated|\n|rule|Species Clause: Limit one of each Pokémon\n|rule|Item Clause: Limit 1 of each item\n|clearpoke\n|poke|p1|Floette-Eternal, L50, F|\n|poke|p1|Garchomp, L50, M|\n|poke|p1|Whimsicott, L50, M|\n|poke|p1|Delphox, L50, M|\n|poke|p1|Basculegion, L50, M|\n|poke|p1|Kingambit, L50, M|\n|poke|p2|Farigiraf, L50, M|\n|poke|p2|Blaziken, L50, F|\n|poke|p2|Venusaur, L50, M|\n|poke|p2|Gallade, L50, M|\n|poke|p2|Sylveon, L50, F|\n|poke|p2|Kingambit, L50, F|\n|teampreview|4\n|inactive|Battle timer is ON: inactive players will automatically lose when time's up. (requested by boelie26)\n|inactive|fulangxisi also wants the timer to be on.\n|inactive|fulangxisi has 60 seconds left.\n|inactive|boelie26 has 60 seconds left.\n|\n|t:|1788357515\n|teamsize|p1|4\n|teamsize|p2|4\n|start\n|switch|p1a: Basculegion|Basculegion, L50, M|100/100\n|switch|p1b: Delphox|Delphox, L50, M|100/100\n|switch|p2a: Blaziken|Blaziken, L50, F|100/100\n|switch|p2b: Venusaur|Venusaur, L50, M|100/100\n|turn|1\n|\n|t:|1788357529\n|switch|p2b: Kingambit|Kingambit, L50, F|100/100\n|detailschange|p1b: Delphox|Delphox-Mega, L50, M\n|-mega|p1b: Delphox|Delphox|Delphoxite\n|move|p2a: Blaziken|Detect|p2a: Blaziken\n|-singleturn|p2a: Blaziken|Protect\n|move|p1a: Basculegion|Flip Turn|p2b: Kingambit\n|-damage|p2b: Kingambit|73/100\n|\n|t:|1788357533\n|switch|p1a: Garchomp|Garchomp, L50, M|100/100|[from] Flip Turn\n|move|p1b: Delphox|Psychic|p2b: Kingambit\n|-immune|p2b: Kingambit\n|\n|-ability|p2a: Blaziken|Speed Boost|boost\n|-boost|p2a: Blaziken|spe|1\n|upkeep\n|turn|2\n|\n|t:|1788357555\n|detailschange|p2a: Blaziken|Blaziken-Mega, L50, F\n|-mega|p2a: Blaziken|Blaziken|Blazikenite\n|move|p2b: Kingambit|Sucker Punch||[still]\n|-fail|p2b: Kingambit\n|move|p2a: Blaziken|Close Combat|p1a: Garchomp\n|-damage|p1a: Garchomp|24/100\n|-unboost|p2a: Blaziken|def|1\n|-unboost|p2a: Blaziken|spd|1\n|-damage|p2a: Blaziken|87/100|[from] ability: Rough Skin|[of] p1a: Garchomp\n|move|p1b: Delphox|Will-O-Wisp|p2b: Kingambit|[miss]\n|-miss|p1b: Delphox|p2b: Kingambit\n|move|p1a: Garchomp|Stomping Tantrum|p2a: Blaziken\n|-supereffective|p2a: Blaziken|1\n|-damage|p2a: Blaziken|0 fnt\n|faint|p2a: Blaziken\n|-damage|p1a: Garchomp|15/100|[from] item: Life Orb\n|\n|upkeep\n|\n|t:|1788357573\n|switch|p2a: Farigiraf|Farigiraf, L50, M|100/100\n|turn|3\n|\n|t:|1788357588\n|switch|p1b: Kingambit|Kingambit, L50, M|100/100\n|move|p2b: Kingambit|Protect|p2b: Kingambit\n|-singleturn|p2b: Kingambit|Protect\n|move|p1a: Garchomp|Stomping Tantrum|p2b: Kingambit\n|-activate|p2b: Kingambit|move: Protect\n|move|p2a: Farigiraf|Trick Room|p2a: Farigiraf\n|-fieldstart|move: Trick Room|[of] p2a: Farigiraf\n|\n|upkeep\n|turn|4\n|inactive|boelie26 has 30 seconds left.\n|\n|t:|1788357621\n|move|p2b: Kingambit|Kowtow Cleave|p1a: Garchomp\n|-damage|p1a: Garchomp|0 fnt\n|-damage|p2b: Kingambit|61/100|[from] ability: Rough Skin|[of] p1a: Garchomp\n|faint|p1a: Garchomp\n|-damage|p2b: Kingambit|52/100|[from] item: Life Orb\n|move|p2a: Farigiraf|Thunderbolt|p1b: Kingambit\n|-damage|p1b: Kingambit|78/100\n|move|p1b: Kingambit|Kowtow Cleave|p2a: Farigiraf\n|-supereffective|p2a: Farigiraf|1\n|-damage|p2a: Farigiraf|30/100\n|-enditem|p2a: Farigiraf|Sitrus Berry|[eat]\n|-heal|p2a: Farigiraf|54/100|[from] item: Sitrus Berry\n|\n|upkeep\n|\n|t:|1788357627\n|switch|p1a: Delphox|Delphox-Mega, L50, M|100/100\n|turn|5\n|\n|t:|1788357641\n|move|p2b: Kingambit|Protect|p2b: Kingambit\n|-singleturn|p2b: Kingambit|Protect\n|move|p1a: Delphox|Protect|p1a: Delphox\n|-singleturn|p1a: Delphox|Protect\n|move|p2a: Farigiraf|Thunderbolt|p1b: Kingambit\n|-damage|p1b: Kingambit|55/100\n|move|p1b: Kingambit|Low Kick|p2b: Kingambit\n|-activate|p2b: Kingambit|move: Protect\n|\n|upkeep\n|turn|6\n|\n|t:|1788357665\n|switch|p1a: Basculegion|Basculegion, L50, M|100/100\n|move|p2b: Kingambit|Kowtow Cleave|p1a: Basculegion\n|-supereffective|p1a: Basculegion|1\n|-damage|p1a: Basculegion|0 fnt\n|faint|p1a: Basculegion\n|-damage|p2b: Kingambit|42/100|[from] item: Life Orb\n|move|p2a: Farigiraf|Thunderbolt|p1b: Kingambit\n|-damage|p1b: Kingambit|32/100\n|move|p1b: Kingambit|Low Kick|p2b: Kingambit\n|-supereffective|p2b: Kingambit|2\n|-damage|p2b: Kingambit|0 fnt\n|faint|p2b: Kingambit\n|\n|upkeep\n|inactive|boelie26 has 30 seconds left.\n|\n|t:|1788357692\n|switch|p2b: Venusaur|Venusaur, L50, M|100/100\n|switch|p1a: Delphox|Delphox-Mega, L50, M|100/100\n|turn|7\n|inactive|boelie26 has 30 seconds left.\n|inactive|boelie26 has 20 seconds left.\n|inactive|boelie26 has 15 seconds left.\n|\n|t:|1788357733\n|move|p2a: Farigiraf|Thunderbolt|p1b: Kingambit\n|-damage|p1b: Kingambit|9/100\n|move|p1b: Kingambit|Kowtow Cleave|p2a: Farigiraf\n|-supereffective|p2a: Farigiraf|1\n|-damage|p2a: Farigiraf|0 fnt\n|faint|p2a: Farigiraf\n|move|p2b: Venusaur|Earth Power|p1b: Kingambit\n|-supereffective|p1b: Kingambit|1\n|-damage|p1b: Kingambit|0 fnt\n|faint|p1b: Kingambit\n|move|p1a: Delphox|Heat Wave|p2b: Venusaur\n|-supereffective|p2b: Venusaur|1\n|-damage|p2b: Venusaur|0 fnt\n|faint|p2b: Venusaur\n|\n|win|fulangxisi\n|raw|fulangxisi's rating: 1544 &rarr; <strong>1570</strong><br />(+26 for winning)\n|raw|boelie26's rating: 1647 &rarr; <strong>1621</strong><br />(-26 for losing)\n|l|☆boelie26\n|player|p2|\n","uploadtime":1788357767,"views":"0","formatid":"gen9championsvgc2026regmb","rating":1570,"private":0,"password":null}