{"id":"gen9championsvgc2026regmbbo3-2673861401","format":"[Gen 9 Champions] VGC 2026 Reg M-B (Bo3)","players":["bugsbunny13500","EggheadAT"],"log":"|j|☆bugsbunny13500\n|j|☆EggheadAT\n|html|<table width=\"100%\"><tr><td align=\"left\">bugsbunny13500</td><td align=\"right\">EggheadAT</tr><tr><td align=\"left\"><i class=\"fa fa-circle-o\"></i> <i class=\"fa fa-circle-o\"></i> </td><td align=\"right\"><i class=\"fa fa-circle-o\"></i> <i class=\"fa fa-circle-o\"></i> </tr></table>\n|uhtml|bestof|<h2><strong>Game 1</strong> of <a href=\"/game-bestof3-gen9championsvgc2026regmbbo3-2673861399\">a best-of-3</a></h2>\n|t:|1788269891\n|gametype|doubles\n|player|p1|bugsbunny13500|2|1155\n|player|p2|EggheadAT|red-masters4|1096\n|gen|9\n|tier|[Gen 9 Champions] VGC 2026 Reg M-B (Bo3)\n|rated|\n|rule|Species Clause: Limit one of each Pokémon\n|rule|Item Clause: Limit 1 of each item\n|clearpoke\n|poke|p1|Charizard, L50, M, shiny|\n|poke|p1|Sneasler, L50, M, shiny|\n|poke|p1|Floette-Eternal, L50, F|\n|poke|p1|Kingambit, L50, F, shiny|\n|poke|p1|Farigiraf, L50, F|\n|poke|p1|Gliscor, L50, M|\n|poke|p2|Tyranitar, L50, M, shiny|\n|poke|p2|Garchomp, L50, F|\n|poke|p2|Excadrill, L50, M, shiny|\n|poke|p2|Scrafty, L50, M, shiny|\n|poke|p2|Sinistcha, L50|\n|poke|p2|Rotom-Wash, L50, shiny|\n|teampreview|4\n|showteam|p1|Charizard||CharizarditeY|SolarPower|HeatWave,SolarBeam,WeatherBall,Protect|Modest||M|||50|]Sneasler||FocusSash|Unburden|DireClaw,CloseCombat,Protect,RockSlide|Jolly||M|||50|]Floette-Eternal||Floettite|FlowerVeil|Moonblast,DazzlingGleam,LightofRuin,Protect|Modest||F|||50|]Kingambit||BlackGlasses|Defiant|KowtowCleave,SuckerPunch,LowKick,Protect|Brave||F|||50|]Farigiraf||SitrusBerry|ArmorTail|TrickRoom,Protect,Psychic,Thunderbolt|Calm||F|||50|]Gliscor||LifeOrb|HyperCutter|Protect,HighHorsepower,Tailwind,DualWingbeat|Careful||M|||50|\n|showteam|p2|Tyranitar||Tyranitarite|SandStream|RockSlide,KnockOff,DragonDance,Protect|Jolly||M|||50|]Garchomp||Garchompite|SandVeil|DragonClaw,EarthPower,PowerGem,Protect|Modest||F|||50|]Excadrill||ExpertBelt|SandRush|HighHorsepower,IronHead,RockSlide,Protect|Adamant||M|||50|]Scrafty||SitrusBerry|Intimidate|FakeOut,DrainPunch,KnockOff,Detect|Careful||M|||50|]Sinistcha||ColburBerry|Hospitality|MatchaGotcha,TrickRoom,Reflect,RagePowder|Calm|||||50|]Rotom-Wash||Leftovers|Levitate|VoltSwitch,HydroPump,WillOWisp,LightScreen|Calm|||||50|\n|inactive|Battle timer is ON: inactive players will automatically lose when time's up. (requested by bugsbunny13500)\n|inactive|bugsbunny13500 has 60 seconds left.\n|inactive|EggheadAT has 60 seconds left.\n|\n|t:|1788269959\n|teamsize|p1|4\n|teamsize|p2|4\n|start\n|switch|p1a: Kingambit|Kingambit, L50, F, shiny|100/100\n|switch|p1b: Gliscor|Gliscor, L50, M|100/100\n|switch|p2a: Scrafty|Scrafty, L50, M, shiny|100/100\n|switch|p2b: Tyranitar|Tyranitar, L50, M, shiny|100/100\n|-weather|Sandstorm|[from] ability: Sand Stream|[of] p2b: Tyranitar\n|-ability|p2a: Scrafty|Intimidate|boost\n|-unboost|p1a: Kingambit|atk|1\n|-ability|p1a: Kingambit|Defiant|boost\n|-boost|p1a: Kingambit|atk|2\n|-fail|p1b: Gliscor|unboost|Attack|[from] ability: Hyper Cutter|[of] p1b: Gliscor\n|turn|1\n|c|☆EggheadAT|hf\n|inactive|bugsbunny13500 has 30 seconds left.\n|inactive|EggheadAT has 30 seconds left.\n|inactive|bugsbunny13500 has 20 seconds left.\n|inactive|EggheadAT has 20 seconds left.\n|inactive|bugsbunny13500 has 15 seconds left.\n|inactive|EggheadAT has 15 seconds left.\n|inactive|bugsbunny13500 has 10 seconds left.\n|inactive|EggheadAT has 10 seconds left.\n|\n|t:|1788270008\n|switch|p2b: Sinistcha|Sinistcha, L50|100/100\n|move|p1a: Kingambit|Protect|p1a: Kingambit\n|-singleturn|p1a: Kingambit|Protect\n|move|p2a: Scrafty|Fake Out|p1a: Kingambit\n|-activate|p1a: Kingambit|move: Protect\n|move|p1b: Gliscor|Tailwind|p1b: Gliscor\n|-sidestart|p1: bugsbunny13500|move: Tailwind\n|\n|-weather|Sandstorm|[upkeep]\n|-damage|p2b: Sinistcha|93/100|[from] Sandstorm\n|-damage|p2a: Scrafty|94/100|[from] Sandstorm\n|upkeep\n|turn|2\n|inactive|EggheadAT has 30 seconds left.\n|inactive|EggheadAT has 20 seconds left.\n|\n|t:|1788270047\n|move|p2b: Sinistcha|Rage Powder|p2b: Sinistcha\n|-singleturn|p2b: Sinistcha|move: Rage Powder\n|move|p1b: Gliscor|Dual Wingbeat|p2b: Sinistcha\n|-supereffective|p2b: Sinistcha|1\n|-damage|p2b: Sinistcha|62/100\n|-supereffective|p2b: Sinistcha|1\n|-damage|p2b: Sinistcha|30/100\n|-hitcount|p2b: Sinistcha|2\n|-damage|p1b: Gliscor|90/100|[from] item: Life Orb\n|move|p1a: Kingambit|Kowtow Cleave|p2b: Sinistcha\n|-supereffective|p2b: Sinistcha|1\n|-enditem|p2b: Sinistcha|Colbur Berry|[eat]\n|-enditem|p2b: Sinistcha|Colbur Berry|[weaken]\n|-damage|p2b: Sinistcha|0 fnt\n|faint|p2b: Sinistcha\n|move|p2a: Scrafty|Drain Punch|p1a: Kingambit\n|-supereffective|p1a: Kingambit|2\n|-damage|p1a: Kingambit|30/100\n|-heal|p2a: Scrafty|100/100|[from] drain|[of] p1a: Kingambit\n|\n|-weather|Sandstorm|[upkeep]\n|-damage|p2a: Scrafty|94/100|[from] Sandstorm\n|upkeep\n|\n|t:|1788270061\n|switch|p2b: Excadrill|Excadrill, L50, M, shiny|100/100\n|turn|3\n|inactive|bugsbunny13500 has 30 seconds left.\n|inactive|EggheadAT has 30 seconds left.\n|\n|t:|1788270096\n|move|p1a: Kingambit|Protect|p1a: Kingambit\n|-singleturn|p1a: Kingambit|Protect\n|move|p2b: Excadrill|High Horsepower|p1a: Kingambit\n|-activate|p1a: Kingambit|move: Protect\n|move|p1b: Gliscor|Dual Wingbeat|p2a: Scrafty\n|-supereffective|p2a: Scrafty|1\n|-crit|p2a: Scrafty\n|-damage|p2a: Scrafty|44/100\n|-enditem|p2a: Scrafty|Sitrus Berry|[eat]\n|-heal|p2a: Scrafty|69/100|[from] item: Sitrus Berry\n|-supereffective|p2a: Scrafty|1\n|-damage|p2a: Scrafty|40/100\n|-hitcount|p2a: Scrafty|2\n|-damage|p1b: Gliscor|80/100|[from] item: Life Orb\n|move|p2a: Scrafty|Knock Off|p1b: Gliscor\n|-damage|p1b: Gliscor|55/100\n|-enditem|p1b: Gliscor|Life Orb|[from] move: Knock Off|[of] p2a: Scrafty\n|\n|-weather|Sandstorm|[upkeep]\n|-damage|p2a: Scrafty|34/100|[from] Sandstorm\n|upkeep\n|turn|4\n|inactive|bugsbunny13500 has 30 seconds left.\n|inactive|EggheadAT has 30 seconds left.\n|inactive|EggheadAT has 20 seconds left.\n|\n|t:|1788270132\n|move|p2b: Excadrill|Protect|p2b: Excadrill\n|-singleturn|p2b: Excadrill|Protect\n|move|p2a: Scrafty|Detect|p2a: Scrafty\n|-singleturn|p2a: Scrafty|Protect\n|move|p1a: Kingambit|Sucker Punch||[still]\n|-fail|p1a: Kingambit\n|move|p1b: Gliscor|High Horsepower|p2b: Excadrill\n|-activate|p2b: Excadrill|move: Protect\n|\n|-weather|Sandstorm|[upkeep]\n|-damage|p2a: Scrafty|29/100|[from] Sandstorm\n|-sideend|p1: bugsbunny13500|move: Tailwind\n|upkeep\n|turn|5\n|inactive|EggheadAT has 30 seconds left.\n|\n|t:|1788270163\n|switch|p2b: Tyranitar|Tyranitar, L50, M, shiny|100/100\n|move|p1a: Kingambit|Protect|p1a: Kingambit\n|-singleturn|p1a: Kingambit|Protect\n|move|p1b: Gliscor|Tailwind|p1b: Gliscor\n|-sidestart|p1: bugsbunny13500|move: Tailwind\n|move|p2a: Scrafty|Drain Punch|p1a: Kingambit\n|-activate|p1a: Kingambit|move: Protect\n|\n|-weather|none\n|upkeep\n|turn|6\n|\n|t:|1788270183\n|switch|p2a: Excadrill|Excadrill, L50, M, shiny|100/100\n|detailschange|p2b: Tyranitar|Tyranitar-Mega, L50, M, shiny\n|-mega|p2b: Tyranitar|Tyranitar|Tyranitarite\n|-weather|Sandstorm|[from] ability: Sand Stream|[of] p2b: Tyranitar\n|move|p2b: Tyranitar|Protect|p2b: Tyranitar\n|-singleturn|p2b: Tyranitar|Protect\n|move|p1b: Gliscor|Dual Wingbeat|p2a: Excadrill\n|-resisted|p2a: Excadrill|1\n|-damage|p2a: Excadrill|90/100\n|-resisted|p2a: Excadrill|1\n|-damage|p2a: Excadrill|80/100\n|-hitcount|p2a: Excadrill|2\n|move|p1a: Kingambit|Low Kick|p2b: Tyranitar\n|-activate|p2b: Tyranitar|move: Protect\n|\n|-weather|Sandstorm|[upkeep]\n|upkeep\n|turn|7\n|inactive|EggheadAT has 30 seconds left.\n|inactive|EggheadAT has 20 seconds left.\n|inactive|EggheadAT has 15 seconds left.\n|\n|t:|1788270227\n|move|p2a: Excadrill|Iron Head|p1b: Gliscor\n|-damage|p1b: Gliscor|17/100\n|move|p1b: Gliscor|High Horsepower|p2a: Excadrill\n|-supereffective|p2a: Excadrill|1\n|-crit|p2a: Excadrill\n|-damage|p2a: Excadrill|0 fnt\n|faint|p2a: Excadrill\n|move|p2b: Tyranitar|Rock Slide|p1a: Kingambit|[spread] p1a\n|-miss|p2b: Tyranitar|p1b: Gliscor\n|-resisted|p1a: Kingambit|1\n|-damage|p1a: Kingambit|18/100\n|move|p1a: Kingambit|Low Kick|p2b: Tyranitar\n|-supereffective|p2b: Tyranitar|2\n|-damage|p2b: Tyranitar|0 fnt\n|faint|p2b: Tyranitar\n|\n|-weather|Sandstorm|[upkeep]\n|upkeep\n|c|☆EggheadAT|ggs man\n|c|☆EggheadAT|i called protect on kg\n|\n|t:|1788270247\n|switch|p2b: Scrafty|Scrafty, L50, M, shiny|29/100\n|-ability|p2b: Scrafty|Intimidate|boost\n|-unboost|p1a: Kingambit|atk|1\n|-ability|p1a: Kingambit|Defiant|boost\n|-boost|p1a: Kingambit|atk|2\n|-fail|p1b: Gliscor|unboost|Attack|[from] ability: Hyper Cutter|[of] p1b: Gliscor\n|turn|8\n|\n|t:|1788270262\n|move|p1a: Kingambit|Protect|p1a: Kingambit\n|-singleturn|p1a: Kingambit|Protect\n|move|p1b: Gliscor|Dual Wingbeat|p2b: Scrafty\n|-supereffective|p2b: Scrafty|1\n|-damage|p2b: Scrafty|3/100\n|-supereffective|p2b: Scrafty|1\n|-damage|p2b: Scrafty|0 fnt\n|faint|p2b: Scrafty\n|-hitcount|p2: Scrafty|2\n|\n|win|bugsbunny13500\n|l|☆EggheadAT\n|player|p2|\n|c|☆bugsbunny13500|gg\n|inactive|bugsbunny13500 has 30 seconds to confirm battle start!\n|inactive|EggheadAT has 30 seconds to confirm battle start!\n||bugsbunny13500 is ready for game 2.\n||EggheadAT is ready for game 2.\n|uhtml|next|Next: <a href=\"/battle-gen9championsvgc2026regmbbo3-2673864204\"><strong>Game 2 of 3</strong></a>\n","uploadtime":1788270592,"views":"10","formatid":"gen9championsvgc2026regmbbo3","rating":null,"private":0,"password":null}