{"id":"gen9championsvgc2026regmbbo3-2673795511","format":"[Gen 9 Champions] VGC 2026 Reg M-B (Bo3)","players":["TailwindWickedBlow","pandahp"],"log":"|j|☆TailwindWickedBlow\n|j|☆pandahp\n|html|<table width=\"100%\"><tr><td align=\"left\">TailwindWickedBlow</td><td align=\"right\">pandahp</tr><tr><td align=\"left\"><i class=\"fa fa-circle\"></i> <i class=\"fa fa-circle-o\"></i> </td><td align=\"right\"><i class=\"fa fa-circle-o\"></i> <i class=\"fa fa-circle\"></i> </tr></table>\n|uhtml|bestof|<h2><strong>Game 3</strong> of <a href=\"/game-bestof3-gen9championsvgc2026regmbbo3-2673792586\">a best-of-3</a></h2>\n|t:|1788258438\n|gametype|doubles\n|player|p1|TailwindWickedBlow|gentleman|1323\n|player|p2|pandahp|101|1267\n|gen|9\n|tier|[Gen 9 Champions] VGC 2026 Reg M-B (Bo3)\n|rated|\n|rule|Species Clause: Limit one of each Pokémon\n|rule|Item Clause: Limit 1 of each item\n|clearpoke\n|poke|p1|Garchomp, L50, F|\n|poke|p1|Floette-Eternal, L50, F|\n|poke|p1|Sneasler, L50, M|\n|poke|p1|Whimsicott, L50, M|\n|poke|p1|Basculegion, L50, M|\n|poke|p1|Kingambit, L50, M|\n|poke|p2|Floette-Eternal, L50, F|\n|poke|p2|Staraptor, L50, F|\n|poke|p2|Kingambit, L50, F|\n|poke|p2|Ceruledge, L50, M|\n|poke|p2|Sinistcha, L50|\n|poke|p2|Grimmsnarl, L50, M|\n|teampreview|4\n|showteam|p1|Garchomp||SitrusBerry|RoughSkin|DragonClaw,Earthquake,RockSlide,Protect|Adamant||F|||50|]Floette-Eternal||Floettite|FlowerVeil|Moonblast,DazzlingGleam,LightofRuin,Protect|Modest||F|||50|]Sneasler||LumBerry|PoisonTouch|GunkShot,RockSlide,CloseCombat,FakeOut|Jolly||M|||50|]Whimsicott||FocusSash|Prankster|Tailwind,Moonblast,Encore,Protect|Modest||M|||50|]Basculegion||LifeOrb|Adaptability|WaveCrash,Protect,LastRespects,AquaJet|Jolly||M|||50|]Kingambit||OccaBerry|Defiant|KowtowCleave,SuckerPunch,LowKick,Protect|Adamant||M|||50|\n|showteam|p2|Floette-Eternal||Floettite|FlowerVeil|Moonblast,DazzlingGleam,LightofRuin,Protect|Timid||F|||50|]Staraptor||Staraptite|Intimidate|CloseCombat,BraveBird,Tailwind,Protect|Jolly||F|||50|]Kingambit||LifeOrb|Defiant|IronHead,KowtowCleave,SuckerPunch,Protect|Adamant||F|||50|]Ceruledge||ColburBerry|FlashFire|BitterBlade,ShadowSneak,BulkUp,Protect|Adamant||M|||50|]Sinistcha||SitrusBerry|Hospitality|MatchaGotcha,RagePowder,TrickRoom,Protect|Relaxed|||||50|]Grimmsnarl||LightClay|Prankster|FoulPlay,Reflect,LightScreen,PartingShot|Impish||M|||50|\n|\n|t:|1788258486\n|teamsize|p1|4\n|teamsize|p2|4\n|start\n|switch|p1a: Garchomp|Garchomp, L50, F|100/100\n|switch|p1b: Basculegion|Basculegion, L50, M|100/100\n|switch|p2a: Grimmsnarl|Grimmsnarl, L50, M|100/100\n|switch|p2b: Floette|Floette-Eternal, L50, F|100/100\n|turn|1\n|j| MegaHappyDragonite\n|c|☆TailwindWickedBlow|yea dnite ill hop on after this is done\n|\n|t:|1788258518\n|switch|p1a: Whimsicott|Whimsicott, L50, M|100/100\n|detailschange|p2b: Floette|Floette-Mega, L50, F\n|-mega|p2b: Floette|Floette|Floettite\n|-ability|p2b: Floette|Fairy Aura\n|move|p2b: Floette|Protect|p2b: Floette\n|-singleturn|p2b: Floette|Protect\n|move|p1b: Basculegion|Wave Crash|p2b: Floette\n|-activate|p2b: Floette|move: Protect\n|move|p2a: Grimmsnarl|Foul Play|p1b: Basculegion\n|-supereffective|p1b: Basculegion|1\n|-damage|p1b: Basculegion|0 fnt\n|faint|p1b: Basculegion\n|\n|upkeep\n|\n|t:|1788258527\n|switch|p1b: Floette|Floette-Eternal, L50, F|100/100\n|turn|2\n|\n|t:|1788258569\n|detailschange|p1b: Floette|Floette-Mega, L50, F\n|-mega|p1b: Floette|Floette|Floettite\n|-ability|p1b: Floette|Fairy Aura\n|move|p2a: Grimmsnarl|Parting Shot|p1b: Floette\n|-unboost|p1b: Floette|atk|1\n|-unboost|p1b: Floette|spa|1\n|\n|t:|1788258576\n|switch|p2a: Ceruledge|Ceruledge, L50, M|100/100|[from] Parting Shot\n|move|p2b: Floette|Dazzling Gleam|p1b: Floette|[spread] p1a,p1b\n|-damage|p1a: Whimsicott|29/100\n|-damage|p1b: Floette|63/100\n|move|p1b: Floette|Moonblast|p2b: Floette\n|-damage|p2b: Floette|51/100\n|move|p1a: Whimsicott|Moonblast|p2a: Ceruledge\n|-resisted|p2a: Ceruledge|1\n|-damage|p2a: Ceruledge|73/100\n|\n|upkeep\n|turn|3\n|\n|t:|1788258603\n|move|p1a: Whimsicott|Tailwind|p1a: Whimsicott\n|-sidestart|p1: TailwindWickedBlow|move: Tailwind\n|move|p1b: Floette|Light of Ruin|p2b: Floette\n|-damage|p2b: Floette|0 fnt\n|faint|p2b: Floette\n|-damage|p1b: Floette|38/100|[from] Recoil\n|move|p2a: Ceruledge|Bitter Blade|p1b: Floette\n|-damage|p1b: Floette|0 fnt\n|-heal|p2a: Ceruledge|90/100|[from] drain|[of] p1b: Floette\n|faint|p1b: Floette\n|\n|upkeep\n|\n|t:|1788258617\n|switch|p2b: Kingambit|Kingambit, L50, F|100/100\n|switch|p1b: Garchomp|Garchomp, L50, F|100/100\n|turn|4\n|\n|t:|1788258643\n|move|p1a: Whimsicott|Protect|p1a: Whimsicott\n|-singleturn|p1a: Whimsicott|Protect\n|move|p2a: Ceruledge|Shadow Sneak|p1a: Whimsicott\n|-activate|p1a: Whimsicott|move: Protect\n|move|p2b: Kingambit|Sucker Punch|p1b: Garchomp\n|-damage|p1b: Garchomp|61/100\n|-damage|p2b: Kingambit|87/100|[from] ability: Rough Skin|[of] p1b: Garchomp\n|-damage|p2b: Kingambit|78/100|[from] item: Life Orb\n|move|p1b: Garchomp|Earthquake|p2b: Kingambit|[spread] p2a,p2b\n|-activate|p1a: Whimsicott|move: Protect\n|-supereffective|p2a: Ceruledge|1\n|-supereffective|p2b: Kingambit|1\n|-damage|p2a: Ceruledge|1/100\n|-damage|p2b: Kingambit|18/100\n|\n|upkeep\n|turn|5\n|\n|t:|1788258669\n|move|p2a: Ceruledge|Shadow Sneak|p1a: Whimsicott\n|-damage|p1a: Whimsicott|1/100\n|move|p2b: Kingambit|Sucker Punch|p1b: Garchomp\n|-crit|p1b: Garchomp\n|-damage|p1b: Garchomp|5/100\n|-damage|p2b: Kingambit|6/100|[from] ability: Rough Skin|[of] p1b: Garchomp\n|-enditem|p1b: Garchomp|Sitrus Berry|[eat]\n|-heal|p1b: Garchomp|30/100|[from] item: Sitrus Berry\n|-damage|p2b: Kingambit|0 fnt|[from] item: Life Orb\n|faint|p2b: Kingambit\n|move|p1a: Whimsicott|Moonblast|p2a: Ceruledge\n|-resisted|p2a: Ceruledge|1\n|-damage|p2a: Ceruledge|0 fnt\n|faint|p2a: Ceruledge\n|move|p1b: Garchomp|Earthquake|p1a: Whimsicott\n|-resisted|p1a: Whimsicott|1\n|-damage|p1a: Whimsicott|0 fnt\n|faint|p1a: Whimsicott\n|\n|upkeep\n|\n|t:|1788258687\n|switch|p2a: Grimmsnarl|Grimmsnarl, L50, M|100/100\n|turn|6\n|c|☆pandahp|gg\n|c| MegaHappyDragonite|u need a crit twwb\n|\n|t:|1788258717\n|move|p2a: Grimmsnarl|Reflect|p2a: Grimmsnarl\n|-sidestart|p2: pandahp|Reflect\n|move|p1b: Garchomp|Earthquake|p2a: Grimmsnarl\n|-damage|p2a: Grimmsnarl|69/100\n|\n|-sideend|p1: TailwindWickedBlow|move: Tailwind\n|upkeep\n|turn|7\n|\n|t:|1788258725\n|move|p1b: Garchomp|Protect|p1b: Garchomp\n|-singleturn|p1b: Garchomp|Protect\n|move|p2a: Grimmsnarl|Foul Play|p1b: Garchomp\n|-activate|p1b: Garchomp|move: Protect\n|\n|upkeep\n|turn|8\n|c|☆TailwindWickedBlow|yea\n|c|☆TailwindWickedBlow|lol\n|\n|t:|1788258746\n|move|p1b: Garchomp|Earthquake|p2a: Grimmsnarl\n|-damage|p2a: Grimmsnarl|35/100\n|move|p2a: Grimmsnarl|Foul Play|p1b: Garchomp\n|-damage|p1b: Garchomp|0 fnt\n|-damage|p2a: Grimmsnarl|22/100|[from] ability: Rough Skin|[of] p1b: Garchomp\n|faint|p1b: Garchomp\n|\n|win|pandahp\n|raw|TailwindWickedBlow's rating: 1323 &rarr; <strong>1300</strong><br />(-23 for losing)\n|raw|pandahp's rating: 1267 &rarr; <strong>1296</strong><br />(+29 for winning)\n|c|☆TailwindWickedBlow|ggs\n|l|☆TailwindWickedBlow\n|player|p1|\n|c| MegaHappyDragonite|play?\n|l| MegaHappyDragonite\n","uploadtime":1788258812,"views":"3","formatid":"gen9championsvgc2026regmbbo3","rating":1296,"private":0,"password":null}