{"id":"gen9championsvgc2026regmb-2674983856","format":"[Gen 9 Champions] VGC 2026 Reg M-B","players":["realmadridlegends","liammb"],"log":"|j|☆realmadridlegends\n|j|☆liammb\n|t:|1788445218\n|gametype|doubles\n|player|p1|realmadridlegends|ghetsis|1154\n|player|p2|liammb|miku-ground|1214\n|gen|9\n|tier|[Gen 9 Champions] VGC 2026 Reg M-B\n|rated|\n|rule|Species Clause: Limit one of each Pokémon\n|rule|Item Clause: Limit 1 of each item\n|clearpoke\n|poke|p1|Floette-Eternal, L50, F|\n|poke|p1|Basculegion, L50, M|\n|poke|p1|Kingambit, L50, F|\n|poke|p1|Dragonite, L50, F|\n|poke|p1|Garchomp, L50, F|\n|poke|p1|Sneasler, L50, F|\n|poke|p2|Excadrill, L50, M|\n|poke|p2|Tyranitar, L50, M|\n|poke|p2|Sinistcha, L50|\n|poke|p2|Venusaur, L50, M|\n|poke|p2|Kingambit, L50, M|\n|poke|p2|Milotic, L50, M|\n|teampreview|4\n|inactive|Battle timer is ON: inactive players will automatically lose when time's up. (requested by realmadridlegends)\n|\n|t:|1788445245\n|teamsize|p1|4\n|teamsize|p2|4\n|start\n|switch|p1a: Garchomp|Garchomp, L50, F|100/100\n|switch|p1b: Dragonite|Dragonite, L50, F|100/100\n|switch|p2a: Venusaur|Venusaur, L50, M|100/100\n|switch|p2b: Milotic|Milotic, L50, M|100/100\n|turn|1\n|\n|t:|1788445264\n|switch|p1a: Basculegion|Basculegion, L50, M|100/100\n|detailschange|p1b: Dragonite|Dragonite-Mega, L50, F\n|-mega|p1b: Dragonite|Dragonite|Dragoninite\n|move|p2a: Venusaur|Protect|p2a: Venusaur\n|-singleturn|p2a: Venusaur|Protect\n|move|p1b: Dragonite|Heat Wave|p2b: Milotic|[spread] p2b\n|-activate|p2a: Venusaur|move: Protect\n|-resisted|p2b: Milotic|1\n|-damage|p2b: Milotic|89/100\n|move|p2b: Milotic|Icy Wind|p1b: Dragonite|[spread] p1a,p1b\n|-resisted|p1a: Basculegion|1\n|-supereffective|p1b: Dragonite|2\n|-damage|p1a: Basculegion|92/100\n|-damage|p1b: Dragonite|82/100\n|-unboost|p1a: Basculegion|spe|1\n|-unboost|p1b: Dragonite|spe|1\n|\n|-heal|p2b: Milotic|95/100|[from] item: Leftovers\n|upkeep\n|turn|2\n|inactive|realmadridlegends has 30 seconds left.\n|\n|t:|1788445292\n|switch|p1b: Kingambit|Kingambit, L50, F|100/100\n|detailschange|p2a: Venusaur|Venusaur-Mega, L50, M\n|-mega|p2a: Venusaur|Venusaur|Venusaurite\n|move|p2b: Milotic|Icy Wind|p1b: Kingambit|[spread] p1a,p1b\n|-resisted|p1a: Basculegion|1\n|-resisted|p1b: Kingambit|1\n|-damage|p1a: Basculegion|84/100\n|-damage|p1b: Kingambit|94/100\n|-unboost|p1a: Basculegion|spe|1\n|-unboost|p1b: Kingambit|spe|1\n|-ability|p1b: Kingambit|Defiant|boost\n|-boost|p1b: Kingambit|atk|2\n|move|p2a: Venusaur|Giga Drain|p1a: Basculegion\n|-supereffective|p1a: Basculegion|1\n|-damage|p1a: Basculegion|0 fnt\n|faint|p1a: Basculegion\n|\n|-heal|p2b: Milotic|100/100|[from] item: Leftovers\n|upkeep\n|\n|t:|1788445307\n|switch|p1a: Garchomp|Garchomp, L50, F|100/100\n|turn|3\n|\n|t:|1788445324\n|move|p2b: Milotic|Helping Hand|p2a: Venusaur\n|-singleturn|p2a: Venusaur|Helping Hand|[of] p2b: Milotic\n|move|p1a: Garchomp|Stomping Tantrum|p2a: Venusaur\n|-damage|p2a: Venusaur|72/100\n|move|p2a: Venusaur|Earth Power|p1b: Kingambit\n|-supereffective|p1b: Kingambit|1\n|-damage|p1b: Kingambit|9/100\n|-unboost|p1b: Kingambit|spd|1\n|-ability|p1b: Kingambit|Defiant|boost\n|-boost|p1b: Kingambit|atk|2\n|move|p1b: Kingambit|Kowtow Cleave|p2b: Milotic\n|-damage|p2b: Milotic|0 fnt\n|faint|p2b: Milotic\n|\n|upkeep\n|inactive|liammb has 30 seconds left.\n|\n|t:|1788445357\n|switch|p2b: Sinistcha|Sinistcha, L50|100/100\n|-heal|p2a: Venusaur|97/100|[from] ability: Hospitality|[of] p2b: Sinistcha\n|turn|4\n|inactive|realmadridlegends has 30 seconds left.\n|inactive|realmadridlegends has 20 seconds left.\n|\n|t:|1788445396\n|move|p2a: Venusaur|Protect|p2a: Venusaur\n|-singleturn|p2a: Venusaur|Protect\n|move|p1a: Garchomp|Stomping Tantrum|p2a: Venusaur\n|-activate|p2a: Venusaur|move: Protect\n|move|p2b: Sinistcha|Matcha Gotcha|p1b: Kingambit|[spread] p1a,p1b\n|-resisted|p1b: Kingambit|1\n|-damage|p1a: Garchomp|72/100\n|-damage|p1b: Kingambit|0 fnt\n|faint|p1b: Kingambit\n|\n|upkeep\n|\n|t:|1788445398\n|switch|p1b: Dragonite|Dragonite-Mega, L50, F|82/100\n|turn|5\n|\n|t:|1788445412\n|switch|p2a: Kingambit|Kingambit, L50, M|100/100\n|move|p1a: Garchomp|Stomping Tantrum|p2a: Kingambit\n|-supereffective|p2a: Kingambit|1\n|-crit|p2a: Kingambit\n|-damage|p2a: Kingambit|9/100\n|move|p1b: Dragonite|Heat Wave|p2b: Sinistcha|[spread] p2a\n|-miss|p1b: Dragonite|p2b: Sinistcha\n|-supereffective|p2a: Kingambit|1\n|-damage|p2a: Kingambit|0 fnt\n|faint|p2a: Kingambit\n|move|p2b: Sinistcha|Trick Room|p2b: Sinistcha\n|-fieldstart|move: Trick Room|[of] p2b: Sinistcha\n|\n|upkeep\n|\n|t:|1788445423\n|switch|p2a: Venusaur|Venusaur-Mega, L50, M|97/100\n|turn|6\n|\n|t:|1788445444\n|move|p2b: Sinistcha|Matcha Gotcha|p1b: Dragonite|[spread] p1a,p1b\n|-resisted|p1b: Dragonite|2\n|-damage|p1a: Garchomp|46/100\n|-damage|p1b: Dragonite|78/100\n|move|p2a: Venusaur|Sludge Bomb|p1b: Dragonite\n|-damage|p1b: Dragonite|45/100\n|move|p1b: Dragonite|Heat Wave|p2a: Venusaur|[spread] p2a\n|-miss|p1b: Dragonite|p2b: Sinistcha\n|-supereffective|p2a: Venusaur|1\n|-damage|p2a: Venusaur|73/100\n|move|p1a: Garchomp|Stomping Tantrum|p2a: Venusaur\n|-damage|p2a: Venusaur|42/100\n|\n|upkeep\n|turn|7\n|\n|t:|1788445460\n|move|p2b: Sinistcha|Matcha Gotcha|p1b: Dragonite|[spread] p1a,p1b\n|-resisted|p1b: Dragonite|2\n|-damage|p1a: Garchomp|18/100\n|-damage|p1b: Dragonite|41/100\n|move|p2a: Venusaur|Sludge Bomb|p1b: Dragonite\n|-damage|p1b: Dragonite|4/100\n|move|p1b: Dragonite|Heat Wave|p2a: Venusaur|[spread] p2a,p2b\n|-supereffective|p2a: Venusaur|1\n|-supereffective|p2b: Sinistcha|1\n|-damage|p2a: Venusaur|18/100\n|-damage|p2b: Sinistcha|37/100\n|-status|p2b: Sinistcha|brn\n|-enditem|p2b: Sinistcha|Sitrus Berry|[eat]\n|-heal|p2b: Sinistcha|61/100 brn|[from] item: Sitrus Berry\n|move|p1a: Garchomp|Stomping Tantrum|p2a: Venusaur\n|-damage|p2a: Venusaur|0 fnt\n|faint|p2a: Venusaur\n|\n|-damage|p2b: Sinistcha|55/100 brn|[from] brn\n|upkeep\n|turn|8\n|c|☆realmadridlegends|More miss\n|\n|t:|1788445483\n|move|p1b: Dragonite|Protect|p1b: Dragonite\n|-singleturn|p1b: Dragonite|Protect\n|move|p2b: Sinistcha|Matcha Gotcha|p1b: Dragonite|[spread] p1a\n|-activate|p1b: Dragonite|move: Protect\n|-damage|p1a: Garchomp|0 fnt\n|-heal|p2b: Sinistcha|65/100 brn|[from] drain|[of] p1a: Garchomp\n|faint|p1a: Garchomp\n|\n|-damage|p2b: Sinistcha|58/100 brn|[from] brn\n|upkeep\n|turn|9\n|c|☆liammb|unlucky\n|\n|t:|1788445493\n|move|p1b: Dragonite|Protect|p1b: Dragonite\n|-singleturn|p1b: Dragonite|Protect\n|move|p2b: Sinistcha|Matcha Gotcha|p1b: Dragonite\n|-activate|p1b: Dragonite|move: Protect\n|\n|-damage|p2b: Sinistcha|52/100 brn|[from] brn\n|-fieldend|move: Trick Room\n|upkeep\n|turn|10\n|c|☆liammb|im sure that makes up for i\n|c|☆liammb|it\n|inactive|realmadridlegends has 30 seconds left.\n|\n|t:|1788445518\n|move|p1b: Dragonite|Heat Wave|p2b: Sinistcha|[miss]\n|-miss|p1b: Dragonite|p2b: Sinistcha\n|move|p2b: Sinistcha|Matcha Gotcha|p1b: Dragonite\n|-resisted|p1b: Dragonite|2\n|-damage|p1b: Dragonite|0 fnt\n|-heal|p2b: Sinistcha|55/100 brn|[from] drain|[of] p1b: Dragonite\n|faint|p1b: Dragonite\n|\n|win|liammb\n|raw|realmadridlegends's rating: 1154 &rarr; <strong>1133</strong><br />(-21 for losing)\n|raw|liammb's rating: 1214 &rarr; <strong>1235</strong><br />(+21 for winning)\n|c|☆liammb|LMAO\n|c|☆realmadridlegends|Xdd gg\n|c|☆liammb|gg\n","uploadtime":1788445534,"views":"8","formatid":"gen9championsvgc2026regmb","rating":1133,"private":0,"password":null}