{"id":"gen9championsvgc2026regmb-2674902300","format":"[Gen 9 Champions] VGC 2026 Reg M-B","players":["Thornlace48812","VictoriousDancing"],"log":"|j|☆Thornlace48812\n|j|☆VictoriousDancing\n|t:|1788432708\n|gametype|doubles\n|player|p1|Thornlace48812|102|1356\n|player|p2|VictoriousDancing|cynthia|1396\n|gen|9\n|tier|[Gen 9 Champions] VGC 2026 Reg M-B\n|rated|\n|rule|Species Clause: Limit one of each Pokémon\n|rule|Item Clause: Limit 1 of each item\n|clearpoke\n|poke|p1|Garchomp, L50, M|\n|poke|p1|Charizard, L50, F|\n|poke|p1|Whimsicott, L50, F|\n|poke|p1|Sylveon, L50, F|\n|poke|p1|Kingambit, L50, M|\n|poke|p1|Basculegion, L50, M|\n|poke|p2|Charizard, L50, M, shiny|\n|poke|p2|Basculegion, L50, M, shiny|\n|poke|p2|Whimsicott, L50, F, shiny|\n|poke|p2|Garchomp, L50, F, shiny|\n|poke|p2|Kingambit, L50, M, shiny|\n|poke|p2|Floette-Eternal, L50, F|\n|teampreview|4\n|inactive|Battle timer is ON: inactive players will automatically lose when time's up. (requested by VictoriousDancing)\nVictoriousDancing rejected open team sheets.\n|inactive|Thornlace48812 also wants the timer to be on.\nThornlace48812 rejected open team sheets.\n|\n|t:|1788432711\n|teamsize|p1|4\n|teamsize|p2|4\n|start\n|switch|p1a: Charizard|Charizard, L50, F|100/100\n|switch|p1b: Garchomp|Garchomp, L50, M|100/100\n|switch|p2a: Whimsicott|Whimsicott, L50, F, shiny|100/100\n|switch|p2b: Garchomp|Garchomp, L50, F, shiny|100/100\n|turn|1\n|\n|t:|1788432713\n|move|p1a: Charizard|Protect|p1a: Charizard\n|-singleturn|p1a: Charizard|Protect\n|move|p2a: Whimsicott|Tailwind|p2a: Whimsicott\n|-sidestart|p2: VictoriousDancing|move: Tailwind\n|move|p2b: Garchomp|Rock Slide|p1a: Charizard|[spread] p1b\n|-activate|p1a: Charizard|move: Protect\n|-resisted|p1b: Garchomp|1\n|-damage|p1b: Garchomp|89/100\n|move|p1b: Garchomp|Dragon Claw|p2b: Garchomp\n|-supereffective|p2b: Garchomp|1\n|-damage|p2b: Garchomp|0 fnt\n|-damage|p1b: Garchomp|77/100|[from] ability: Rough Skin|[of] p2b: Garchomp\n|faint|p2b: Garchomp\n|-damage|p1b: Garchomp|67/100|[from] item: Life Orb\n|\n|upkeep\n|\n|t:|1788432713\n|switch|p2b: Charizard|Charizard, L50, M, shiny|100/100\n|turn|2\n|\n|t:|1788432714\n|detailschange|p2b: Charizard|Charizard-Mega-Y, L50, M, shiny\n|-mega|p2b: Charizard|Charizard|Charizardite Y\n|-weather|SunnyDay|[from] ability: Drought|[of] p2b: Charizard\n|detailschange|p1a: Charizard|Charizard-Mega-Y, L50, F\n|-mega|p1a: Charizard|Charizard|Charizardite Y\n|move|p2a: Whimsicott|Moonblast|p1b: Garchomp\n|-supereffective|p1b: Garchomp|1\n|-damage|p1b: Garchomp|0 fnt\n|faint|p1b: Garchomp\n|move|p2b: Charizard|Heat Wave|p1a: Charizard\n|-resisted|p1a: Charizard|1\n|-damage|p1a: Charizard|57/100\n|move|p1a: Charizard|Ancient Power|p2b: Charizard\n|-supereffective|p2b: Charizard|2\n|-damage|p2b: Charizard|1/100\n|\n|-weather|SunnyDay|[upkeep]\n|upkeep\n|\n|t:|1788432716\n|switch|p1b: Whimsicott|Whimsicott, L50, F|100/100\n|turn|3\n|\n|t:|1788432718\n|move|p1a: Charizard|Protect|p1a: Charizard\n|-singleturn|p1a: Charizard|Protect\n|move|p2a: Whimsicott|Encore|p1a: Charizard\n|-activate|p1a: Charizard|move: Protect\n|move|p1b: Whimsicott|Tailwind|p1b: Whimsicott\n|-sidestart|p1: Thornlace48812|move: Tailwind\n|move|p2b: Charizard|Heat Wave|p1b: Whimsicott|[spread] p1b\n|-activate|p1a: Charizard|move: Protect\n|-supereffective|p1b: Whimsicott|1\n|-enditem|p1b: Whimsicott|Focus Sash\n|-damage|p1b: Whimsicott|1/100\n|\n|-weather|SunnyDay|[upkeep]\n|upkeep\n|turn|4\n|\n|t:|1788432721\n|move|p2a: Whimsicott|Encore|p1a: Charizard\n|-start|p1a: Charizard|Encore\n|move|p1a: Charizard|Protect|p1a: Charizard\n|-singleturn|p1a: Charizard|Protect\n|move|p1b: Whimsicott|Moonblast|p2a: Whimsicott\n|-damage|p2a: Whimsicott|39/100\n|-unboost|p2a: Whimsicott|spa|1\n|move|p2b: Charizard|Heat Wave|p1b: Whimsicott|[spread] p1b\n|-activate|p1a: Charizard|move: Protect\n|-supereffective|p1b: Whimsicott|1\n|-damage|p1b: Whimsicott|0 fnt\n|faint|p1b: Whimsicott\n|\n|-weather|SunnyDay|[upkeep]\n|-sideend|p2: VictoriousDancing|move: Tailwind\n|upkeep\n|\n|t:|1788432723\n|switch|p1b: Basculegion|Basculegion, L50, M|100/100\n|turn|5\n|\n|t:|1788432725\n|move|p1a: Charizard|Protect||[still]\n|-fail|p1a: Charizard\n|move|p2b: Charizard|Protect|p2b: Charizard\n|-singleturn|p2b: Charizard|Protect\n|move|p2a: Whimsicott|Tailwind|p2a: Whimsicott\n|-sidestart|p2: VictoriousDancing|move: Tailwind\n|move|p1b: Basculegion|Last Respects|p2b: Charizard\n|-activate|p2b: Charizard|move: Protect\n|\n|-weather|SunnyDay|[upkeep]\n|upkeep\n|turn|6\n|\n|t:|1788432727\n|move|p1a: Charizard|Protect|p1a: Charizard\n|-singleturn|p1a: Charizard|Protect\n|move|p2a: Whimsicott|Moonblast|p1b: Basculegion\n|-damage|p1b: Basculegion|74/100\n|move|p2b: Charizard|Heat Wave|p1a: Charizard|[spread] p1b\n|-activate|p1a: Charizard|move: Protect\n|-resisted|p1b: Basculegion|1\n|-damage|p1b: Basculegion|36/100\n|move|p1b: Basculegion|Last Respects|p2a: Whimsicott\n|-damage|p2a: Whimsicott|0 fnt\n|faint|p2a: Whimsicott\n|\n|-weather|none\n|-end|p1a: Charizard|Encore\n|-sideend|p1: Thornlace48812|move: Tailwind\n|upkeep\n|\n|t:|1788432728\n|switch|p2a: Basculegion|Basculegion, L50, M, shiny|100/100\n|turn|7\n|\n|t:|1788432728\n|move|p2a: Basculegion|Last Respects|p1b: Basculegion\n|-supereffective|p1b: Basculegion|1\n|-damage|p1b: Basculegion|0 fnt\n|faint|p1b: Basculegion\n|move|p2b: Charizard|Heat Wave|p1a: Charizard\n|-resisted|p1a: Charizard|1\n|-damage|p1a: Charizard|29/100\n|move|p1a: Charizard|Ancient Power|p2a: Basculegion\n|-damage|p2a: Basculegion|70/100\n|\n|upkeep\n|turn|8\n|\n|t:|1788432729\n|move|p1a: Charizard|Protect|p1a: Charizard\n|-singleturn|p1a: Charizard|Protect\n|move|p2a: Basculegion|Last Respects|p1a: Charizard\n|-activate|p1a: Charizard|move: Protect\n|move|p2b: Charizard|Heat Wave|p1a: Charizard\n|-activate|p1a: Charizard|move: Protect\n|\n|-sideend|p2: VictoriousDancing|move: Tailwind\n|upkeep\n|turn|9\n|\n|t:|1788432730\n|move|p2a: Basculegion|Last Respects|p1a: Charizard\n|-damage|p1a: Charizard|0 fnt\n|faint|p1a: Charizard\n|\n|win|VictoriousDancing\n|raw|Thornlace48812's rating: 1374 &rarr; <strong>1354</strong><br />(-20 for losing)\n|raw|VictoriousDancing's rating: 1375 &rarr; <strong>1395</strong><br />(+20 for winning)\n","uploadtime":1788432730,"views":"1","formatid":"gen9championsvgc2026regmb","rating":1354,"private":0,"password":null}