{"id":"gen9championsvgc2026regmb-2674528701","format":"[Gen 9 Champions] VGC 2026 Reg M-B","players":["bimboddue","testdigi"],"log":"|j|☆bimboddue\n|j|☆testdigi\n|t:|1788370410\n|gametype|doubles\n|player|p1|bimboddue|cynthia|1278\n|player|p2|testdigi|169|1263\n|gen|9\n|tier|[Gen 9 Champions] VGC 2026 Reg M-B\n|rated|\n|rule|Species Clause: Limit one of each Pokémon\n|rule|Item Clause: Limit 1 of each item\n|clearpoke\n|poke|p1|Gengar, L50, F|\n|poke|p1|Swampert, L50, M|\n|poke|p1|Politoed, L50, M|\n|poke|p1|Kommo-o, L50, M|\n|poke|p1|Vivillon, L50, M|\n|poke|p1|Incineroar, L50, F|\n|poke|p2|Staraptor, L50, F, shiny|\n|poke|p2|Kingambit, L50, M, shiny|\n|poke|p2|Sylveon, L50, M, shiny|\n|poke|p2|Raichu, L50, F|\n|poke|p2|Farigiraf, L50, M, shiny|\n|poke|p2|Basculegion, L50, M|\n|teampreview|4\n|\n|t:|1788370441\n|teamsize|p1|4\n|teamsize|p2|4\n|start\n|switch|p1a: Gengar|Gengar, L50, F|100/100\n|switch|p1b: Kommo-o|Kommo-o, L50, M|100/100\n|switch|p2a: Raichu|Raichu, L50, F|100/100\n|switch|p2b: Fridge|Farigiraf, L50, M, shiny|100/100\n|turn|1\n|inactive|Battle timer is ON: inactive players will automatically lose when time's up. (requested by bimboddue)\n|\n|t:|1788370471\n|detailschange|p1a: Gengar|Gengar-Mega, L50, F\n|-mega|p1a: Gengar|Gengar|Gengarite\n|detailschange|p2a: Raichu|Raichu-Mega-Y, L50, F\n|-mega|p2a: Raichu|Raichu|Raichunite Y\n|move|p1a: Gengar|Protect|p1a: Gengar\n|-singleturn|p1a: Gengar|Protect\n|move|p2a: Raichu|Fake Out|p1b: Kommo-o\n|-damage|p1b: Kommo-o|92/100\n|cant|p1b: Kommo-o|flinch\n|move|p2b: Fridge|Psychic|p1a: Gengar\n|-activate|p1a: Gengar|move: Protect\n|\n|-heal|p1b: Kommo-o|98/100|[from] item: Leftovers\n|upkeep\n|turn|2\n|\n|t:|1788370495\n|switch|p1a: Incineroar|Incineroar, L50, F|100/100\n|-ability|p1a: Incineroar|Intimidate|boost\n|-unboost|p2a: Raichu|atk|1\n|-unboost|p2b: Fridge|atk|1\n|move|p2a: Raichu|Zap Cannon|p1b: Kommo-o\n|-resisted|p1b: Kommo-o|1\n|-damage|p1b: Kommo-o|67/100\n|-status|p1b: Kommo-o|par\n|move|p1b: Kommo-o|Clangorous Soul|p1b: Kommo-o\n|-boost|p1b: Kommo-o|atk|1\n|-boost|p1b: Kommo-o|def|1\n|-boost|p1b: Kommo-o|spa|1\n|-boost|p1b: Kommo-o|spd|1\n|-boost|p1b: Kommo-o|spe|1\n|-damage|p1b: Kommo-o|34/100 par\n|move|p2b: Fridge|Trick Room|p2b: Fridge\n|-fieldstart|move: Trick Room|[of] p2b: Fridge\n|\n|-heal|p1b: Kommo-o|40/100 par|[from] item: Leftovers\n|upkeep\n|turn|3\n|\n|t:|1788370520\n|move|p2b: Fridge|Psychic|p1b: Kommo-o\n|-supereffective|p1b: Kommo-o|1\n|-damage|p1b: Kommo-o|0 fnt\n|faint|p1b: Kommo-o\n|move|p1a: Incineroar|Darkest Lariat|p2b: Fridge\n|-supereffective|p2b: Fridge|1\n|-damage|p2b: Fridge|28/100\n|-enditem|p2b: Fridge|Sitrus Berry|[eat]\n|-heal|p2b: Fridge|53/100|[from] item: Sitrus Berry\n|move|p2a: Raichu|Focus Blast|p1a: Incineroar\n|-supereffective|p1a: Incineroar|1\n|-damage|p1a: Incineroar|14/100\n|\n|upkeep\n|\n|t:|1788370529\n|switch|p1b: Vivillon|Vivillon, L50, M|100/100\n|turn|4\n|\n|t:|1788370549\n|move|p2b: Fridge|Psychic|p1b: Vivillon\n|-damage|p1b: Vivillon|29/100\n|-unboost|p1b: Vivillon|spd|1\n|move|p1a: Incineroar|Parting Shot|p2b: Fridge\n|-unboost|p2b: Fridge|atk|1\n|-unboost|p2b: Fridge|spa|1\n|\n|t:|1788370556\n|switch|p1a: Gengar|Gengar-Mega, L50, F|100/100|[from] Parting Shot\n|move|p1b: Vivillon|Sleep Powder|p2a: Raichu\n|-status|p2a: Raichu|slp|[from] move: Sleep Powder\n|cant|p2a: Raichu|slp\n|\n|upkeep\n|turn|5\n|\n|t:|1788370575\n|move|p1a: Gengar|Protect|p1a: Gengar\n|-singleturn|p1a: Gengar|Protect\n|move|p2b: Fridge|Psychic|p1a: Gengar\n|-activate|p1a: Gengar|move: Protect\n|move|p1b: Vivillon|Hurricane|p2b: Fridge\n|-damage|p2b: Fridge|13/100\n|-curestatus|p2a: Raichu|slp|[msg]\n|move|p2a: Raichu|Zap Cannon|p1a: Gengar\n|-activate|p1a: Gengar|move: Protect\n|\n|upkeep\n|turn|6\n|inactive|bimboddue has 30 seconds left.\n|\n|t:|1788370602\n|switch|p1a: Incineroar|Incineroar, L50, F|14/100\n|-ability|p1a: Incineroar|Intimidate|boost\n|-unboost|p2a: Raichu|atk|1\n|-unboost|p2b: Fridge|atk|1\n|move|p2b: Fridge|Psychic|p1b: Vivillon\n|-damage|p1b: Vivillon|0 fnt\n|faint|p1b: Vivillon\n|move|p2a: Raichu|Zap Cannon|p1a: Incineroar\n|-damage|p1a: Incineroar|0 fnt\n|faint|p1a: Incineroar\n|\n|-fieldend|move: Trick Room\n|upkeep\n|\n|t:|1788370610\n|switch|p1b: Gengar|Gengar-Mega, L50, F|100/100\n|turn|7\n|-message|bimboddue forfeited.\n|\n|win|testdigi\n","uploadtime":1788370412,"views":"0","formatid":"gen9championsvgc2026regmb","rating":null,"private":0,"password":null}