{"id":"gen9championsvgc2026regmb-2673902951","format":"[Gen 9 Champions] VGC 2026 Reg M-B","players":["gadhadga","aerielo"],"log":"|j|☆gadhadga\n|j|☆aerielo\n|t:|1788275147\n|gametype|doubles\n|player|p1|gadhadga|1|1000\n|player|p2|aerielo|169|1094\n|gen|9\n|tier|[Gen 9 Champions] VGC 2026 Reg M-B\n|rated|\n|rule|Species Clause: Limit one of each Pokémon\n|rule|Item Clause: Limit 1 of each item\n|clearpoke\n|poke|p1|Gengar, L50, F, shiny|\n|poke|p1|Incineroar, L50, M|\n|poke|p1|Sinistcha, L50|\n|poke|p1|Politoed, L50, F|\n|poke|p1|Archaludon, L50, M|\n|poke|p1|Dragonite, L50, M|\n|poke|p2|Sceptile, L50, M|\n|poke|p2|Tyranitar, L50, M|\n|poke|p2|Excadrill, L50, F|\n|poke|p2|Rotom-Wash, L50|\n|poke|p2|Sneasler, L50, F|\n|poke|p2|Sinistcha, L50|\n|teampreview|4\n|inactive|Battle timer is ON: inactive players will automatically lose when time's up. (requested by aerielo)\n|\n|t:|1788275167\n|teamsize|p1|4\n|teamsize|p2|4\n|start\n|switch|p1a: Politoed|Politoed, L50, F|100/100\n|switch|p1b: Dragonite|Dragonite, L50, M|100/100\n|switch|p2a: Sceptile|Sceptile, L50, M|100/100\n|switch|p2b: Rotom|Rotom-Wash, L50|100/100\n|-weather|RainDance|[from] ability: Drizzle|[of] p1a: Politoed\n|turn|1\n|\n|t:|1788275188\n|detailschange|p2a: Sceptile|Sceptile-Mega, L50, M\n|-mega|p2a: Sceptile|Sceptile|Sceptilite\n|detailschange|p1b: Dragonite|Dragonite-Mega, L50, M\n|-mega|p1b: Dragonite|Dragonite|Dragoninite\n|move|p1a: Politoed|Protect|p1a: Politoed\n|-singleturn|p1a: Politoed|Protect\n|move|p2a: Sceptile|Dragon Pulse|p1b: Dragonite\n|-supereffective|p1b: Dragonite|1\n|-damage|p1b: Dragonite|62/100\n|move|p2b: Rotom|Discharge|p1a: Politoed|[spread] p1b\n|-activate|p1a: Politoed|move: Protect\n|-ability|p2a: Sceptile|Lightning Rod|boost\n|-boost|p2a: Sceptile|spa|1\n|-damage|p1b: Dragonite|41/100\n|-status|p1b: Dragonite|par\n|cant|p1b: Dragonite|par\n|\n|-weather|RainDance|[upkeep]\n|upkeep\n|turn|2\n|inactive|aerielo has 30 seconds left.\n|\n|t:|1788275215\n|switch|p1b: Archaludon|Archaludon, L50, M|100/100\n|move|p2a: Sceptile|Leaf Storm|p1a: Politoed\n|-supereffective|p1a: Politoed|1\n|-enditem|p1a: Politoed|Rindo Berry|[eat]\n|-enditem|p1a: Politoed|Rindo Berry|[weaken]\n|-damage|p1a: Politoed|16/100\n|-unboost|p2a: Sceptile|spa|2\n|move|p2b: Rotom|Discharge|p1b: Archaludon|[spread] p1a,p1b\n|-ability|p2a: Sceptile|Lightning Rod|boost\n|-boost|p2a: Sceptile|spa|1\n|-supereffective|p1a: Politoed|1\n|-crit|p1a: Politoed\n|-resisted|p1b: Archaludon|1\n|-damage|p1a: Politoed|0 fnt\n|-damage|p1b: Archaludon|80/100\n|-status|p1b: Archaludon|par\n|faint|p1a: Politoed\n|\n|-weather|RainDance|[upkeep]\n|upkeep\n|\n|t:|1788275224\n|switch|p1a: Sinistcha|Sinistcha, L50|100/100\n|-heal|p1b: Archaludon|100/100 par|[from] ability: Hospitality|[of] p1a: Sinistcha\n|turn|3\n|\n|t:|1788275238\n|move|p2a: Sceptile|Protect|p2a: Sceptile\n|-singleturn|p2a: Sceptile|Protect\n|move|p2b: Rotom|Discharge|p1b: Archaludon|[spread] p1a,p1b\n|-activate|p2a: Sceptile|move: Protect\n|-resisted|p1a: Sinistcha|1\n|-resisted|p1b: Archaludon|1\n|-damage|p1a: Sinistcha|87/100\n|-damage|p1b: Archaludon|80/100 par\n|move|p1b: Archaludon|Electro Shot||[still]\n|-activate|p2a: Sceptile|ability: Lightning Rod\n|-prepare|p1b: Archaludon|Electro Shot\n|-boost|p1b: Archaludon|spa|1\n|-anim|p1b: Archaludon|Electro Shot|p2a: Sceptile\n|-activate|p2a: Sceptile|move: Protect\n|move|p1a: Sinistcha|Trick Room|p1a: Sinistcha\n|-fieldstart|move: Trick Room|[of] p1a: Sinistcha\n|\n|-weather|RainDance|[upkeep]\n|upkeep\n|turn|4\n|\n|t:|1788275248\n|move|p1b: Archaludon|Draco Meteor|p2a: Sceptile\n|-supereffective|p2a: Sceptile|1\n|-damage|p2a: Sceptile|0 fnt\n|-unboost|p1b: Archaludon|spa|2\n|faint|p2a: Sceptile\n|move|p1a: Sinistcha|Matcha Gotcha|p2b: Rotom\n|-supereffective|p2b: Rotom|1\n|-damage|p2b: Rotom|10/100\n|-heal|p1a: Sinistcha|100/100|[from] drain|[of] p2b: Rotom\n|-enditem|p2b: Rotom|Sitrus Berry|[eat]\n|-heal|p2b: Rotom|34/100|[from] item: Sitrus Berry\n|move|p2b: Rotom|Will-O-Wisp|p1a: Sinistcha\n|-status|p1a: Sinistcha|brn\n|\n|-weather|RainDance|[upkeep]\n|-damage|p1a: Sinistcha|93/100 brn|[from] brn\n|upkeep\n|\n|t:|1788275256\n|switch|p2a: Sinistcha|Sinistcha, L50|100/100\n|-heal|p2b: Rotom|59/100|[from] ability: Hospitality|[of] p2a: Sinistcha\n|turn|5\n|\n|t:|1788275263\n|switch|p2b: Sneasler|Sneasler, L50, F|100/100\n|move|p2a: Sinistcha|Rage Powder|p2a: Sinistcha\n|-singleturn|p2a: Sinistcha|move: Rage Powder\n|cant|p1b: Archaludon|par\n|move|p1a: Sinistcha|Matcha Gotcha|p2b: Sneasler|[spread] p2a,p2b\n|-resisted|p2a: Sinistcha|1\n|-resisted|p2b: Sneasler|1\n|-damage|p2a: Sinistcha|89/100\n|-heal|p1a: Sinistcha|98/100 brn|[from] drain|[of] p2a: Sinistcha\n|-damage|p2b: Sneasler|83/100\n|-heal|p1a: Sinistcha|100/100 brn|[from] drain|[of] p2b: Sneasler\n|-status|p2b: Sneasler|brn\n|\n|-weather|none\n|-damage|p1a: Sinistcha|93/100 brn|[from] brn\n|-damage|p2b: Sneasler|77/100 brn|[from] brn\n|upkeep\n|turn|6\n|\n|t:|1788275277\n|switch|p1b: Dragonite|Dragonite-Mega, L50, M|41/100 par\n|move|p2b: Sneasler|Protect|p2b: Sneasler\n|-singleturn|p2b: Sneasler|Protect\n|move|p1a: Sinistcha|Matcha Gotcha|p2b: Sneasler|[spread] p2a\n|-activate|p2b: Sneasler|move: Protect\n|-resisted|p2a: Sinistcha|1\n|-damage|p2a: Sinistcha|79/100\n|-heal|p1a: Sinistcha|98/100 brn|[from] drain|[of] p2a: Sinistcha\n|move|p2a: Sinistcha|Trick Room|p2a: Sinistcha\n|-fieldend|move: Trick Room\n|\n|-damage|p2b: Sneasler|71/100 brn|[from] brn\n|-damage|p1a: Sinistcha|92/100 brn|[from] brn\n|upkeep\n|turn|7\n|\n|t:|1788275284\n|move|p1a: Sinistcha|Rage Powder|p1a: Sinistcha\n|-singleturn|p1a: Sinistcha|move: Rage Powder\n|move|p2a: Sinistcha|Rage Powder|p2a: Sinistcha\n|-singleturn|p2a: Sinistcha|move: Rage Powder\n|move|p2b: Sneasler|Dire Claw|p1a: Sinistcha\n|-damage|p1a: Sinistcha|75/100 brn\n|cant|p1b: Dragonite|par\n|\n|-damage|p2b: Sneasler|66/100 brn|[from] brn\n|-damage|p1a: Sinistcha|69/100 brn|[from] brn\n|upkeep\n|turn|8\n|\n|t:|1788275294\n|move|p1a: Sinistcha|Rage Powder|p1a: Sinistcha\n|-singleturn|p1a: Sinistcha|move: Rage Powder\n|move|p2b: Sneasler|Dire Claw|p1a: Sinistcha\n|-damage|p1a: Sinistcha|53/100 brn\n|move|p2a: Sinistcha|Matcha Gotcha|p1a: Sinistcha|[spread] p1a,p1b\n|-resisted|p1a: Sinistcha|1\n|-resisted|p1b: Dragonite|2\n|-damage|p1a: Sinistcha|41/100 brn\n|-heal|p2a: Sinistcha|85/100|[from] drain|[of] p1a: Sinistcha\n|-damage|p1b: Dragonite|37/100 par\n|-heal|p2a: Sinistcha|88/100|[from] drain|[of] p1b: Dragonite\n|-enditem|p1a: Sinistcha|Sitrus Berry|[eat]\n|-heal|p1a: Sinistcha|66/100 brn|[from] item: Sitrus Berry\n|move|p1b: Dragonite|Hurricane|p2a: Sinistcha\n|-supereffective|p2a: Sinistcha|1\n|-damage|p2a: Sinistcha|0 fnt\n|faint|p2a: Sinistcha\n|\n|-damage|p2b: Sneasler|60/100 brn|[from] brn\n|-damage|p1a: Sinistcha|60/100 brn|[from] brn\n|upkeep\n|\n|t:|1788275296\n|switch|p2a: Rotom|Rotom-Wash, L50|59/100\n|turn|9\n|\n|t:|1788275308\n|move|p1b: Dragonite|Protect|p1b: Dragonite\n|-singleturn|p1b: Dragonite|Protect\n|move|p2b: Sneasler|Dire Claw|p1b: Dragonite\n|-activate|p1b: Dragonite|move: Protect\n|move|p2a: Rotom|Discharge|p1a: Sinistcha|[spread] p2b,p1a\n|-activate|p1b: Dragonite|move: Protect\n|-resisted|p1a: Sinistcha|1\n|-damage|p2b: Sneasler|21/100 brn\n|-damage|p1a: Sinistcha|47/100 brn\n|move|p1a: Sinistcha|Matcha Gotcha|p2b: Sneasler|[spread] p2a,p2b\n|-supereffective|p2a: Rotom|1\n|-resisted|p2b: Sneasler|1\n|-damage|p2a: Rotom|0 fnt\n|-heal|p1a: Sinistcha|69/100 brn|[from] drain|[of] p2a: Rotom\n|-damage|p2b: Sneasler|4/100 brn\n|-heal|p1a: Sinistcha|76/100 brn|[from] drain|[of] p2b: Sneasler\n|faint|p2a: Rotom\n|\n|-damage|p2b: Sneasler|0 fnt|[from] brn\n|faint|p2b: Sneasler\n|\n|win|gadhadga\n|raw|gadhadga's rating: 1000 &rarr; <strong>1051</strong><br />(+51 for winning)\n|raw|aerielo's rating: 1094 &rarr; <strong>1064</strong><br />(-30 for losing)\n|l|☆aerielo\n|player|p2|\n","uploadtime":1788275311,"views":"11","formatid":"gen9championsvgc2026regmb","rating":1051,"private":0,"password":null}