{"id":"gen9championsvgc2026regmbbo3-2674893633","format":"[Gen 9 Champions] VGC 2026 Reg M-B (Bo3)","players":["perfect days","Pawah"],"log":"|j|☆perfect days\n|j|☆Pawah\n|html|<table width=\"100%\"><tr><td align=\"left\">perfect days</td><td align=\"right\">Pawah</tr><tr><td align=\"left\"><i class=\"fa fa-circle-o\"></i> <i class=\"fa fa-circle-o\"></i> </td><td align=\"right\"><i class=\"fa fa-circle-o\"></i> <i class=\"fa fa-circle\"></i> </tr></table>\n|uhtml|bestof|<h2><strong>Game 2</strong> of <a href=\"/game-bestof3-gen9championsvgc2026regmbbo3-2674892792\">a best-of-3</a></h2>\n|t:|1788430858\n|gametype|doubles\n|player|p1|perfect days|pokemonbreederf-gen4|1160\n|player|p2|Pawah|ethan|1265\n|gen|9\n|tier|[Gen 9 Champions] VGC 2026 Reg M-B (Bo3)\n|rated|\n|rule|Species Clause: Limit one of each Pokémon\n|rule|Item Clause: Limit 1 of each item\n|clearpoke\n|poke|p1|Floette-Eternal, L50, F|\n|poke|p1|Whimsicott, L50, F|\n|poke|p1|Kleavor, L50, F|\n|poke|p1|Basculegion, L50, M|\n|poke|p1|Kingambit, L50, M|\n|poke|p1|Sneasler, L50, M|\n|poke|p2|Staraptor, L50, M|\n|poke|p2|Milotic, L50, F|\n|poke|p2|Tyranitar, L50, M|\n|poke|p2|Gholdengo, L50|\n|poke|p2|Excadrill, L50, M|\n|poke|p2|Sinistcha, L50|\n|teampreview|4\n|showteam|p1|Floette-Eternal||Floettite|FlowerVeil|Moonblast,LightofRuin,DazzlingGleam,Protect|Timid||F|||50|]Whimsicott||OccaBerry|Prankster|Moonblast,Tailwind,Encore,Protect|Timid||F|||50|]Kleavor||FocusSash|Sharpness|StoneAxe,CloseCombat,Feint,Protect|Jolly||F|||50|]Basculegion||LifeOrb|Adaptability|WaveCrash,LastRespects,AquaJet,Protect|Adamant||M|||50|]Kingambit||ChopleBerry|Defiant|KowtowCleave,IronHead,LowKick,SuckerPunch|Adamant||M|||50|]Sneasler||WhiteHerb|Unburden|CloseCombat,DireClaw,FakeOut,Feint|Adamant||M|||50|\n|showteam|p2|Staraptor||Staraptite|Intimidate|BraveBird,CloseCombat,Tailwind,Protect|Jolly||M|||50|]Milotic||SitrusBerry|Competitive|Scald,IceBeam,IcyWind,Recover|Modest||F|||50|]Tyranitar||Tyranitarite|SandStream|RockSlide,KnockOff,LowKick,Protect|Adamant||M|||50|]Gholdengo||LifeOrb|GoodasGold|ShadowBall,MakeItRain,NastyPlot,Protect|Modest|||||50|]Excadrill||FocusSash|SandRush|HighHorsepower,IronHead,RockSlide,Protect|Adamant||M|||50|]Sinistcha||ColburBerry|Hospitality|MatchaGotcha,RagePowder,TrickRoom,Protect|Bold|||||50|\n|inactive|Battle timer is ON: inactive players will automatically lose when time's up. (requested by Pawah)\n|inactive|Pawah has 60 seconds left.\n|\n|t:|1788430899\n|teamsize|p1|4\n|teamsize|p2|4\n|start\n|switch|p1a: the outside|Whimsicott, L50, F|100/100\n|switch|p1b: haunted|Basculegion, L50, M|100/100\n|switch|p2a: Tyranitar|Tyranitar, L50, M|100/100\n|switch|p2b: Sinistcha|Sinistcha, L50|100/100\n|-weather|Sandstorm|[from] ability: Sand Stream|[of] p2a: Tyranitar\n|turn|1\n|\n|t:|1788430912\n|detailschange|p2a: Tyranitar|Tyranitar-Mega, L50, M\n|-mega|p2a: Tyranitar|Tyranitar|Tyranitarite\n|move|p1b: haunted|Protect|p1b: haunted\n|-singleturn|p1b: haunted|Protect\n|move|p1a: the outside|Tailwind|p1a: the outside\n|-sidestart|p1: perfect days|move: Tailwind\n|move|p2a: Tyranitar|Low Kick|p1b: haunted\n|-activate|p1b: haunted|move: Protect\n|move|p2b: Sinistcha|Matcha Gotcha|p1b: haunted|[spread] p1a\n|-activate|p1b: haunted|move: Protect\n|-resisted|p1a: the outside|1\n|-damage|p1a: the outside|85/100\n|-status|p1a: the outside|brn\n|\n|-weather|Sandstorm|[upkeep]\n|-damage|p1a: the outside|79/100 brn|[from] Sandstorm\n|-damage|p1b: haunted|93/100|[from] Sandstorm\n|-damage|p2b: Sinistcha|93/100|[from] Sandstorm\n|-damage|p1a: the outside|73/100 brn|[from] brn\n|upkeep\n|turn|2\n|\n|t:|1788430925\n|move|p2b: Sinistcha|Rage Powder|p2b: Sinistcha\n|-singleturn|p2b: Sinistcha|move: Rage Powder\n|move|p1a: the outside|Moonblast|p2a: Tyranitar\n|-supereffective|p2a: Tyranitar|1\n|-damage|p2a: Tyranitar|70/100\n|move|p1b: haunted|Last Respects|p2b: Sinistcha\n|-supereffective|p2b: Sinistcha|1\n|-damage|p2b: Sinistcha|23/100\n|-damage|p1b: haunted|84/100|[from] item: Life Orb\n|move|p2a: Tyranitar|Knock Off|p1b: haunted\n|-supereffective|p1b: haunted|1\n|-damage|p1b: haunted|0 fnt\n|-enditem|p1b: haunted|Life Orb|[from] move: Knock Off|[of] p2a: Tyranitar\n|faint|p1b: haunted\n|\n|-weather|Sandstorm|[upkeep]\n|-damage|p1a: the outside|67/100 brn|[from] Sandstorm\n|-damage|p2b: Sinistcha|17/100|[from] Sandstorm\n|-damage|p1a: the outside|61/100 brn|[from] brn\n|upkeep\n|\n|t:|1788430930\n|switch|p1b: as above|Floette-Eternal, L50, F|100/100\n|turn|3\n|\n|t:|1788430940\n|switch|p2b: Gholdengo|Gholdengo, L50|100/100\n|detailschange|p1b: as above|Floette-Mega, L50, F\n|-mega|p1b: as above|Floette|Floettite\n|-ability|p1b: as above|Fairy Aura\n|move|p2a: Tyranitar|Protect|p2a: Tyranitar\n|-singleturn|p2a: Tyranitar|Protect\n|move|p1a: the outside|Moonblast|p2b: Gholdengo\n|-resisted|p2b: Gholdengo|1\n|-damage|p2b: Gholdengo|82/100\n|move|p1b: as above|Moonblast|p2a: Tyranitar\n|-activate|p2a: Tyranitar|move: Protect\n|\n|-weather|Sandstorm|[upkeep]\n|-damage|p1a: the outside|55/100 brn|[from] Sandstorm\n|-damage|p1b: as above|94/100|[from] Sandstorm\n|-damage|p1a: the outside|49/100 brn|[from] brn\n|upkeep\n|turn|4\n|\n|t:|1788430951\n|switch|p1a: still standing|Kingambit, L50, M|100/100\n|switch|p2a: Excadrill|Excadrill, L50, M|100/100\n|move|p1b: as above|Protect|p1b: as above\n|-singleturn|p1b: as above|Protect\n|move|p2b: Gholdengo|Make It Rain|p1a: still standing|[spread] p1a\n|-activate|p1b: as above|move: Protect\n|-resisted|p1a: still standing|1\n|-damage|p1a: still standing|70/100\n|-unboost|p2b: Gholdengo|spa|2\n|-damage|p2b: Gholdengo|72/100|[from] item: Life Orb\n|\n|-weather|Sandstorm|[upkeep]\n|-damage|p1b: as above|88/100|[from] Sandstorm\n|-sideend|p1: perfect days|move: Tailwind\n|upkeep\n|turn|5\n|\n|t:|1788430976\n|switch|p1b: the outside|Whimsicott, L50, F|49/100 brn\n|move|p2a: Excadrill|High Horsepower|p1a: still standing\n|-supereffective|p1a: still standing|1\n|-damage|p1a: still standing|0 fnt\n|faint|p1a: still standing\n|move|p2b: Gholdengo|Nasty Plot|p2b: Gholdengo\n|-boost|p2b: Gholdengo|spa|2\n|\n|-weather|none\n|-damage|p1b: the outside|43/100 brn|[from] brn\n|upkeep\n|\n|t:|1788430978\n|switch|p1a: as above|Floette-Mega, L50, F|88/100\n|-ability|p1a: as above|Fairy Aura\n|turn|6\n|\n|t:|1788431001\n|switch|p2a: Sinistcha|Sinistcha, L50|17/100\n|-heal|p2b: Gholdengo|97/100|[from] ability: Hospitality|[of] p2a: Sinistcha\n|move|p1a: as above|Protect|p1a: as above\n|-singleturn|p1a: as above|Protect\n|move|p1b: the outside|Tailwind|p1b: the outside\n|-sidestart|p1: perfect days|move: Tailwind\n|move|p2b: Gholdengo|Make It Rain|p1a: as above|[spread] p1b\n|-activate|p1a: as above|move: Protect\n|-supereffective|p1b: the outside|1\n|-damage|p1b: the outside|0 fnt\n|-unboost|p2b: Gholdengo|spa|2\n|faint|p1b: the outside\n|-damage|p2b: Gholdengo|87/100|[from] item: Life Orb\n|\n|upkeep\n|turn|7\n|inactive|perfect days has 30 seconds left.\n|inactive|perfect days has 20 seconds left.\n|inactive|perfect days has 15 seconds left.\n|inactive|perfect days has 10 seconds left.\n|inactive|perfect days has 5 seconds left.\n|\n|t:|1788431056\n|move|p2a: Sinistcha|Rage Powder|p2a: Sinistcha\n|-singleturn|p2a: Sinistcha|move: Rage Powder\n|move|p1a: as above|Moonblast|p2a: Sinistcha\n|-damage|p2a: Sinistcha|0 fnt\n|faint|p2a: Sinistcha\n|move|p2b: Gholdengo|Make It Rain|p1a: as above\n|-supereffective|p1a: as above|1\n|-damage|p1a: as above|8/100\n|-unboost|p2b: Gholdengo|spa|2\n|-damage|p2b: Gholdengo|78/100|[from] item: Life Orb\n|\n|upkeep\n|\n|t:|1788431064\n|switch|p2a: Excadrill|Excadrill, L50, M|100/100\n|turn|8\n|\n|t:|1788431068\n|move|p1a: as above|Dazzling Gleam|p2b: Gholdengo|[spread] p2a,p2b\n|-resisted|p2a: Excadrill|1\n|-resisted|p2b: Gholdengo|1\n|-damage|p2a: Excadrill|66/100\n|-damage|p2b: Gholdengo|54/100\n|move|p2a: Excadrill|Iron Head|p1a: as above\n|-supereffective|p1a: as above|1\n|-damage|p1a: as above|0 fnt\n|faint|p1a: as above\n|\n|win|Pawah\n|raw|perfect days's rating: 1160 &rarr; <strong>1142</strong><br />(-18 for losing)\n|raw|Pawah's rating: 1265 &rarr; <strong>1283</strong><br />(+18 for winning)\n","uploadtime":1788431069,"views":"1","formatid":"gen9championsvgc2026regmbbo3","rating":1142,"private":0,"password":null}