{"id":"gen9championsvgc2026regmb-2674850326","format":"[Gen 9 Champions] VGC 2026 Reg M-B","players":["copper233024","An0nymoose"],"log":"|j|☆copper233024\n|j|☆An0nymoose\n|t:|1788420921\n|gametype|doubles\n|player|p1|copper233024|hilda-wonderlauncher|1114\n|player|p2|An0nymoose|fisherman-gen4|1089\n|gen|9\n|tier|[Gen 9 Champions] VGC 2026 Reg M-B\n|rated|\n|rule|Species Clause: Limit one of each Pokémon\n|rule|Item Clause: Limit 1 of each item\n|clearpoke\n|poke|p1|Lucario, L50, M|\n|poke|p1|Ninetales-Alola, L50, M|\n|poke|p1|Garchomp, L50, F|\n|poke|p1|Basculegion, L50, M|\n|poke|p1|Rotom-Wash, L50|\n|poke|p1|Sinistcha-Masterpiece, L50|\n|poke|p2|Audino, L50, M|\n|poke|p2|Alcremie, L50, F|\n|poke|p2|Torkoal, L50, M|\n|poke|p2|Falinks, L50|\n|poke|p2|Blastoise, L50, F|\n|poke|p2|Oranguru, L50, F|\n|teampreview|4\n|inactive|Battle timer is ON: inactive players will automatically lose when time's up. (requested by An0nymoose)\ncopper233024 rejected open team sheets.\n|inactive|An0nymoose has 60 seconds left.\n|\n|t:|1788420956\n|teamsize|p1|4\n|teamsize|p2|4\n|start\n|switch|p1a: Garchomp|Garchomp, L50, F|100/100\n|switch|p1b: Lucario|Lucario, L50, M|100/100\n|switch|p2a: Audino|Audino, L50, M|100/100\n|switch|p2b: Torkoal|Torkoal, L50, M|100/100\n|-weather|SunnyDay|[from] ability: Drought|[of] p2b: Torkoal\n|turn|1\n|\n|t:|1788420978\n|detailschange|p1b: Lucario|Lucario-Mega, L50, M\n|-mega|p1b: Lucario|Lucario|Lucarionite\n|move|p1b: Lucario|Meteor Mash|p2a: Audino\n|-damage|p2a: Audino|39/100\n|move|p1a: Garchomp|Rock Slide|p2a: Audino|[spread] p2a,p2b\n|-crit|p2a: Audino\n|-supereffective|p2b: Torkoal|1\n|-damage|p2a: Audino|9/100\n|-damage|p2b: Torkoal|71/100\n|cant|p2a: Audino|flinch\n|cant|p2b: Torkoal|flinch\n|\n|-weather|SunnyDay|[upkeep]\n|upkeep\n|turn|2\n|inactive|An0nymoose has 30 seconds left.\n|\n|t:|1788421005\n|move|p1b: Lucario|Meteor Mash|p2b: Torkoal\n|-resisted|p2b: Torkoal|1\n|-damage|p2b: Torkoal|46/100\n|move|p1a: Garchomp|Rock Slide|p2b: Torkoal|[spread] p2b\n|-miss|p1a: Garchomp|p2a: Audino\n|-supereffective|p2b: Torkoal|1\n|-damage|p2b: Torkoal|18/100\n|move|p2a: Audino|Simple Beam|p2b: Torkoal\n|-ability|p2b: Torkoal|Simple|Drought|[from] move: Simple Beam\n|move|p2b: Torkoal|Shell Smash|p2b: Torkoal\n|-unboost|p2b: Torkoal|def|2\n|-unboost|p2b: Torkoal|spd|2\n|-boost|p2b: Torkoal|atk|4\n|-boost|p2b: Torkoal|spa|4\n|-boost|p2b: Torkoal|spe|4\n|-enditem|p2b: Torkoal|White Herb\n|-clearnegativeboost|p2b: Torkoal|[silent]\n|\n|-weather|SunnyDay|[upkeep]\n|upkeep\n|turn|3\n|c|☆copper233024|wow\n|inactive|An0nymoose has 30 seconds left.\n|c|☆copper233024|very nice\n|inactive|An0nymoose has 20 seconds left.\n|\n|t:|1788421044\n|move|p1b: Lucario|Extreme Speed|p2b: Torkoal\n|-damage|p2b: Torkoal|0 fnt\n|faint|p2b: Torkoal\n|move|p1a: Garchomp|Rock Slide|p2a: Audino|[miss]\n|-miss|p1a: Garchomp|p2a: Audino\n|move|p2a: Audino|Body Slam|p1b: Lucario\n|-resisted|p1b: Lucario|1\n|-damage|p1b: Lucario|87/100\n|-status|p1b: Lucario|par\n|\n|-weather|SunnyDay|[upkeep]\n|upkeep\n|\n|t:|1788421058\n|switch|p2b: Falinks|Falinks, L50|100/100\n|turn|4\n|\n|t:|1788421072\n|detailschange|p2b: Falinks|Falinks-Mega, L50\n|-mega|p2b: Falinks|Falinks|Falinksite\n|move|p1a: Garchomp|Protect|p1a: Garchomp\n|-singleturn|p1a: Garchomp|Protect\n|move|p1b: Lucario|Extreme Speed|p2a: Audino\n|-damage|p2a: Audino|0 fnt\n|faint|p2a: Audino\n|move|p2b: Falinks|No Retreat|p2b: Falinks\n|-boost|p2b: Falinks|atk|1\n|-boost|p2b: Falinks|def|1\n|-boost|p2b: Falinks|spa|1\n|-boost|p2b: Falinks|spd|1\n|-boost|p2b: Falinks|spe|1\n|-start|p2b: Falinks|move: No Retreat\n|\n|-weather|SunnyDay|[upkeep]\n|upkeep\n|c|☆An0nymoose|Nice idea but you stopped it\n|\n|t:|1788421089\n|switch|p2a: Alcremie|Alcremie, L50, F|100/100\n|turn|5\n|c|☆copper233024|yh ik\n|inactive|copper233024 has 30 seconds left.\n|inactive|copper233024 has 20 seconds left.\n|\n|t:|1788421125\n|switch|p1b: Ninetales|Ninetales-Alola, L50, M|100/100\n|-weather|Snowscape|[from] ability: Snow Warning|[of] p1b: Ninetales\n|move|p1a: Garchomp|Dragon Claw|p2b: Falinks\n|-damage|p2b: Falinks|82/100\n|move|p2b: Falinks|Brick Break|p1a: Garchomp\n|-damage|p1a: Garchomp|45/100\n|-damage|p2b: Falinks|69/100|[from] ability: Rough Skin|[of] p1a: Garchomp\n|move|p2a: Alcremie|Decorate|p2b: Falinks\n|-boost|p2b: Falinks|atk|2\n|-boost|p2b: Falinks|spa|2\n|\n|-weather|Snowscape|[upkeep]\n|upkeep\n|turn|6\n|\n|t:|1788421145\n|move|p1a: Garchomp|Protect|p1a: Garchomp\n|-singleturn|p1a: Garchomp|Protect\n|move|p1b: Ninetales|Aurora Veil|p1b: Ninetales\n|-sidestart|p1: copper233024|move: Aurora Veil\n|move|p2b: Falinks|Iron Head|p1b: Ninetales\n|-supereffective|p1b: Ninetales|2\n|-damage|p1b: Ninetales|0 fnt\n|faint|p1b: Ninetales\n|move|p2a: Alcremie|Imprison|p2a: Alcremie\n|-start|p2a: Alcremie|move: Imprison\n|\n|-weather|Snowscape|[upkeep]\n|upkeep\n|\n|t:|1788421159\n|switch|p1b: Sinistcha|Sinistcha-Masterpiece, L50|100/100\n|-heal|p1a: Garchomp|70/100|[from] ability: Hospitality|[of] p1b: Sinistcha\n|turn|7\n|inactive|copper233024 has 30 seconds left.\n|inactive|copper233024 has 20 seconds left.\n|\n|t:|1788421196\n|move|p1a: Garchomp|Rock Slide|p2b: Falinks|[spread] p2a,p2b\n|-resisted|p2b: Falinks|1\n|-damage|p2a: Alcremie|74/100\n|-damage|p2b: Falinks|66/100\n|move|p2b: Falinks|Knock Off|p1b: Sinistcha\n|-supereffective|p1b: Sinistcha|1\n|-damage|p1b: Sinistcha|32/100\n|-enditem|p1b: Sinistcha|Leftovers|[from] move: Knock Off|[of] p2b: Falinks\n|cant|p2a: Alcremie|flinch\n|move|p1b: Sinistcha|Matcha Gotcha|p2b: Falinks|[spread] p2a,p2b\n|-damage|p2a: Alcremie|51/100\n|-heal|p1b: Sinistcha|43/100|[from] drain|[of] p2a: Alcremie\n|-damage|p2b: Falinks|42/100\n|-heal|p1b: Sinistcha|55/100|[from] drain|[of] p2b: Falinks\n|-status|p2b: Falinks|brn\n|\n|-weather|Snowscape|[upkeep]\n|-damage|p2b: Falinks|36/100 brn|[from] brn\n|upkeep\n|turn|8\n|c|☆copper233024|vamos\n|\n|t:|1788421218\n|move|p1a: Garchomp|Rock Slide|p2b: Falinks|[spread] p2a,p2b\n|-resisted|p2b: Falinks|1\n|-damage|p2a: Alcremie|25/100\n|-damage|p2b: Falinks|31/100 brn\n|move|p2b: Falinks|Knock Off|p1b: Sinistcha\n|-supereffective|p1b: Sinistcha|1\n|-damage|p1b: Sinistcha|32/100\n|move|p2a: Alcremie|Dazzling Gleam|p1b: Sinistcha|[spread] p1a,p1b\n|-supereffective|p1a: Garchomp|1\n|-damage|p1a: Garchomp|34/100\n|-damage|p1b: Sinistcha|13/100\n|move|p1b: Sinistcha|Matcha Gotcha|p2a: Alcremie|[spread] p2b\n|-miss|p1b: Sinistcha|p2a: Alcremie\n|-damage|p2b: Falinks|6/100 brn\n|-heal|p1b: Sinistcha|25/100|[from] drain|[of] p2b: Falinks\n|\n|-weather|Snowscape|[upkeep]\n|-damage|p2b: Falinks|1/100 brn|[from] brn\n|upkeep\n|turn|9\n|c|☆copper233024|gg\n|c|☆copper233024|nice team\n|\n|t:|1788421239\n|move|p1a: Garchomp|Rock Slide|p2a: Alcremie|[spread] p2a,p2b\n|-resisted|p2b: Falinks|1\n|-damage|p2a: Alcremie|1/100\n|-damage|p2b: Falinks|0 fnt\n|faint|p2b: Falinks\n|move|p2a: Alcremie|Dazzling Gleam|p1a: Garchomp|[spread] p1a,p1b\n|-supereffective|p1a: Garchomp|1\n|-damage|p1a: Garchomp|0 fnt\n|-damage|p1b: Sinistcha|6/100\n|faint|p1a: Garchomp\n|move|p1b: Sinistcha|Matcha Gotcha|p2a: Alcremie\n|-damage|p2a: Alcremie|0 fnt\n|-heal|p1b: Sinistcha|7/100|[from] drain|[of] p2a: Alcremie\n|faint|p2a: Alcremie\n|\n|win|copper233024\n|raw|copper233024's rating: 1114 &rarr; <strong>1137</strong><br />(+23 for winning)\n|raw|An0nymoose's rating: 1089 &rarr; <strong>1067</strong><br />(-22 for losing)\n|c|☆An0nymoose|Gg thanks you too\n","uploadtime":1788421250,"views":"1","formatid":"gen9championsvgc2026regmb","rating":1067,"private":0,"password":null}