{"id":"gen9championsvgc2026regmb-2674396358","format":"[Gen 9 Champions] VGC 2026 Reg M-B","players":["brassiyagi","Pooooder34"],"log":"|j|☆brassiyagi\n|j|☆Pooooder34\n|t:|1788354502\n|gametype|doubles\n|player|p1|brassiyagi|boarder|1395\n|player|p2|Pooooder34|2|1425\n|gen|9\n|tier|[Gen 9 Champions] VGC 2026 Reg M-B\n|rated|\n|rule|Species Clause: Limit one of each Pokémon\n|rule|Item Clause: Limit 1 of each item\n|clearpoke\n|poke|p1|Sneasler, L50, M, shiny|\n|poke|p1|Farigiraf, L50, F|\n|poke|p1|Blastoise, L50, F|\n|poke|p1|Tyranitar, L50, M|\n|poke|p1|Torkoal, L50, F|\n|poke|p1|Politoed, L50, F|\n|poke|p2|Staraptor, L50, F|\n|poke|p2|Houndstone, L50, M|\n|poke|p2|Tyranitar, L50, F|\n|poke|p2|Rotom-Wash, L50|\n|poke|p2|Excadrill, L50, F|\n|poke|p2|Venusaur, L50, M|\n|teampreview|4\n|\n|t:|1788354530\n|teamsize|p1|4\n|teamsize|p2|4\n|start\n|switch|p1a: Farigiraf|Farigiraf, L50, F|100/100\n|switch|p1b: Blastoise|Blastoise, L50, F|100/100\n|switch|p2a: Staraptor|Staraptor, L50, F|100/100\n|switch|p2b: Excadrill|Excadrill, L50, F|100/100\n|-ability|p2a: Staraptor|Intimidate|boost\n|-unboost|p1a: Farigiraf|atk|1\n|-unboost|p1b: Blastoise|atk|1\n|turn|1\n|\n|t:|1788354551\n|detailschange|p2a: Staraptor|Staraptor-Mega, L50, F\n|-mega|p2a: Staraptor|Staraptor|Staraptite\n|detailschange|p1b: Blastoise|Blastoise-Mega, L50, F\n|-mega|p1b: Blastoise|Blastoise|Blastoisinite\n|move|p1b: Blastoise|Fake Out|p2b: Excadrill\n|-resisted|p2b: Excadrill|1\n|-damage|p2b: Excadrill|95/100\n|move|p2a: Staraptor|Close Combat|p1a: Farigiraf\n|-crit|p1a: Farigiraf\n|-damage|p1a: Farigiraf|36/100\n|-boost|p2a: Staraptor|def|1\n|-boost|p2a: Staraptor|spd|1\n|-enditem|p1a: Farigiraf|Sitrus Berry|[eat]\n|-heal|p1a: Farigiraf|61/100|[from] item: Sitrus Berry\n|cant|p2b: Excadrill|flinch\n|move|p1a: Farigiraf|Trick Room|p1a: Farigiraf\n|-fieldstart|move: Trick Room|[of] p1a: Farigiraf\n|\n|upkeep\n|turn|2\n|\n|t:|1788354591\n|switch|p1a: Politoed|Politoed, L50, F|100/100\n|-weather|RainDance|[from] ability: Drizzle|[of] p1a: Politoed\n|move|p2b: Excadrill|Protect|p2b: Excadrill\n|-singleturn|p2b: Excadrill|Protect\n|move|p1b: Blastoise|Water Spout|p2b: Excadrill|[spread] p2a\n|-activate|p2b: Excadrill|move: Protect\n|-damage|p2a: Staraptor|36/100\n|move|p2a: Staraptor|Close Combat|p1b: Blastoise\n|-damage|p1b: Blastoise|57/100\n|-boost|p2a: Staraptor|def|1\n|-boost|p2a: Staraptor|spd|1\n|\n|-weather|RainDance|[upkeep]\n|upkeep\n|turn|3\n|\n|t:|1788354611\n|switch|p2b: Tyranitar|Tyranitar, L50, F|100/100\n|-weather|Sandstorm|[from] ability: Sand Stream|[of] p2b: Tyranitar\n|move|p2a: Staraptor|Protect|p2a: Staraptor\n|-singleturn|p2a: Staraptor|Protect\n|move|p1a: Politoed|Ice Beam|p2a: Staraptor\n|-activate|p2a: Staraptor|move: Protect\n|move|p1b: Blastoise|Water Spout|p2b: Tyranitar|[spread] p2b\n|-activate|p2a: Staraptor|move: Protect\n|-supereffective|p2b: Tyranitar|1\n|-damage|p2b: Tyranitar|41/100\n|\n|-weather|Sandstorm|[upkeep]\n|-damage|p1a: Politoed|93/100|[from] Sandstorm\n|-damage|p1b: Blastoise|51/100|[from] Sandstorm\n|-damage|p2a: Staraptor|30/100|[from] Sandstorm\n|-heal|p1a: Politoed|100/100|[from] item: Leftovers\n|upkeep\n|turn|4\n|\n|t:|1788354634\n|move|p1a: Politoed|Ice Beam|p2a: Staraptor\n|-supereffective|p2a: Staraptor|1\n|-damage|p2a: Staraptor|6/100\n|-status|p2a: Staraptor|frz\n|move|p1b: Blastoise|Water Spout|p2b: Tyranitar|[spread] p2a,p2b\n|-supereffective|p2b: Tyranitar|1\n|-damage|p2a: Staraptor|0 fnt\n|-damage|p2b: Tyranitar|0 fnt\n|faint|p2a: Staraptor\n|faint|p2b: Tyranitar\n|\n|-weather|Sandstorm|[upkeep]\n|-damage|p1a: Politoed|93/100|[from] Sandstorm\n|-damage|p1b: Blastoise|45/100|[from] Sandstorm\n|-heal|p1a: Politoed|100/100|[from] item: Leftovers\n|upkeep\n|\n|t:|1788354640\n|switch|p2b: Rotom|Rotom-Wash, L50|100/100\n|switch|p2a: Excadrill|Excadrill, L50, F|95/100\n|turn|5\n|\n|t:|1788354656\n|move|p2a: Excadrill|Protect|p2a: Excadrill\n|-singleturn|p2a: Excadrill|Protect\n|move|p1a: Politoed|Perish Song|p1a: Politoed\n|-start|p1a: Politoed|perish3|[silent]\n|-start|p1b: Blastoise|perish3|[silent]\n|-start|p2a: Excadrill|perish3|[silent]\n|-start|p2b: Rotom|perish3|[silent]\n|-fieldactivate|move: Perish Song\n|move|p1b: Blastoise|Water Spout|p2b: Rotom|[spread] p2b\n|-activate|p2a: Excadrill|move: Protect\n|-resisted|p2b: Rotom|1\n|-damage|p2b: Rotom|84/100\n|move|p2b: Rotom|Thunderbolt|p1a: Politoed\n|-supereffective|p1a: Politoed|1\n|-damage|p1a: Politoed|20/100y\n|\n|-weather|Sandstorm|[upkeep]\n|-damage|p1a: Politoed|14/100|[from] Sandstorm\n|-damage|p1b: Blastoise|39/100|[from] Sandstorm\n|-damage|p2b: Rotom|78/100|[from] Sandstorm\n|-heal|p1a: Politoed|20/100y|[from] item: Leftovers\n|-start|p1a: Politoed|perish3\n|-start|p1b: Blastoise|perish3\n|-start|p2b: Rotom|perish3\n|-start|p2a: Excadrill|perish3\n|-fieldend|move: Trick Room\n|upkeep\n|turn|6\n|\n|t:|1788354685\n|move|p1a: Politoed|Protect|p1a: Politoed\n|-singleturn|p1a: Politoed|Protect\n|move|p2a: Excadrill|Earthquake|p1a: Politoed|[spread] p1b\n|-activate|p1a: Politoed|move: Protect\n|-immune|p2b: Rotom|[from] ability: Levitate\n|-damage|p1b: Blastoise|6/100\n|move|p2b: Rotom|Thunderbolt|p1b: Blastoise\n|-supereffective|p1b: Blastoise|1\n|-damage|p1b: Blastoise|0 fnt\n|faint|p1b: Blastoise\n|\n|-weather|Sandstorm|[upkeep]\n|-damage|p2b: Rotom|73/100|[from] Sandstorm\n|-damage|p1a: Politoed|14/100|[from] Sandstorm\n|-heal|p1a: Politoed|20/100y|[from] item: Leftovers\n|-start|p2a: Excadrill|perish2\n|-start|p2b: Rotom|perish2\n|-start|p1a: Politoed|perish2\n|upkeep\n|\n|t:|1788354708\n|switch|p1b: Farigiraf|Farigiraf, L50, F|61/100\n|turn|7\n|\n|t:|1788354715\n|move|p1a: Politoed|Protect||[still]\n|-fail|p1a: Politoed\n|move|p2a: Excadrill|Earthquake|p1b: Farigiraf|[spread] p1a,p1b\n|-immune|p2b: Rotom|[from] ability: Levitate\n|-damage|p1a: Politoed|0 fnt\n|-damage|p1b: Farigiraf|28/100\n|faint|p1a: Politoed\n|move|p2b: Rotom|Thunderbolt|p1b: Farigiraf\n|-damage|p1b: Farigiraf|0 fnt\n|faint|p1b: Farigiraf\n|\n|-weather|none\n|-start|p2a: Excadrill|perish1\n|-start|p2b: Rotom|perish1\n|upkeep\n|\n|t:|1788354731\n|switch|p1a: Torkoal|Torkoal, L50, F|100/100\n|-weather|SunnyDay|[from] ability: Drought|[of] p1a: Torkoal\n|turn|8\n|\n|t:|1788354745\n|move|p1a: Torkoal|Protect|p1a: Torkoal\n|-singleturn|p1a: Torkoal|Protect\n|move|p2a: Excadrill|Earthquake|p1a: Torkoal|[spread] \n|-activate|p1a: Torkoal|move: Protect\n|-immune|p2b: Rotom|[from] ability: Levitate\n|move|p2b: Rotom|Thunderbolt|p1a: Torkoal\n|-activate|p1a: Torkoal|move: Protect\n|\n|-weather|SunnyDay|[upkeep]\n|-start|p2a: Excadrill|perish0\n|-start|p2b: Rotom|perish0\n|faint|p2a: Excadrill\n|faint|p2b: Rotom\n|\n|win|brassiyagi\n|raw|brassiyagi's rating: 1395 &rarr; <strong>1417</strong><br />(+22 for winning)\n|raw|Pooooder34's rating: 1425 &rarr; <strong>1403</strong><br />(-22 for losing)\n","uploadtime":1788354751,"views":"0","formatid":"gen9championsvgc2026regmb","rating":1403,"private":0,"password":null}