{"id":"gen9championsvgc2026regmbbo3-2674086741","format":"[Gen 9 Champions] VGC 2026 Reg M-B (Bo3)","players":["freshveggies2","StollenAF"],"log":"|j|☆freshveggies2\n|j|☆StollenAF\n|html|<table width=\"100%\"><tr><td align=\"left\">freshveggies2</td><td align=\"right\">StollenAF</tr><tr><td align=\"left\"><i class=\"fa fa-circle-o\"></i> <i class=\"fa fa-circle-o\"></i> </td><td align=\"right\"><i class=\"fa fa-circle-o\"></i> <i class=\"fa fa-circle-o\"></i> </tr></table>\n|uhtml|bestof|<h2><strong>Game 1</strong> of <a href=\"/game-bestof3-gen9championsvgc2026regmbbo3-2674086739\">a best-of-3</a></h2>\n|t:|1788297295\n|gametype|doubles\n|player|p1|freshveggies2|102|\n|player|p2|StollenAF|red|\n|gen|9\n|tier|[Gen 9 Champions] VGC 2026 Reg M-B (Bo3)\n|rule|Species Clause: Limit one of each Pokémon\n|rule|Item Clause: Limit 1 of each item\n|raw|<div class=\"infobox\"><details class=\"readmore\" open><summary><strong>1 custom rule:</strong></summary> !Force Open Team Sheets</details></div>\n|clearpoke\n|poke|p1|Delphox, L50, F|\n|poke|p1|Meowscarada, L50, M|\n|poke|p1|Staraptor, L50, M|\n|poke|p1|Vivillon, L50, F|\n|poke|p1|Goodra-Hisui, L50, F|\n|poke|p1|Diggersby, L50, F|\n|poke|p2|Kingambit, L50, M, shiny|\n|poke|p2|Sneasler, L50, M, shiny|\n|poke|p2|Dragonite, L50, M, shiny|\n|poke|p2|Froslass, L50, F, shiny|\n|poke|p2|Kleavor, L50, M, shiny|\n|poke|p2|Slowking, L50, M, shiny|\n|teampreview|4\n|inactive|Battle timer is ON: inactive players will automatically lose when time's up. (requested by StollenAF)\n|c|☆freshveggies2|glhf\n|c|☆StollenAF|u2\n|inactive|freshveggies2 has 60 seconds left.\n|inactive|StollenAF has 60 seconds left.\n|inactive|freshveggies2 has 30 seconds left.\n|inactive|freshveggies2 has 20 seconds left.\n|\n|t:|1788297372\n|teamsize|p1|4\n|teamsize|p2|4\n|start\n|switch|p1a: Delphox|Delphox, L50, F|100/100\n|switch|p1b: Vivillon|Vivillon, L50, F|100/100\n|switch|p2a: Froslass|Froslass, L50, F, shiny|100/100\n|switch|p2b: Kleavor|Kleavor, L50, M, shiny|100/100\n|turn|1\n|inactive|freshveggies2 has 30 seconds left.\n|inactive|freshveggies2 has 20 seconds left.\n|\n|t:|1788297409\n|detailschange|p1a: Delphox|Delphox-Mega, L50, F\n|-mega|p1a: Delphox|Delphox|Delphoxite\n|move|p2a: Froslass|Protect|p2a: Froslass\n|-singleturn|p2a: Froslass|Protect\n|move|p1b: Vivillon|Rage Powder|p1b: Vivillon\n|-singleturn|p1b: Vivillon|move: Rage Powder\n|move|p1a: Delphox|Heat Wave|p2b: Kleavor|[spread] \n|-activate|p2a: Froslass|move: Protect\n|-miss|p1a: Delphox|p2b: Kleavor\n|move|p2b: Kleavor|Tailwind|p2b: Kleavor\n|-sidestart|p2: StollenAF|move: Tailwind\n|\n|upkeep\n|turn|2\n|j| Criee\n|inactive|freshveggies2 has 30 seconds left.\n|inactive|StollenAF has 30 seconds left.\n|inactive|freshveggies2 has 20 seconds left.\n|inactive|StollenAF has 20 seconds left.\n|inactive|freshveggies2 has 15 seconds left.\n|inactive|freshveggies2 has 10 seconds left.\n|\n|t:|1788297459\n|detailschange|p2a: Froslass|Froslass-Mega, L50, F, shiny\n|-mega|p2a: Froslass|Froslass|Froslassite\n|-weather|Snowscape|[from] ability: Snow Warning|[of] p2a: Froslass\n|move|p1a: Delphox|Protect|p1a: Delphox\n|-singleturn|p1a: Delphox|Protect\n|move|p1b: Vivillon|Protect|p1b: Vivillon\n|-singleturn|p1b: Vivillon|Protect\n|move|p2a: Froslass|Blizzard|p1b: Vivillon|[spread] \n|-activate|p1a: Delphox|move: Protect\n|-activate|p1b: Vivillon|move: Protect\n|move|p2b: Kleavor|Stone Axe|p1b: Vivillon\n|-activate|p1b: Vivillon|move: Protect\n|\n|-weather|Snowscape|[upkeep]\n|upkeep\n|turn|3\n|\n|t:|1788297478\n|move|p2a: Froslass|Protect|p2a: Froslass\n|-singleturn|p2a: Froslass|Protect\n|move|p1b: Vivillon|Rage Powder|p1b: Vivillon\n|-singleturn|p1b: Vivillon|move: Rage Powder\n|move|p2b: Kleavor|Stone Axe|p1b: Vivillon\n|-supereffective|p1b: Vivillon|2\n|-enditem|p1b: Vivillon|Focus Sash\n|-damage|p1b: Vivillon|1/100\n|-sidestart|p1: freshveggies2|move: Stealth Rock\n|move|p1a: Delphox|Substitute|p1a: Delphox\n|-start|p1a: Delphox|Substitute\n|-damage|p1a: Delphox|75/100\n|\n|-weather|Snowscape|[upkeep]\n|upkeep\n|turn|4\n|inactive|freshveggies2 has 30 seconds left.\n|inactive|freshveggies2 has 20 seconds left.\n|\n|t:|1788297516\n|move|p1a: Delphox|Protect|p1a: Delphox\n|-singleturn|p1a: Delphox|Protect\n|move|p2a: Froslass|Blizzard|p1a: Delphox|[spread] p1b\n|-activate|p1a: Delphox|move: Protect\n|-supereffective|p1b: Vivillon|1\n|-damage|p1b: Vivillon|0 fnt\n|faint|p1b: Vivillon\n|move|p2b: Kleavor|Stone Axe|p1a: Delphox\n|-activate|p1a: Delphox|move: Protect\n|\n|-weather|Snowscape|[upkeep]\n|-sideend|p2: StollenAF|move: Tailwind\n|upkeep\n|\n|t:|1788297522\n|switch|p1b: Diggersby|Diggersby, L50, F|100/100\n|-damage|p1b: Diggersby|93/100|[from] Stealth Rock\n|turn|5\n|\n|t:|1788297526\n|move|p2a: Froslass|Protect|p2a: Froslass\n|-singleturn|p2a: Froslass|Protect\n|move|p1b: Diggersby|Earthquake|p2a: Froslass|[spread] p2b\n|-activate|p2a: Froslass|move: Protect\n|-immune|p1a: Delphox|[from] ability: Levitate\n|-damage|p2b: Kleavor|40/100\n|move|p1a: Delphox|Heat Wave|p2b: Kleavor|[spread] p2b\n|-activate|p2a: Froslass|move: Protect\n|-damage|p2b: Kleavor|0 fnt\n|faint|p2b: Kleavor\n|\n|-weather|Snowscape|[upkeep]\n|upkeep\n|\n|t:|1788297546\n|switch|p2b: Sneasler|Sneasler, L50, M, shiny|100/100\n|turn|6\n|\n|t:|1788297569\n|move|p2b: Sneasler|Fake Out|p1b: Diggersby\n|-damage|p1b: Diggersby|72/100\n|cant|p1b: Diggersby|flinch\n|move|p1a: Delphox|Heat Wave|p2a: Froslass|[spread] p2a,p2b\n|-supereffective|p2a: Froslass|1\n|-damage|p2a: Froslass|6/100\n|-damage|p2b: Sneasler|51/100\n|move|p2a: Froslass|Blizzard|p1a: Delphox|[spread] p1a,p1b\n|-resisted|p1a: Delphox|1\n|-activate|p1a: Delphox|move: Substitute|[damage]\n|-supereffective|p1b: Diggersby|1\n|-damage|p1b: Diggersby|0 fnt\n|faint|p1b: Diggersby\n|\n|-weather|none\n|upkeep\n|\n|t:|1788297577\n|switch|p1b: Goodra|Goodra-Hisui, L50, F|100/100\n|-damage|p1b: Goodra|94/100|[from] Stealth Rock\n|turn|7\n|\n|t:|1788297598\n|move|p2a: Froslass|Protect|p2a: Froslass\n|-singleturn|p2a: Froslass|Protect\n|move|p1a: Delphox|Psyshock|p2b: Sneasler\n|-supereffective|p2b: Sneasler|2\n|-damage|p2b: Sneasler|0 fnt\n|faint|p2b: Sneasler\n|move|p1b: Goodra|Flash Cannon|p2a: Froslass\n|-activate|p2a: Froslass|move: Protect\n|\n|upkeep\n|\n|t:|1788297606\n|switch|p2b: Kingambit|Kingambit, L50, M, shiny|100/100\n|turn|8\n|\n|t:|1788297622\n|move|p1a: Delphox|Heat Wave|p2b: Kingambit|[spread] p2a,p2b\n|-supereffective|p2a: Froslass|1\n|-supereffective|p2b: Kingambit|1\n|-damage|p2a: Froslass|0 fnt\n|-damage|p2b: Kingambit|14/100\n|faint|p2a: Froslass\n|move|p2b: Kingambit|Substitute|p2b: Kingambit\n|-fail|p2b: Kingambit|move: Substitute|[weak]\n|move|p1b: Goodra|Flamethrower|p2b: Kingambit\n|-supereffective|p2b: Kingambit|1\n|-damage|p2b: Kingambit|0 fnt\n|faint|p2b: Kingambit\n|\n|win|freshveggies2\n||StollenAF is ready for game 2.\n||freshveggies2 is ready for game 2.\n|uhtml|next|Next: <a href=\"/battle-gen9championsvgc2026regmbbo3-2674089162\"><strong>Game 2 of 3</strong></a>\n|l|☆StollenAF\n|player|p2|\n","uploadtime":1788297901,"views":"16","formatid":"gen9championsvgc2026regmbbo3","rating":null,"private":0,"password":null}