{"id":"gen9championsvgc2026regmb-2674229198","format":"[Gen 9 Champions] VGC 2026 Reg M-B","players":["RedVersion643","CrazyGrandma"],"log":"|j|☆RedVersion643\n|j|☆CrazyGrandma\n|t:|1788319207\n|gametype|doubles\n|player|p1|RedVersion643|blue-masters2|1232\n|player|p2|CrazyGrandma|cynthia-masters5|1204\n|gen|9\n|tier|[Gen 9 Champions] VGC 2026 Reg M-B\n|rated|\n|rule|Species Clause: Limit one of each Pokémon\n|rule|Item Clause: Limit 1 of each item\n|clearpoke\n|poke|p1|Charizard, L50, M|\n|poke|p1|Venusaur, L50, F|\n|poke|p1|Whimsicott, L50, M|\n|poke|p1|Farigiraf, L50, M|\n|poke|p1|Sylveon, L50, F|\n|poke|p1|Lycanroc-Dusk, L50, F|\n|poke|p2|Grimmsnarl, L50, M|\n|poke|p2|Raichu, L50, M|\n|poke|p2|Kingambit, L50, F|\n|poke|p2|Sylveon, L50, F|\n|poke|p2|Sneasler, L50, M|\n|poke|p2|Aerodactyl, L50, F|\n|teampreview|4\n|inactive|Battle timer is ON: inactive players will automatically lose when time's up. (requested by RedVersion643)\n|\n|t:|1788319221\n|teamsize|p1|4\n|teamsize|p2|4\n|start\n|switch|p1a: My Own Worst Enemy|Farigiraf, L50, M|100/100\n|switch|p1b: Morning Glory|Sylveon, L50, F|100/100\n|switch|p2a: Grimmsnarl|Grimmsnarl, L50, M|100/100\n|switch|p2b: Raichu|Raichu, L50, M|100/100\n|turn|1\n|\n|t:|1788319243\n|detailschange|p2b: Raichu|Raichu-Mega-Y, L50, M\n|-mega|p2b: Raichu|Raichu|Raichunite Y\n|move|p1b: Morning Glory|Protect|p1b: Morning Glory\n|-singleturn|p1b: Morning Glory|Protect\n|move|p2a: Grimmsnarl|Reflect|p2a: Grimmsnarl\n|-sidestart|p2: CrazyGrandma|Reflect\n|move|p2b: Raichu|Zap Cannon|p1b: Morning Glory\n|-activate|p1b: Morning Glory|move: Protect\n|move|p1a: My Own Worst Enemy|Trick Room|p1a: My Own Worst Enemy\n|-fieldstart|move: Trick Room|[of] p1a: My Own Worst Enemy\n|\n|upkeep\n|turn|2\n|\n|t:|1788319256\n|move|p2a: Grimmsnarl|Light Screen|p2a: Grimmsnarl\n|-sidestart|p2: CrazyGrandma|move: Light Screen\n|move|p1b: Morning Glory|Hyper Voice|p2b: Raichu|[spread] p2a,p2b\n|-supereffective|p2a: Grimmsnarl|1\n|-damage|p2a: Grimmsnarl|40/100\n|-damage|p2b: Raichu|55/100\n|move|p1a: My Own Worst Enemy|Dazzling Gleam|p2a: Grimmsnarl|[spread] p2a,p2b\n|-supereffective|p2a: Grimmsnarl|1\n|-damage|p2a: Grimmsnarl|18/100\n|-damage|p2b: Raichu|40/100\n|move|p2b: Raichu|Zap Cannon|p1b: Morning Glory\n|-damage|p1b: Morning Glory|55/100\n|-status|p1b: Morning Glory|par\n|\n|upkeep\n|turn|3\n|\n|t:|1788319274\n|move|p2b: Raichu|Protect|p2b: Raichu\n|-singleturn|p2b: Raichu|Protect\n|move|p2a: Grimmsnarl|Parting Shot||[still]\n|cant|p1a: My Own Worst Enemy|ability: Armor Tail|Parting Shot|[of] p2a: Grimmsnarl\n|move|p1b: Morning Glory|Hyper Voice|p2b: Raichu|[spread] p2a\n|-activate|p2b: Raichu|move: Protect\n|-supereffective|p2a: Grimmsnarl|1\n|-damage|p2a: Grimmsnarl|0 fnt\n|faint|p2a: Grimmsnarl\n|move|p1a: My Own Worst Enemy|Dazzling Gleam|p2b: Raichu\n|-activate|p2b: Raichu|move: Protect\n|\n|upkeep\n|\n|t:|1788319285\n|switch|p2a: Kingambit|Kingambit, L50, F|100/100\n|turn|4\n|\n|t:|1788319301\n|move|p1b: Morning Glory|Hyper Voice|p2b: Raichu|[spread] p2a,p2b\n|-damage|p2a: Kingambit|69/100\n|-damage|p2b: Raichu|0 fnt\n|faint|p2b: Raichu\n|move|p2a: Kingambit|Swords Dance|p2a: Kingambit\n|-boost|p2a: Kingambit|atk|2\n|move|p1a: My Own Worst Enemy|Dazzling Gleam|p2a: Kingambit\n|-damage|p2a: Kingambit|57/100\n|\n|upkeep\n|\n|t:|1788319309\n|switch|p2b: Sneasler|Sneasler, L50, M|100/100\n|turn|5\n|\n|t:|1788319328\n|move|p2b: Sneasler|Protect|p2b: Sneasler\n|-singleturn|p2b: Sneasler|Protect\n|move|p1b: Morning Glory|Hyper Voice|p2b: Sneasler|[spread] p2a\n|-activate|p2b: Sneasler|move: Protect\n|-damage|p2a: Kingambit|29/100\n|move|p2a: Kingambit|Iron Head|p1b: Morning Glory\n|-supereffective|p1b: Morning Glory|1\n|-damage|p1b: Morning Glory|0 fnt\n|faint|p1b: Morning Glory\n|-damage|p2a: Kingambit|19/100|[from] item: Life Orb\n|move|p1a: My Own Worst Enemy|Twin Beam|p2b: Sneasler\n|-activate|p2b: Sneasler|move: Protect\n|\n|-fieldend|move: Trick Room\n|upkeep\n|\n|t:|1788319348\n|switch|p1b: Supersonic|Lycanroc-Dusk, L50, F|100/100\n|turn|6\n|\n|t:|1788319369\n|move|p1a: My Own Worst Enemy|Protect|p1a: My Own Worst Enemy\n|-singleturn|p1a: My Own Worst Enemy|Protect\n|move|p1b: Supersonic|Brick Break|p2a: Kingambit\n|-sideend|p2: CrazyGrandma|Reflect\n|-sideend|p2: CrazyGrandma|move: Light Screen\n|-supereffective|p2a: Kingambit|2\n|-damage|p2a: Kingambit|0 fnt\n|faint|p2a: Kingambit\n|move|p2b: Sneasler|Close Combat|p1b: Supersonic\n|-supereffective|p1b: Supersonic|1\n|-damage|p1b: Supersonic|0 fnt\n|-unboost|p2b: Sneasler|def|1\n|-unboost|p2b: Sneasler|spd|1\n|faint|p1b: Supersonic\n|-enditem|p2b: Sneasler|White Herb\n|-clearnegativeboost|p2b: Sneasler|[silent]\n|\n|upkeep\n|\n|t:|1788319377\n|switch|p1b: Teen Spirit|Charizard, L50, M|100/100\n|turn|7\n|\n|t:|1788319389\n|detailschange|p1b: Teen Spirit|Charizard-Mega-Y, L50, M\n|-mega|p1b: Teen Spirit|Charizard|Charizardite Y\n|-weather|SunnyDay|[from] ability: Drought|[of] p1b: Teen Spirit\n|move|p2b: Sneasler|Dire Claw|p1b: Teen Spirit\n|-damage|p1b: Teen Spirit|38/100\n|-status|p1b: Teen Spirit|psn\n|move|p1b: Teen Spirit|Heat Wave|p2b: Sneasler\n|-damage|p2b: Sneasler|0 fnt\n|faint|p2b: Sneasler\n|\n|win|RedVersion643\n|raw|RedVersion643's rating: 1232 &rarr; <strong>1255</strong><br />(+23 for winning)\n|raw|CrazyGrandma's rating: 1204 &rarr; <strong>1181</strong><br />(-23 for losing)\n","uploadtime":1788319400,"views":"3","formatid":"gen9championsvgc2026regmb","rating":1181,"private":0,"password":null}