{"id":"gen9championsvgc2026regmb-2674166149","format":"[Gen 9 Champions] VGC 2026 Reg M-B","players":["Freelance570","Freelance564"],"log":"|j|☆Freelance570\n|j|☆Freelance564\n|html|<table width=\"100%\"><tr><td align=\"left\">Freelance570</td><td align=\"right\">Freelance564</tr><tr><td align=\"left\"><i class=\"fa fa-circle-o\"></i> <i class=\"fa fa-circle-o\"></i> </td><td align=\"right\"><i class=\"fa fa-circle-o\"></i> <i class=\"fa fa-circle\"></i> </tr></table>\n|uhtml|bestof|<h2><strong>Game 2</strong> of <a href=\"/game-bestof3-gen9championsvgc2026regmb-2674163827\">a best-of-3</a></h2>\n|t:|1788309067\n|gametype|doubles\n|player|p1|Freelance570|roark|\n|player|p2|Freelance564|2|\n|gen|9\n|tier|[Gen 9 Champions] VGC 2026 Reg M-B\n|rule|Species Clause: Limit one of each Pokémon\n|rule|Item Clause: Limit 1 of each item\n|raw|<div class=\"infobox\"><details class=\"readmore\" open><summary><strong>1 custom rule:</strong></summary> Best of = 3</details></div>\n|clearpoke\n|poke|p1|Floette-Eternal, L50, F|\n|poke|p1|Sableye, L50, M|\n|poke|p1|Hydreigon, L50, M|\n|poke|p1|Arcanine-Hisui, L50, M|\n|poke|p1|Tsareena, L50, F|\n|poke|p1|Kleavor, L50, F|\n|poke|p2|Chandelure, L50, M|\n|poke|p2|Sneasler, L50, F|\n|poke|p2|Swampert, L50, F|\n|poke|p2|Noivern, L50, F|\n|poke|p2|Garchomp, L50, M|\n|poke|p2|Garganacl, L50, F|\n|teampreview|4\nFreelance564 rejected open team sheets.\n|j| OnMyTimbs\n|\n|t:|1788309148\n|teamsize|p1|4\n|teamsize|p2|4\n|start\n|switch|p1a: Sableye|Sableye, L50, M|100/100\n|switch|p1b: Hydreigon|Hydreigon, L50, M|100/100\n|switch|p2a: flying fox|Noivern, L50, F|100/100\n|switch|p2b: Anagha|Sneasler, L50, F|100/100\n|-item|p1a: Sableye|Roseli Berry|[from] ability: Frisk|[of] p2a: flying fox\n|-item|p1b: Hydreigon|Life Orb|[from] ability: Frisk|[of] p2a: flying fox\n|turn|1\n|\n|t:|1788309186\n|move|p2b: Anagha|Protect|p2b: Anagha\n|-singleturn|p2b: Anagha|Protect\n|move|p1a: Sableye|Light Screen|p1a: Sableye\n|-sidestart|p1: Freelance570|move: Light Screen\n|move|p2a: flying fox|Tailwind|p2a: flying fox\n|-sidestart|p2: Freelance564|move: Tailwind\n|move|p1b: Hydreigon|Draco Meteor|p2b: Anagha\n|-activate|p2b: Anagha|move: Protect\n|\n|upkeep\n|turn|2\n|\n|t:|1788309219\n|switch|p1b: Arcanine|Arcanine-Hisui, L50, M|100/100\n|move|p1a: Sableye|Reflect|p1a: Sableye\n|-sidestart|p1: Freelance570|Reflect\n|move|p2b: Anagha|Dire Claw|p1a: Sableye\n|-resisted|p1a: Sableye|1\n|-damage|p1a: Sableye|82/100\n|move|p2a: flying fox|Draco Meteor|p1b: Arcanine\n|-damage|p1b: Arcanine|45/100\n|-unboost|p2a: flying fox|spa|2\n|\n|upkeep\n|turn|3\n|\n|t:|1788309241\n|move|p1a: Sableye|Will-O-Wisp|p2b: Anagha\n|-status|p2b: Anagha|brn\n|move|p2b: Anagha|Close Combat|p1b: Arcanine\n|-supereffective|p1b: Arcanine|1\n|-damage|p1b: Arcanine|0 fnt\n|-unboost|p2b: Anagha|def|1\n|-unboost|p2b: Anagha|spd|1\n|faint|p1b: Arcanine\n|-enditem|p2b: Anagha|White Herb\n|-clearnegativeboost|p2b: Anagha|[silent]\n|move|p2a: flying fox|Air Slash|p1a: Sableye\n|-damage|p1a: Sableye|68/100\n|\n|-damage|p2b: Anagha|94/100 brn|[from] brn\n|upkeep\n|\n|t:|1788309249\n|switch|p1b: Floette|Floette-Eternal, L50, F|100/100\n|turn|4\n|\n|t:|1788309306\n|detailschange|p1b: Floette|Floette-Mega, L50, F\n|-mega|p1b: Floette|Floette|Floettite\n|-ability|p1b: Floette|Fairy Aura\n|move|p2b: Anagha|Dire Claw|p1b: Floette\n|-supereffective|p1b: Floette|1\n|-damage|p1b: Floette|72/100\n|move|p2a: flying fox|Air Slash|p1b: Floette\n|-damage|p1b: Floette|62/100\n|cant|p1b: Floette|flinch\n|move|p1a: Sableye|Foul Play|p2b: Anagha\n|-resisted|p2b: Anagha|1\n|-damage|p2b: Anagha|52/100 brn\n|\n|-damage|p2b: Anagha|47/100 brn|[from] brn\n|-sideend|p2: Freelance564|move: Tailwind\n|upkeep\n|turn|5\n|c| OnMyTimbs|stephen calling the idf for this luck\n|\n|t:|1788309348\n|move|p2b: Anagha|Dire Claw|p1b: Floette\n|-supereffective|p1b: Floette|1\n|-damage|p1b: Floette|38/100\n|-status|p1b: Floette|psn\n|move|p2a: flying fox|Air Slash|p1b: Floette\n|-crit|p1b: Floette\n|-damage|p1b: Floette|0 fnt\n|faint|p1b: Floette\n|move|p1a: Sableye|Foul Play|p2a: flying fox\n|-damage|p2a: flying fox|69/100\n|\n|-damage|p2b: Anagha|41/100 brn|[from] brn\n|-sideend|p1: Freelance570|move: Light Screen\n|upkeep\n|c| OnMyTimbs|LOL\n|\n|t:|1788309358\n|switch|p1b: Hydreigon|Hydreigon, L50, M|100/100\n|turn|6\n|\n|t:|1788309381\n|move|p2b: Anagha|Dire Claw|p1a: Sableye\n|-resisted|p1a: Sableye|1\n|-damage|p1a: Sableye|60/100\n|move|p2a: flying fox|Draco Meteor|p1b: Hydreigon\n|-supereffective|p1b: Hydreigon|1\n|-damage|p1b: Hydreigon|29/100\n|-unboost|p2a: flying fox|spa|2\n|move|p1b: Hydreigon|Dark Pulse|p2a: flying fox\n|-damage|p2a: flying fox|0 fnt\n|faint|p2a: flying fox\n|-damage|p1b: Hydreigon|19/100|[from] item: Life Orb\n|move|p1a: Sableye|Foul Play|p2b: Anagha\n|-resisted|p2b: Anagha|1\n|-damage|p2b: Anagha|1/100 brn\n|\n|-damage|p2b: Anagha|0 fnt|[from] brn\n|faint|p2b: Anagha\n|-sideend|p1: Freelance570|Reflect\n|upkeep\n|\n|t:|1788309392\n|switch|p2b: I hate Jack!!|Swampert, L50, F|100/100\n|switch|p2a: Fancy Lighting|Chandelure, L50, M|100/100\n|turn|7\n|l|☆Freelance570\n|player|p1|\n|\n|t:|1788309425\n|move|p2a: Fancy Lighting|Protect|p2a: Fancy Lighting\n|-singleturn|p2a: Fancy Lighting|Protect\n|move|p1a: Sableye|Will-O-Wisp|p2b: I hate Jack!!|[miss]\n|-miss|p1a: Sableye|p2b: I hate Jack!!\n|move|p1b: Hydreigon|Dark Pulse|p2a: Fancy Lighting\n|-activate|p2a: Fancy Lighting|move: Protect\n|move|p2b: I hate Jack!!|Stomping Tantrum|p1b: Hydreigon\n|-immune|p1b: Hydreigon|[from] ability: Levitate\n|\n|upkeep\n|turn|8\n|j|☆Freelance570\n|player|p1|Freelance570|roark|\n|c|☆Freelance564|that was a misclick to be clear\n|l|☆Freelance570\n|player|p1|\n|\n|t:|1788309482\n|move|p1a: Sableye|Will-O-Wisp|p2b: I hate Jack!!\n|-status|p2b: I hate Jack!!|brn\n|move|p1b: Hydreigon|Dark Pulse|p2a: Fancy Lighting\n|-supereffective|p2a: Fancy Lighting|1\n|-damage|p2a: Fancy Lighting|0 fnt\n|faint|p2a: Fancy Lighting\n|-damage|p1b: Hydreigon|10/100|[from] item: Life Orb\n|move|p2b: I hate Jack!!|Wave Crash|p1b: Hydreigon\n|-resisted|p1b: Hydreigon|1\n|-damage|p1b: Hydreigon|0 fnt\n|faint|p1b: Hydreigon\n|-damage|p2b: I hate Jack!!|97/100 brn|[from] Recoil\n|\n|-damage|p2b: I hate Jack!!|91/100 brn|[from] brn\n|upkeep\n|turn|9\n|j|☆Freelance570\n|player|p1|Freelance570|roark|\n|\n|t:|1788309499\n|move|p1a: Sableye|Reflect|p1a: Sableye\n|-sidestart|p1: Freelance570|Reflect\n|move|p2b: I hate Jack!!|Stomping Tantrum|p1a: Sableye\n|-damage|p1a: Sableye|47/100\n|\n|-damage|p2b: I hate Jack!!|85/100 brn|[from] brn\n|upkeep\n|turn|10\n|l|☆Freelance570\n|player|p1|\n|\n|t:|1788309509\n|move|p2b: I hate Jack!!|Wave Crash|p1a: Sableye\n|-damage|p1a: Sableye|29/100\n|-damage|p2b: I hate Jack!!|81/100 brn|[from] Recoil\n|move|p1a: Sableye|Foul Play|p2b: I hate Jack!!\n|-damage|p2b: I hate Jack!!|44/100 brn\n|-enditem|p2b: I hate Jack!!|Sitrus Berry|[eat]\n|-heal|p2b: I hate Jack!!|69/100 brn|[from] item: Sitrus Berry\n|\n|-damage|p2b: I hate Jack!!|63/100 brn|[from] brn\n|upkeep\n|turn|11\n|j|☆Freelance570\n|player|p1|Freelance570|roark|\n|\n|t:|1788309518\n|move|p2b: I hate Jack!!|Wave Crash|p1a: Sableye\n|-damage|p1a: Sableye|8/100\n|-damage|p2b: I hate Jack!!|57/100 brn|[from] Recoil\n|move|p1a: Sableye|Foul Play|p2b: I hate Jack!!\n|-damage|p2b: I hate Jack!!|22/100 brn\n|\n|-damage|p2b: I hate Jack!!|16/100 brn|[from] brn\n|upkeep\n|turn|12\n|\n|t:|1788309532\n|move|p2b: I hate Jack!!|Stomping Tantrum|p1a: Sableye\n|-damage|p1a: Sableye|0 fnt\n|faint|p1a: Sableye\n|\n|win|Freelance564\n|l|☆Freelance570\n|player|p1|\n|j| gunkly\n|l| gunkly\n","uploadtime":1788309581,"views":"2","formatid":"gen9championsvgc2026regmb","rating":null,"private":0,"password":null}