{"id":"gen9championsvgc2026regmbbo3-2673995220","format":"[Gen 9 Champions] VGC 2026 Reg M-B (Bo3)","players":["alexgpapmer","tevad"],"log":"|j|☆alexgpapmer\n|j|☆tevad\n|html|<table width=\"100%\"><tr><td align=\"left\">alexgpapmer</td><td align=\"right\">tevad</tr><tr><td align=\"left\"><i class=\"fa fa-circle-o\"></i> <i class=\"fa fa-circle-o\"></i> </td><td align=\"right\"><i class=\"fa fa-circle-o\"></i> <i class=\"fa fa-circle-o\"></i> </tr></table>\n|uhtml|bestof|<h2><strong>Game 1</strong> of <a href=\"/game-bestof3-gen9championsvgc2026regmbbo3-2673995216\">a best-of-3</a></h2>\n|t:|1788286102\n|gametype|doubles\n|player|p1|alexgpapmer|1|1094\n|player|p2|tevad|hilbert|1016\n|gen|9\n|tier|[Gen 9 Champions] VGC 2026 Reg M-B (Bo3)\n|rated|\n|rule|Species Clause: Limit one of each Pokémon\n|rule|Item Clause: Limit 1 of each item\n|clearpoke\n|poke|p1|Incineroar, L50, F|\n|poke|p1|Toxapex, L50, M|\n|poke|p1|Garchomp, L50, F|\n|poke|p1|Charizard, L50, M|\n|poke|p1|Venusaur, L50, F|\n|poke|p1|Sylveon, L50, F|\n|poke|p2|Floette-Eternal, L50, F|\n|poke|p2|Charizard, L50, F|\n|poke|p2|Garchomp, L50, M|\n|poke|p2|Incineroar, L50, F|\n|poke|p2|Whimsicott, L50, F|\n|poke|p2|Basculegion, L50, M|\n|teampreview|4\n|showteam|p1|Incineroar||SitrusBerry|Intimidate|FakeOut,PartingShot,FlareBlitz,Protect|Impish||F|||50|]Toxapex||Leftovers|Regenerator|BanefulBunker,Infestation,Toxic,WideGuard|Relaxed||M|||50|]Garchomp||ChoiceScarf|RoughSkin|StompingTantrum,Earthquake,DragonClaw,RockSlide|Adamant||F|||50|]Charizard||CharizarditeY|Blaze|Protect,HeatWave,SolarBeam,WeatherBall|Timid||M|||50|]Venusaur||FocusSash|Chlorophyll|Protect,SludgeBomb,EarthPower,SleepPowder|Modest||F|||50|]Sylveon||FairyFeather|Pixilate|Detect,HyperVoice,QuickAttack,Yawn|Quiet||F|||50|\n|showteam|p2|Floette-Eternal||Floettite|FlowerVeil|Moonblast,DazzlingGleam,Protect,CalmMind|Modest||F|||50|]Charizard||CharizarditeY|Blaze|Protect,HeatWave,SolarBeam,WeatherBall|Modest||F|||50|]Garchomp||RoseliBerry|RoughSkin|DragonClaw,RockSlide,Earthquake,Protect|Adamant||M|||50|]Incineroar||SitrusBerry|Intimidate|FakeOut,PartingShot,FlareBlitz,ThroatChop|Careful||F|||50|]Whimsicott||FocusSash|Prankster|Tailwind,Moonblast,Protect,Encore|Bold||F|||50|]Basculegion||LifeOrb|SwiftSwim|LastRespects,WaveCrash,AquaJet,Protect|Adamant||M|||50|\n|c|☆alexgpapmer|Glhf\n|c|☆tevad|what mean?\n|inactive|Battle timer is ON: inactive players will automatically lose when time's up. (requested by tevad)\n|c|☆alexgpapmer|Good luck\n|inactive|tevad has 60 seconds left.\n|\n|t:|1788286180\n|teamsize|p1|4\n|teamsize|p2|4\n|start\n|switch|p1a: Sylveon|Sylveon, L50, F|100/100\n|switch|p1b: Incineroar|Incineroar, L50, F|100/100\n|switch|p2a: Incineroar|Incineroar, L50, F|100/100\n|switch|p2b: Whimsicott|Whimsicott, L50, F|100/100\n|-ability|p2a: Incineroar|Intimidate|boost\n|-unboost|p1a: Sylveon|atk|1\n|-unboost|p1b: Incineroar|atk|1\n|-ability|p1b: Incineroar|Intimidate|boost\n|-unboost|p2a: Incineroar|atk|1\n|-unboost|p2b: Whimsicott|atk|1\n|turn|1\n|c|☆alexgpapmer|Hf=have fun\n|\n|t:|1788286202\n|move|p2a: Incineroar|Fake Out|p1b: Incineroar\n|-damage|p1b: Incineroar|94/100\n|cant|p1b: Incineroar|flinch\n|move|p2b: Whimsicott|Tailwind|p2b: Whimsicott\n|-sidestart|p2: tevad|move: Tailwind\n|move|p1a: Sylveon|Hyper Voice|p2b: Whimsicott|[spread] p2a,p2b\n|-damage|p2a: Incineroar|62/100\n|-damage|p2b: Whimsicott|31/100\n|\n|upkeep\n|turn|2\n|inactive|tevad has 30 seconds left.\n|inactive|tevad has 20 seconds left.\n|\n|t:|1788286240\n|move|p2b: Whimsicott|Encore|p1b: Incineroar\n|-hint|Since gen 7, Dark is immune to Prankster moves.\n|-immune|p1b: Incineroar\n|move|p2a: Incineroar|Parting Shot|p1a: Sylveon\n|-unboost|p1a: Sylveon|atk|1\n|-unboost|p1a: Sylveon|spa|1\n|\n|t:|1788286251\n|switch|p2a: Garchomp|Garchomp, L50, M|100/100|[from] Parting Shot\n|move|p1b: Incineroar|Parting Shot|p2a: Garchomp\n|-unboost|p2a: Garchomp|atk|1\n|-unboost|p2a: Garchomp|spa|1\n|\n|t:|1788286265\n|switch|p1b: Toxapex|Toxapex, L50, M|100/100|[from] Parting Shot\n|move|p1a: Sylveon|Hyper Voice|p2a: Garchomp|[spread] p2a,p2b\n|-supereffective|p2a: Garchomp|1\n|-enditem|p2a: Garchomp|Roseli Berry|[eat]\n|-enditem|p2a: Garchomp|Roseli Berry|[weaken]\n|-damage|p2a: Garchomp|64/100\n|-damage|p2b: Whimsicott|0 fnt\n|faint|p2b: Whimsicott\n|\n|upkeep\n|\n|t:|1788286281\n|switch|p2b: Floette|Floette-Eternal, L50, F|100/100\n|turn|3\n|\n|t:|1788286298\n|detailschange|p2b: Floette|Floette-Mega, L50, F\n|-mega|p2b: Floette|Floette|Floettite\n|-ability|p2b: Floette|Fairy Aura\n|move|p2b: Floette|Protect|p2b: Floette\n|-singleturn|p2b: Floette|Protect\n|move|p1b: Toxapex|Wide Guard|p1b: Toxapex\n|-singleturn|p1b: Toxapex|Wide Guard\n|move|p2a: Garchomp|Earthquake|p1b: Toxapex|[spread] \n|-activate|p1a: Sylveon|move: Wide Guard\n|-activate|p1b: Toxapex|move: Wide Guard\n|-activate|p2b: Floette|move: Protect\n|move|p1a: Sylveon|Yawn|p2b: Floette\n|-activate|p2b: Floette|move: Protect\n|\n|upkeep\n|turn|4\n|inactive|tevad has 30 seconds left.\n|\n|t:|1788286329\n|switch|p2a: Incineroar|Incineroar, L50, F|62/100\n|-ability|p2a: Incineroar|Intimidate|boost\n|-unboost|p1a: Sylveon|atk|1\n|-unboost|p1b: Toxapex|atk|1\n|move|p1b: Toxapex|Wide Guard|p1b: Toxapex\n|-singleturn|p1b: Toxapex|Wide Guard\n|move|p2b: Floette|Dazzling Gleam|p1b: Toxapex|[spread] \n|-activate|p1a: Sylveon|move: Wide Guard\n|-activate|p1b: Toxapex|move: Wide Guard\n|move|p1a: Sylveon|Hyper Voice|p2a: Incineroar|[spread] p2a,p2b\n|-damage|p2a: Incineroar|25/100\n|-damage|p2b: Floette|65/100\n|-enditem|p2a: Incineroar|Sitrus Berry|[eat]\n|-heal|p2a: Incineroar|50/100y|[from] item: Sitrus Berry\n|\n|-sideend|p2: tevad|move: Tailwind\n|upkeep\n|turn|5\n|\n|t:|1788286344\n|move|p1a: Sylveon|Detect|p1a: Sylveon\n|-singleturn|p1a: Sylveon|Protect\n|move|p2a: Incineroar|Fake Out|p1b: Toxapex\n|-damage|p1b: Toxapex|92/100\n|move|p2b: Floette|Moonblast|p1a: Sylveon\n|-activate|p1a: Sylveon|move: Protect\n|cant|p1b: Toxapex|flinch\n|\n|-heal|p1b: Toxapex|98/100|[from] item: Leftovers\n|upkeep\n|turn|6\n|c|☆tevad|nonhf\n|\n|t:|1788286364\n|move|p2b: Floette|Moonblast|p1a: Sylveon\n|-damage|p1a: Sylveon|28/100\n|move|p2a: Incineroar|Flare Blitz|p1a: Sylveon\n|-damage|p1a: Sylveon|0 fnt\n|faint|p1a: Sylveon\n|-damage|p2a: Incineroar|42/100|[from] Recoil\n|move|p1b: Toxapex|Toxic|p2b: Floette\n|-status|p2b: Floette|tox\n|\n|-heal|p1b: Toxapex|100/100|[from] item: Leftovers\n|-damage|p2b: Floette|59/100 tox|[from] psn\n|upkeep\n|c|☆alexgpapmer|:(\n|\n|t:|1788286372\n|switch|p1a: Garchomp|Garchomp, L50, F|100/100\n|turn|7\n|\n|t:|1788286391\n|move|p1b: Toxapex|Wide Guard|p1b: Toxapex\n|-singleturn|p1b: Toxapex|Wide Guard\n|move|p1a: Garchomp|Stomping Tantrum|p2b: Floette\n|-crit|p2b: Floette\n|-damage|p2b: Floette|0 fnt\n|faint|p2b: Floette\n|move|p2a: Incineroar|Throat Chop|p1b: Toxapex\n|-damage|p1b: Toxapex|80/100\n|-start|p1b: Toxapex|Throat Chop|[silent]\n|\n|-heal|p1b: Toxapex|85/100|[from] item: Leftovers\n|upkeep\n|\n|t:|1788286399\n|switch|p2b: Garchomp|Garchomp, L50, M|64/100\n|turn|8\n|\n|t:|1788286412\n|switch|p1a: Incineroar|Incineroar, L50, F|94/100\n|-ability|p1a: Incineroar|Intimidate|boost\n|-unboost|p2a: Incineroar|atk|1\n|-unboost|p2b: Garchomp|atk|1\n|move|p2b: Garchomp|Dragon Claw|p1a: Incineroar\n|-damage|p1a: Incineroar|71/100\n|move|p2a: Incineroar|Throat Chop|p1a: Incineroar\n|-resisted|p1a: Incineroar|1\n|-damage|p1a: Incineroar|64/100\n|-start|p1a: Incineroar|Throat Chop|[silent]\n|move|p1b: Toxapex|Toxic|p2b: Garchomp\n|-status|p2b: Garchomp|tox\n|\n|-heal|p1b: Toxapex|91/100|[from] item: Leftovers\n|-damage|p2b: Garchomp|58/100 tox|[from] psn\n|-end|p1b: Toxapex|Throat Chop|[silent]\n|upkeep\n|turn|9\n|\n|t:|1788286425\n|move|p1a: Incineroar|Fake Out|p2b: Garchomp\n|-damage|p2b: Garchomp|48/100 tox\n|-damage|p1a: Incineroar|51/100|[from] ability: Rough Skin|[of] p2b: Garchomp\n|cant|p2b: Garchomp|flinch\n|move|p2a: Incineroar|Flare Blitz|p1a: Incineroar\n|-resisted|p1a: Incineroar|1\n|-damage|p1a: Incineroar|39/100\n|-enditem|p1a: Incineroar|Sitrus Berry|[eat]\n|-heal|p1a: Incineroar|64/100|[from] item: Sitrus Berry\n|-damage|p2a: Incineroar|38/100|[from] Recoil\n|move|p1b: Toxapex|Toxic|p2a: Incineroar\n|-status|p2a: Incineroar|tox\n|\n|-heal|p1b: Toxapex|97/100|[from] item: Leftovers\n|-damage|p2b: Garchomp|36/100 tox|[from] psn\n|-damage|p2a: Incineroar|32/100 tox|[from] psn\n|-end|p1a: Incineroar|Throat Chop|[silent]\n|upkeep\n|turn|10\n|\n|t:|1788286443\n|move|p1a: Incineroar|Protect|p1a: Incineroar\n|-singleturn|p1a: Incineroar|Protect\n|move|p1b: Toxapex|Baneful Bunker|p1b: Toxapex\n|-singleturn|p1b: Toxapex|move: Protect\n|move|p2b: Garchomp|Earthquake|p1a: Incineroar|[spread] p2a\n|-activate|p1a: Incineroar|move: Protect\n|-activate|p1b: Toxapex|move: Protect\n|-supereffective|p2a: Incineroar|1\n|-damage|p2a: Incineroar|0 fnt\n|faint|p2a: Incineroar\n|\n|-heal|p1b: Toxapex|100/100|[from] item: Leftovers\n|-damage|p2b: Garchomp|18/100 tox|[from] psn\n|upkeep\n|turn|11\n|\n|t:|1788286452\n|move|p2b: Garchomp|Earthquake|p1b: Toxapex|[spread] p1a,p1b\n|-supereffective|p1a: Incineroar|1\n|-supereffective|p1b: Toxapex|1\n|-damage|p1a: Incineroar|25/100\n|-damage|p1b: Toxapex|61/100\n|move|p1a: Incineroar|Parting Shot|p2b: Garchomp\n|-unboost|p2b: Garchomp|atk|1\n|-unboost|p2b: Garchomp|spa|1\n|\n|t:|1788286466\n|switch|p1a: Garchomp|Garchomp, L50, F|100/100|[from] Parting Shot\n|move|p1b: Toxapex|Infestation|p2b: Garchomp\n|-damage|p2b: Garchomp|15/100 tox\n|-activate|p2b: Garchomp|move: Infestation|[of] p1b: Toxapex\n|-damage|p1b: Toxapex|49/100|[from] ability: Rough Skin|[of] p2b: Garchomp\n|\n|-heal|p1b: Toxapex|55/100|[from] item: Leftovers\n|-damage|p2b: Garchomp|0 fnt|[from] psn\n|faint|p2b: Garchomp\n|\n|win|alexgpapmer\n||tevad is ready for game 2.\n|inactive|alexgpapmer has 30 seconds to confirm battle start!\n||alexgpapmer is ready for game 2.\n|uhtml|next|Next: <a href=\"/battle-gen9championsvgc2026regmbbo3-2673998446\"><strong>Game 2 of 3</strong></a>\n","uploadtime":1788286768,"views":"9","formatid":"gen9championsvgc2026regmbbo3","rating":null,"private":0,"password":null}