{"id":"gen9championsvgc2026regmbbo3-2673508228","format":"[Gen 9 Champions] VGC 2026 Reg M-B (Bo3)","players":["oliva sigma mode","w0rms4f1ng3rs"],"log":"|j|☆oliva sigma mode\n|j|☆w0rms4f1ng3rs\n|html|<table width=\"100%\"><tr><td align=\"left\">oliva sigma mode</td><td align=\"right\">w0rms4f1ng3rs</tr><tr><td align=\"left\"><i class=\"fa fa-circle-o\"></i> <i class=\"fa fa-circle-o\"></i> </td><td align=\"right\"><i class=\"fa fa-circle-o\"></i> <i class=\"fa fa-circle-o\"></i> </tr></table>\n|uhtml|bestof|<h2><strong>Game 1</strong> of <a href=\"/game-bestof3-gen9championsvgc2026regmbbo3-2673508227\">a best-of-3</a></h2>\n|t:|1788206298\n|gametype|doubles\n|player|p1|oliva sigma mode|crasherwake|\n|player|p2|w0rms4f1ng3rs|zinzolin|\n|gen|9\n|tier|[Gen 9 Champions] VGC 2026 Reg M-B (Bo3)\n|rule|Species Clause: Limit one of each Pokémon\n|rule|Item Clause: Limit 1 of each item\n|clearpoke\n|poke|p1|Gardevoir, L50, M, shiny|\n|poke|p1|Maushold-Four, L50|\n|poke|p1|Basculegion, L50, M|\n|poke|p1|Talonflame, L50, M|\n|poke|p1|Kingambit, L50, F|\n|poke|p1|Garchomp, L50, M|\n|poke|p2|Charizard, L50, M, shiny|\n|poke|p2|Whimsicott, L50, M|\n|poke|p2|Kingambit, L50, F|\n|poke|p2|Basculegion, L50, M|\n|poke|p2|Garchomp, L50, M|\n|poke|p2|Floette-Eternal, L50, F|\n|teampreview|4\n|showteam|p1|Gardevoir||Gardevoirite|Telepathy|HyperVoice,Psyshock,Protect,TrickRoom|Modest||M|||50|]Maushold-Four||FocusSash|FriendGuard|FollowMe,Protect,SuperFang,Encore|Timid|||||50|]Basculegion||SitrusBerry|Adaptability|AquaJet,WaveCrash,LastRespects,Protect|Adamant||M|||50|]Talonflame|||GaleWings|Tailwind,Acrobatics,WillOWisp,Protect|Jolly||M|||50|]Kingambit||ChopleBerry|Defiant|SuckerPunch,KowtowCleave,IronHead,Protect|Adamant||F|||50|]Garchomp||WhiteHerb|RoughSkin|Earthquake,RockSlide,DragonClaw,Protect|Adamant||M|||50|\n|showteam|p2|Charizard||CharizarditeY|Blaze|HeatWave,WeatherBall,SolarBeam,Protect|Modest||M|||50|]Whimsicott||FocusSash|Prankster|Moonblast,Encore,Tailwind,Protect|Timid||M|||50|]Kingambit||OccaBerry|Defiant|KowtowCleave,SuckerPunch,IronHead,LowKick|Adamant||F|||50|]Basculegion||MysticWater|Adaptability|WaveCrash,LastRespects,AquaJet,Protect|Adamant||M|||50|]Garchomp||LifeOrb|RoughSkin|Earthquake,DragonClaw,RockSlide,Protect|Jolly||M|||50|]Floette-Eternal||Floettite|FlowerVeil|Moonblast,DazzlingGleam,LightofRuin,Protect|Timid||F|||50|\n|c|☆oliva sigma mode|gl\n|\n|t:|1788206335\n|teamsize|p1|4\n|teamsize|p2|4\n|start\n|switch|p1a: Talonflame|Talonflame, L50, M|100/100\n|switch|p1b: Garchomp|Garchomp, L50, M|100/100\n|switch|p2a: Whimsicott|Whimsicott, L50, M|100/100\n|switch|p2b: Kingambit|Kingambit, L50, F|100/100\n|turn|1\n|\n|t:|1788206365\n|move|p1b: Garchomp|Protect|p1b: Garchomp\n|-singleturn|p1b: Garchomp|Protect\n|move|p1a: Talonflame|Acrobatics|p2a: Whimsicott\n|-supereffective|p2a: Whimsicott|1\n|-enditem|p2a: Whimsicott|Focus Sash\n|-damage|p2a: Whimsicott|1/100\n|move|p2a: Whimsicott|Tailwind|p2a: Whimsicott\n|-sidestart|p2: w0rms4f1ng3rs|move: Tailwind\n|move|p2b: Kingambit|Sucker Punch||[still]\n|-fail|p2b: Kingambit\n|\n|upkeep\n|turn|2\n|\n|t:|1788206385\n|move|p1a: Talonflame|Tailwind|p1a: Talonflame\n|-sidestart|p1: oliva sigma mode|move: Tailwind\n|move|p2b: Kingambit|Sucker Punch|p1b: Garchomp\n|-damage|p1b: Garchomp|63/100\n|-damage|p2b: Kingambit|87/100|[from] ability: Rough Skin|[of] p1b: Garchomp\n|move|p2a: Whimsicott|Moonblast|p1b: Garchomp\n|-supereffective|p1b: Garchomp|1\n|-damage|p1b: Garchomp|0 fnt\n|faint|p1b: Garchomp\n|\n|upkeep\n|\n|t:|1788206394\n|switch|p1b: Gardevoir|Gardevoir, L50, M, shiny|100/100\n|turn|3\n|\n|t:|1788206429\n|switch|p1a: Maushold|Maushold-Four, L50|100/100\n|detailschange|p1b: Gardevoir|Gardevoir-Mega, L50, M, shiny\n|-mega|p1b: Gardevoir|Gardevoir|Gardevoirite\n|move|p1b: Gardevoir|Protect|p1b: Gardevoir\n|-singleturn|p1b: Gardevoir|Protect\n|move|p2a: Whimsicott|Encore||[still]\n|-fail|p2a: Whimsicott\n|move|p2b: Kingambit|Iron Head|p1b: Gardevoir\n|-activate|p1b: Gardevoir|move: Protect\n|\n|upkeep\n|turn|4\n|\n|t:|1788206450\n|switch|p1b: Talonflame|Talonflame, L50, M|100/100\n|move|p2b: Kingambit|Sucker Punch||[still]\n|-fail|p2b: Kingambit\n|move|p2a: Whimsicott|Moonblast|p1a: Maushold\n|-damage|p1a: Maushold|56/100\n|move|p1a: Maushold|Super Fang|p2b: Kingambit\n|-damage|p2b: Kingambit|44/100\n|\n|-sideend|p2: w0rms4f1ng3rs|move: Tailwind\n|upkeep\n|turn|5\n|inactive|Battle timer is ON: inactive players will automatically lose when time's up. (requested by oliva sigma mode)\n|\n|t:|1788206479\n|move|p2a: Whimsicott|Protect|p2a: Whimsicott\n|-singleturn|p2a: Whimsicott|Protect\n|move|p1b: Talonflame|Acrobatics|p2a: Whimsicott\n|-activate|p2a: Whimsicott|move: Protect\n|move|p2b: Kingambit|Sucker Punch||[still]\n|-fail|p2b: Kingambit\n|move|p1a: Maushold|Encore|p2b: Kingambit\n|-start|p2b: Kingambit|Encore\n|\n|-sideend|p1: oliva sigma mode|move: Tailwind\n|upkeep\n|turn|6\n|\n|t:|1788206491\n|switch|p1a: Gardevoir|Gardevoir-Mega, L50, M, shiny|100/100\n|switch|p2b: Garchomp|Garchomp, L50, M|100/100\n|move|p1b: Talonflame|Tailwind|p1b: Talonflame\n|-sidestart|p1: oliva sigma mode|move: Tailwind\n|move|p2a: Whimsicott|Tailwind|p2a: Whimsicott\n|-sidestart|p2: w0rms4f1ng3rs|move: Tailwind\n|\n|upkeep\n|turn|7\n|\n|t:|1788206508\n|move|p1b: Talonflame|Acrobatics|p2a: Whimsicott\n|-supereffective|p2a: Whimsicott|1\n|-damage|p2a: Whimsicott|0 fnt\n|faint|p2a: Whimsicott\n|move|p2b: Garchomp|Rock Slide|p1a: Gardevoir|[spread] p1a,p1b\n|-supereffective|p1b: Talonflame|2\n|-damage|p1a: Gardevoir|62/100\n|-damage|p1b: Talonflame|0 fnt\n|faint|p1b: Talonflame\n|-damage|p2b: Garchomp|90/100|[from] item: Life Orb\n|move|p1a: Gardevoir|Hyper Voice|p2b: Garchomp\n|-supereffective|p2b: Garchomp|1\n|-damage|p2b: Garchomp|0 fnt\n|faint|p2b: Garchomp\n|\n|upkeep\n|\n|t:|1788206520\n|switch|p1b: Maushold|Maushold-Four, L50|56/100\n|switch|p2a: Charizard|Charizard, L50, M, shiny|100/100\n|switch|p2b: Kingambit|Kingambit, L50, F|44/100\n|turn|8\n|\n|t:|1788206541\n|detailschange|p2a: Charizard|Charizard-Mega-Y, L50, M, shiny\n|-mega|p2a: Charizard|Charizard|Charizardite Y\n|-weather|SunnyDay|[from] ability: Drought|[of] p2a: Charizard\n|move|p1b: Maushold|Follow Me|p1b: Maushold\n|-singleturn|p1b: Maushold|move: Follow Me\n|move|p2a: Charizard|Heat Wave|p1a: Gardevoir|[spread] p1b\n|-miss|p2a: Charizard|p1a: Gardevoir\n|-damage|p1b: Maushold|0 fnt\n|faint|p1b: Maushold\n|move|p1a: Gardevoir|Hyper Voice|p2b: Kingambit|[spread] p2a,p2b\n|-resisted|p2a: Charizard|1\n|-damage|p2a: Charizard|78/100\n|-damage|p2b: Kingambit|0 fnt\n|faint|p2b: Kingambit\n|\n|-weather|SunnyDay|[upkeep]\n|upkeep\n|turn|9\n|\n|t:|1788206557\n|move|p2a: Charizard|Weather Ball|p1a: Gardevoir\n|-damage|p1a: Gardevoir|0 fnt\n|faint|p1a: Gardevoir\n|\n|win|w0rms4f1ng3rs\n","uploadtime":1788206557,"views":"1","formatid":"gen9championsvgc2026regmbbo3","rating":null,"private":0,"password":null}