{"id":"gen9championsvgc2026regmbbo3-2674083244","format":"[Gen 9 Champions] VGC 2026 Reg M-B (Bo3)","players":["messages","plasma_ticc"],"log":"|j|☆messages\n|j|☆plasma_ticc\n|html|<table width=\"100%\"><tr><td align=\"left\">messages</td><td align=\"right\">plasma_ticc</tr><tr><td align=\"left\"><i class=\"fa fa-circle\"></i> <i class=\"fa fa-circle-o\"></i> </td><td align=\"right\"><i class=\"fa fa-circle-o\"></i> <i class=\"fa fa-circle\"></i> </tr></table>\n|uhtml|bestof|<h2><strong>Game 3</strong> of <a href=\"/game-bestof3-gen9championsvgc2026regmbbo3-2674080293\">a best-of-3</a></h2>\n|t:|1788296809\n|gametype|doubles\n|player|p1|messages|waitress-gen4|\n|player|p2|plasma_ticc|dawn|\n|gen|9\n|tier|[Gen 9 Champions] VGC 2026 Reg M-B (Bo3)\n|rule|Species Clause: Limit one of each Pokémon\n|rule|Item Clause: Limit 1 of each item\n|clearpoke\n|poke|p1|Farigiraf, L50, F, shiny|\n|poke|p1|Machamp, L50, F, shiny|\n|poke|p1|Tauros-Paldea-Aqua, L50, M, shiny|\n|poke|p1|Venusaur, L50, M, shiny|\n|poke|p1|Charizard, L50, M, shiny|\n|poke|p1|Sharpedo, L50, M, shiny|\n|poke|p2|Tyranitar, L50, M|\n|poke|p2|Aromatisse, L50, M|\n|poke|p2|Meowstic, L50, M|\n|poke|p2|Excadrill, L50, M|\n|poke|p2|Milotic, L50, M|\n|poke|p2|Lycanroc, L50, M|\n|teampreview|4\n|showteam|p1|Farigiraf||ColburBerry|ArmorTail|AllySwitch,ThunderWave,Thunderbolt,Protect|Bold||F|||50|]Machamp||LifeOrb|NoGuard|DynamicPunch,HeavySlam,BulletPunch,Protect|Adamant||F|||50|]Tauros-Paldea-Aqua||ExpertBelt|Intimidate|CloseCombat,WaveCrash,WildCharge,AquaJet|Adamant||M|||50|]Venusaur||SitrusBerry|Chlorophyll|SleepPowder,WeatherBall,EnergyBall,Protect|Modest||M|||50|]Charizard||CharizarditeY|Blaze|WeatherBall,SolarBeam,Protect,HeatWave|Timid||M|||50|]Sharpedo||FocusSash|SpeedBoost|Protect,Crunch,Waterfall,AquaJet|Adamant||M|||50|\n|showteam|p2|Tyranitar||ChoiceScarf|SandStream|RockSlide,KnockOff,IcePunch,StoneEdge|Adamant||M|||50|]Aromatisse||FairyFeather|AromaVeil|Protect,TrickRoom,Moonblast,Encore|Modest||M|||50|]Meowstic||Meowsticite|Prankster|Psychic,Thunderbolt,Protect,FakeOut|Modest||M|||50|]Excadrill||FocusSash|SandRush|Protect,Earthquake,HighHorsepower,IronHead|Adamant||M|||50|]Milotic||SitrusBerry|Competitive|Scald,IceBeam,Protect,Recover|Modest||M|||50|]Lycanroc||WhiteHerb|SandRush|CloseCombat,Accelerock,Protect,RockSlide|Adamant||M|||50|\n|j| CandidClem\n|inactive|Battle timer is ON: inactive players will automatically lose when time's up. (requested by messages)\n|\n|t:|1788296871\n|teamsize|p1|4\n|teamsize|p2|4\n|start\n|switch|p1a: Gassy Champ|Machamp, L50, F, shiny|100/100\n|switch|p1b: JAWS|Sharpedo, L50, M, shiny|100/100\n|switch|p2a: Aromatisse|Aromatisse, L50, M|100/100\n|switch|p2b: Tyranitar|Tyranitar, L50, M|100/100\n|-weather|Sandstorm|[from] ability: Sand Stream|[of] p2b: Tyranitar\n|turn|1\n|\n|t:|1788296892\n|switch|p2b: Meowstic|Meowstic, L50, M|100/100\n|move|p1b: JAWS|Waterfall|p2b: Meowstic\n|-damage|p2b: Meowstic|37/100\n|move|p1a: Gassy Champ|Heavy Slam|p2a: Aromatisse\n|-supereffective|p2a: Aromatisse|1\n|-damage|p2a: Aromatisse|6/100\n|-damage|p1a: Gassy Champ|90/100|[from] item: Life Orb\n|move|p2a: Aromatisse|Moonblast|p1a: Gassy Champ\n|-supereffective|p1a: Gassy Champ|1\n|-damage|p1a: Gassy Champ|14/100\n|\n|-weather|Sandstorm|[upkeep]\n|-damage|p2b: Meowstic|31/100|[from] Sandstorm\n|-damage|p1b: JAWS|93/100|[from] Sandstorm\n|-damage|p1a: Gassy Champ|8/100|[from] Sandstorm\n|-damage|p2a: Aromatisse|0 fnt|[from] Sandstorm\n|faint|p2a: Aromatisse\n|-ability|p1b: JAWS|Speed Boost|boost\n|-boost|p1b: JAWS|spe|1\n|upkeep\n|\n|t:|1788296902\n|switch|p2a: Lycanroc|Lycanroc, L50, M|100/100\n|turn|2\n|\n|t:|1788296924\n|detailschange|p2b: Meowstic|Meowstic-M-Mega, L50, M\n|-mega|p2b: Meowstic|Meowstic|Meowsticite\n|-ability|p2b: Meowstic|Speed Boost|Trace|[from] ability: Trace|[of] p1b: JAWS\n|move|p1b: JAWS|Protect|p1b: JAWS\n|-singleturn|p1b: JAWS|Protect\n|move|p1a: Gassy Champ|Protect|p1a: Gassy Champ\n|-singleturn|p1a: Gassy Champ|Protect\n|move|p2b: Meowstic|Fake Out|p1a: Gassy Champ\n|-activate|p1a: Gassy Champ|move: Protect\n|move|p2a: Lycanroc|Close Combat|p1b: JAWS\n|-activate|p1b: JAWS|move: Protect\n|\n|-weather|Sandstorm|[upkeep]\n|-damage|p1b: JAWS|87/100|[from] Sandstorm\n|-damage|p2b: Meowstic|25/100|[from] Sandstorm\n|-damage|p1a: Gassy Champ|2/100|[from] Sandstorm\n|-ability|p1b: JAWS|Speed Boost|boost\n|-boost|p1b: JAWS|spe|1\n|-ability|p2b: Meowstic|Speed Boost|boost\n|-boost|p2b: Meowstic|spe|1\n|upkeep\n|turn|3\n|\n|t:|1788296941\n|move|p1a: Gassy Champ|Bullet Punch|p2b: Meowstic\n|-damage|p2b: Meowstic|1/100\n|-damage|p1a: Gassy Champ|0 fnt|[from] item: Life Orb\n|faint|p1a: Gassy Champ\n|move|p2a: Lycanroc|Close Combat|p1b: JAWS\n|-supereffective|p1b: JAWS|1\n|-crit|p1b: JAWS\n|-damage|p1b: JAWS|0 fnt\n|-unboost|p2a: Lycanroc|def|1\n|-unboost|p2a: Lycanroc|spd|1\n|faint|p1b: JAWS\n|-enditem|p2a: Lycanroc|White Herb\n|-clearnegativeboost|p2a: Lycanroc|[silent]\n|move|p2b: Meowstic|Thunderbolt|p1: Gassy Champ|[notarget]\n|-fail|p2b: Meowstic\n|\n|-weather|Sandstorm|[upkeep]\n|-damage|p2b: Meowstic|0 fnt|[from] Sandstorm\n|faint|p2b: Meowstic\n|upkeep\n|\n|t:|1788296947\n|switch|p2b: Tyranitar|Tyranitar, L50, M|100/100\n|switch|p1b: this is my legacy|Charizard, L50, M, shiny|100/100\n|switch|p1a: Fraudasaur|Venusaur, L50, M, shiny|100/100\n|turn|4\n|inactive|messages has 30 seconds left.\n|inactive|plasma_ticc has 30 seconds left.\n|inactive|messages has 20 seconds left.\n|inactive|messages has 15 seconds left.\n|inactive|plasma_ticc has 20 seconds left.\n|inactive|messages has 10 seconds left.\n|inactive|plasma_ticc has 15 seconds left.\n|inactive|plasma_ticc has 10 seconds left.\n|\n|t:|1788297000\n|detailschange|p1b: this is my legacy|Charizard-Mega-Y, L50, M, shiny\n|-mega|p1b: this is my legacy|Charizard|Charizardite Y\n|-weather|SunnyDay|[from] ability: Drought|[of] p1b: this is my legacy\n|move|p1a: Fraudasaur|Energy Ball|p2b: Tyranitar\n|-supereffective|p2b: Tyranitar|1\n|-damage|p2b: Tyranitar|10/100\n|move|p2b: Tyranitar|Rock Slide|p1a: Fraudasaur|[spread] p1a\n|-miss|p2b: Tyranitar|p1b: this is my legacy\n|-damage|p1a: Fraudasaur|59/100\n|move|p1b: this is my legacy|Solar Beam||[still]\n|-prepare|p1b: this is my legacy|Solar Beam\n|-anim|p1b: this is my legacy|Solar Beam|p2b: Tyranitar\n|-supereffective|p2b: Tyranitar|1\n|-damage|p2b: Tyranitar|0 fnt\n|faint|p2b: Tyranitar\n|move|p2a: Lycanroc|Rock Slide|p1b: this is my legacy|[spread] p1a,p1b\n|-crit|p1a: Fraudasaur\n|-supereffective|p1b: this is my legacy|2\n|-damage|p1a: Fraudasaur|1/100\n|-damage|p1b: this is my legacy|0 fnt\n|-enditem|p1a: Fraudasaur|Sitrus Berry|[eat]\n|-heal|p1a: Fraudasaur|26/100|[from] item: Sitrus Berry\n|faint|p1b: this is my legacy\n|\n|-weather|SunnyDay|[upkeep]\n|upkeep\n|turn|5\n|inactive|messages has 30 seconds left.\n|inactive|plasma_ticc has 30 seconds left.\n|inactive|messages has 20 seconds left.\n|inactive|messages has 15 seconds left.\n|c|☆messages|GO VENUSAUR\n|c|☆messages|GO\n|\n|t:|1788297045\n|move|p2a: Lycanroc|Accelerock|p1a: Fraudasaur\n|-damage|p1a: Fraudasaur|0 fnt\n|faint|p1a: Fraudasaur\n|\n|win|plasma_ticc\n|c|☆messages|DONT FAIL\n|c|☆messages|nooo\n|c|☆messages|ono\n|c|☆plasma_ticc|gg\n|c|☆messages|ggs\n","uploadtime":1788297068,"views":"8","formatid":"gen9championsvgc2026regmbbo3","rating":null,"private":0,"password":null}