{"id":"gen9championsvgc2026regmbbo3-2673999817","format":"[Gen 9 Champions] VGC 2026 Reg M-B (Bo3)","players":["Pawah","morals2"],"log":"|j|☆Pawah\n|j|☆morals2\n|html|<table width=\"100%\"><tr><td align=\"left\">Pawah</td><td align=\"right\">morals2</tr><tr><td align=\"left\"><i class=\"fa fa-circle-o\"></i> <i class=\"fa fa-circle-o\"></i> </td><td align=\"right\"><i class=\"fa fa-circle-o\"></i> <i class=\"fa fa-circle-o\"></i> </tr></table>\n|uhtml|bestof|<h2><strong>Game 1</strong> of <a href=\"/game-bestof3-gen9championsvgc2026regmbbo3-2673999816\">a best-of-3</a></h2>\n|t:|1788286637\n|gametype|doubles\n|player|p1|Pawah|ethan|1147\n|player|p2|morals2|1|1043\n|gen|9\n|tier|[Gen 9 Champions] VGC 2026 Reg M-B (Bo3)\n|rated|\n|rule|Species Clause: Limit one of each Pokémon\n|rule|Item Clause: Limit 1 of each item\n|clearpoke\n|poke|p1|Froslass, L50, F|\n|poke|p1|Scovillain, L50, M, shiny|\n|poke|p1|Basculegion, L50, M|\n|poke|p1|Kingambit, L50, M|\n|poke|p1|Sneasler, L50, M|\n|poke|p1|Lycanroc-Dusk, L50, M|\n|poke|p2|Staraptor, L50, F|\n|poke|p2|Garchomp, L50, F|\n|poke|p2|Gholdengo, L50|\n|poke|p2|Grimmsnarl, L50, M|\n|poke|p2|Glimmora, L50, F|\n|poke|p2|Serperior, L50, M|\n|teampreview|4\n|showteam|p1|Froslass||Froslassite|CursedBody|Blizzard,ShadowBall,AuroraVeil,Protect|Modest||F|||50|]Scovillain||Scovillainite|Moody|GigaDrain,Overheat,RagePowder,Protect|Bold||M|||50|]Basculegion||SitrusBerry|Adaptability|WaveCrash,LastRespects,AquaJet,Protect|Adamant||M|||50|]Kingambit||BlackGlasses|Defiant|KowtowCleave,SuckerPunch,SwordsDance,Protect|Adamant||M|||50|]Sneasler||WhiteHerb|Unburden|CloseCombat,GunkShot,Protect,FakeOut|Adamant||M|||50|]Lycanroc-Dusk||FocusSash|ToughClaws|CloseCombat,Accelerock,RockSlide,Protect|Adamant||M|||50|\n|showteam|p2|Staraptor||Staraptite|Intimidate|CloseCombat,BraveBird,Roost,Protect|Jolly||F|||50|]Garchomp||SitrusBerry|RoughSkin|DragonClaw,StompingTantrum,RockTomb,Protect|Adamant||F|||50|]Gholdengo||LifeOrb|GoodasGold|MakeItRain,ShadowBall,NastyPlot,Protect|Timid|||||50|]Grimmsnarl||RoseliBerry|Prankster|FakeOut,ScaryFace,PartingShot,SpiritBreak|Careful||M|||50|]Glimmora||Glimmoranite|ToxicDebris|PowerGem,SludgeBomb,EarthPower,SpikyShield|Timid||F|||50|]Serperior||WideLens|Contrary|LeafStorm,Glare,Taunt,Protect|Timid||M|||50|\n|inactive|Battle timer is ON: inactive players will automatically lose when time's up. (requested by Pawah)\n|inactive|Pawah has 60 seconds left.\n|inactive|morals2 has 60 seconds left.\n|inactive|morals2 has 30 seconds left.\n|inactive|morals2 has 20 seconds left.\n|inactive|morals2 has 15 seconds left.\n|inactive|morals2 has 10 seconds left.\n|inactive|morals2 has 5 seconds left.\n|inactiveoff|Battle timer is now OFF.\n|\n|t:|1788286728\n|teamsize|p1|4\n|teamsize|p2|4\n|start\n|switch|p1a: Scovillain|Scovillain, L50, M, shiny|100/100\n|switch|p1b: Sneasler|Sneasler, L50, M|100/100\n|switch|p2a: Garchomp|Garchomp, L50, F|100/100\n|switch|p2b: Staraptor|Staraptor, L50, F|100/100\n|-ability|p2b: Staraptor|Intimidate|boost\n|-unboost|p1a: Scovillain|atk|1\n|-unboost|p1b: Sneasler|atk|1\n|-enditem|p1b: Sneasler|White Herb\n|-clearnegativeboost|p1b: Sneasler|[silent]\n|turn|1\n|\n|t:|1788286774\n|switch|p2b: Glimmora|Glimmora, L50, F|100/100\n|detailschange|p1a: Scovillain|Scovillain-Mega, L50, M, shiny\n|-mega|p1a: Scovillain|Scovillain|Scovillainite\n|move|p1a: Scovillain|Rage Powder|p1a: Scovillain\n|-singleturn|p1a: Scovillain|move: Rage Powder\n|move|p1b: Sneasler|Close Combat|p2a: Garchomp\n|-damage|p2a: Garchomp|45/100\n|-unboost|p1b: Sneasler|def|1\n|-unboost|p1b: Sneasler|spd|1\n|-damage|p1b: Sneasler|87/100|[from] ability: Rough Skin|[of] p2a: Garchomp\n|-enditem|p2a: Garchomp|Sitrus Berry|[eat]\n|-heal|p2a: Garchomp|70/100|[from] item: Sitrus Berry\n|move|p2a: Garchomp|Stomping Tantrum|p1a: Scovillain\n|-damage|p1a: Scovillain|58/100\n|-status|p2a: Garchomp|brn|[from] ability: Spicy Spray|[of] p1a: Scovillain\n|\n|-damage|p2a: Garchomp|64/100 brn|[from] brn\n|upkeep\n|turn|2\n|\n|t:|1788286805\n|switch|p2a: Staraptor|Staraptor, L50, F|100/100\n|-ability|p2a: Staraptor|Intimidate|boost\n|-unboost|p1a: Scovillain|atk|1\n|-unboost|p1b: Sneasler|atk|1\n|detailschange|p2b: Glimmora|Glimmora-Mega, L50, F\n|-mega|p2b: Glimmora|Glimmora|Glimmoranite\n|move|p1a: Scovillain|Rage Powder|p1a: Scovillain\n|-singleturn|p1a: Scovillain|move: Rage Powder\n|move|p1b: Sneasler|Close Combat|p2b: Glimmora\n|-damage|p2b: Glimmora|61/100\n|-unboost|p1b: Sneasler|def|1\n|-unboost|p1b: Sneasler|spd|1\n|move|p2b: Glimmora|Earth Power|p1a: Scovillain\n|-damage|p1a: Scovillain|22/100\n|-status|p2b: Glimmora|brn|[from] ability: Spicy Spray|[of] p1a: Scovillain\n|\n|-damage|p2b: Glimmora|55/100 brn|[from] brn\n|upkeep\n|turn|3\n|\n|t:|1788286851\n|switch|p1b: Basculegion|Basculegion, L50, M|100/100\n|move|p1a: Scovillain|Rage Powder|p1a: Scovillain\n|-singleturn|p1a: Scovillain|move: Rage Powder\n|move|p2b: Glimmora|Power Gem|p1a: Scovillain\n|-supereffective|p1a: Scovillain|1\n|-damage|p1a: Scovillain|0 fnt\n|faint|p1a: Scovillain\n|move|p2a: Staraptor|Brave Bird|p1b: Basculegion\n|-damage|p1b: Basculegion|52/100\n|-damage|p2a: Staraptor|80/100|[from] Recoil\n|\n|-damage|p2b: Glimmora|49/100 brn|[from] brn\n|upkeep\n|\n|t:|1788286863\n|switch|p1a: Kingambit|Kingambit, L50, M|100/100\n|turn|4\n|\n|t:|1788286893\n|switch|p2b: Garchomp|Garchomp, L50, F|64/100 brn\n|move|p1a: Kingambit|Protect|p1a: Kingambit\n|-singleturn|p1a: Kingambit|Protect\n|move|p2a: Staraptor|Close Combat|p1a: Kingambit\n|-activate|p1a: Kingambit|move: Protect\n|move|p1b: Basculegion|Wave Crash|p2a: Staraptor\n|-damage|p2a: Staraptor|0 fnt\n|faint|p2a: Staraptor\n|-damage|p1b: Basculegion|29/100|[from] Recoil\n|-enditem|p1b: Basculegion|Sitrus Berry|[eat]\n|-heal|p1b: Basculegion|54/100|[from] item: Sitrus Berry\n|\n|-damage|p2b: Garchomp|58/100 brn|[from] brn\n|upkeep\n|\n|t:|1788286900\n|switch|p2a: Serperior|Serperior, L50, M|100/100\n|turn|5\n|\n|t:|1788286915\n|move|p2a: Serperior|Protect|p2a: Serperior\n|-singleturn|p2a: Serperior|Protect\n|move|p1b: Basculegion|Protect|p1b: Basculegion\n|-singleturn|p1b: Basculegion|Protect\n|move|p1a: Kingambit|Sucker Punch||[still]\n|-fail|p1a: Kingambit\n|move|p2b: Garchomp|Stomping Tantrum|p1a: Kingambit\n|-supereffective|p1a: Kingambit|1\n|-damage|p1a: Kingambit|66/100\n|\n|-damage|p2b: Garchomp|52/100 brn|[from] brn\n|upkeep\n|turn|6\n|\n|t:|1788286931\n|switch|p1b: Sneasler|Sneasler, L50, M|87/100\n|move|p2a: Serperior|Leaf Storm|p1b: Sneasler\n|-resisted|p1b: Sneasler|1\n|-damage|p1b: Sneasler|65/100\n|-boost|p2a: Serperior|spa|2\n|move|p2b: Garchomp|Stomping Tantrum|p1b: Sneasler\n|-supereffective|p1b: Sneasler|1\n|-damage|p1b: Sneasler|20/100y\n|move|p1a: Kingambit|Swords Dance|p1a: Kingambit\n|-boost|p1a: Kingambit|atk|2\n|\n|-damage|p2b: Garchomp|46/100 brn|[from] brn\n|upkeep\n|turn|7\n|\n|t:|1788286952\n|move|p1a: Kingambit|Sucker Punch|p2a: Serperior\n|-damage|p2a: Serperior|2/100\n|move|p2a: Serperior|Leaf Storm|p1b: Sneasler\n|-resisted|p1b: Sneasler|1\n|-damage|p1b: Sneasler|0 fnt\n|-boost|p2a: Serperior|spa|2\n|faint|p1b: Sneasler\n|move|p2b: Garchomp|Stomping Tantrum|p1a: Kingambit\n|-supereffective|p1a: Kingambit|1\n|-damage|p1a: Kingambit|33/100\n|\n|-damage|p2b: Garchomp|40/100 brn|[from] brn\n|upkeep\n|\n|t:|1788286957\n|switch|p1b: Basculegion|Basculegion, L50, M|54/100\n|turn|8\n|\n|t:|1788286999\n|move|p1b: Basculegion|Aqua Jet|p2a: Serperior\n|-resisted|p2a: Serperior|1\n|-damage|p2a: Serperior|0 fnt\n|faint|p2a: Serperior\n|move|p1a: Kingambit|Sucker Punch|p2b: Garchomp\n|-damage|p2b: Garchomp|0 fnt\n|-damage|p1a: Kingambit|21/100|[from] ability: Rough Skin|[of] p2b: Garchomp\n|faint|p2b: Garchomp\n|\n|upkeep\n|\n|t:|1788287002\n|switch|p2b: Glimmora|Glimmora-Mega, L50, F|49/100 brn\n|turn|9\n|-message|morals2 forfeited.\n|\n|win|Pawah\n","uploadtime":1788287004,"views":"0","formatid":"gen9championsvgc2026regmbbo3","rating":null,"private":0,"password":null}