{"id":"gen9championsvgc2026regmbbo3-2673722829","format":"[Gen 9 Champions] VGC 2026 Reg M-B (Bo3)","players":["AdaelVGC","shibikanon"],"log":"|j|☆AdaelVGC\n|j|☆shibikanon\n|html|<table width=\"100%\"><tr><td align=\"left\">AdaelVGC</td><td align=\"right\">shibikanon</tr><tr><td align=\"left\"><i class=\"fa fa-circle\"></i> <i class=\"fa fa-circle-o\"></i> </td><td align=\"right\"><i class=\"fa fa-circle-o\"></i> <i class=\"fa fa-circle-o\"></i> </tr></table>\n|uhtml|bestof|<h2><strong>Game 2</strong> of <a href=\"/game-bestof3-gen9championsvgc2026regmbbo3-2673722258\">a best-of-3</a></h2>\n|t:|1788240768\n|gametype|doubles\n|player|p1|AdaelVGC|guitarist-gen4|1169\n|player|p2|shibikanon|skyla-masters3|1288\n|gen|9\n|tier|[Gen 9 Champions] VGC 2026 Reg M-B (Bo3)\n|rated|\n|rule|Species Clause: Limit one of each Pokémon\n|rule|Item Clause: Limit 1 of each item\n|clearpoke\n|poke|p1|Aerodactyl, L50, M|\n|poke|p1|Floette-Eternal, L50, F|\n|poke|p1|Incineroar, L50, F|\n|poke|p1|Charizard, L50, F|\n|poke|p1|Garchomp, L50, M|\n|poke|p1|Kingambit, L50, M, shiny|\n|poke|p2|Ninetales-Alola, L50, F, shiny|\n|poke|p2|Gengar, L50, M|\n|poke|p2|Sneasler, L50, M|\n|poke|p2|Dragonite, L50, M|\n|poke|p2|Incineroar, L50, F|\n|poke|p2|Kingambit, L50, F|\n|teampreview|4\n|showteam|p1|Aerodactyl||FocusSash|Unnerve|Tailwind,DualWingbeat,RockSlide,WideGuard|Jolly||M|||50|]Floette-Eternal||Floettite|FlowerVeil|Moonblast,DazzlingGleam,Protect,CalmMind|Timid||F|||50|]Incineroar||SitrusBerry|Intimidate|FlareBlitz,FakeOut,PartingShot,HelpingHand|Careful||F|||50|]Charizard||CharizarditeY|SolarPower|HeatWave,WeatherBall,AncientPower,Protect|Timid||F|||50|]Garchomp||LifeOrb|RoughSkin|Protect,StompingTantrum,Earthquake,DragonClaw|Adamant||M|||50|]Kingambit||BlackGlasses|Defiant|KowtowCleave,SuckerPunch,IronHead,Protect|Adamant||M|||50|\n|showteam|p2|Ninetales-Alola||ChoiceScarf|SnowWarning|Blizzard,IcyWind,FreezeDry,Encore|Timid||F|||50|]Gengar||Gengarite|CursedBody|ShadowBall,SludgeBomb,Substitute,Protect|Modest||M|||50|]Sneasler||FocusSash|Unburden|CloseCombat,DireClaw,RockSlide,Protect|Adamant||M|||50|]Dragonite||LifeOrb|InnerFocus|DragonClaw,Superpower,ExtremeSpeed,Protect|Adamant||M|||50|]Incineroar||SitrusBerry|Intimidate|FlareBlitz,ThroatChop,PartingShot,FakeOut|Impish||F|||50|]Kingambit||BlackGlasses|Defiant|KowtowCleave,SuckerPunch,LowKick,Protect|Adamant||F|||50|\n|inactive|Battle timer is ON: inactive players will automatically lose when time's up. (requested by shibikanon)\n|\n|t:|1788240791\n|teamsize|p1|4\n|teamsize|p2|4\n|start\n|switch|p1a: Aerodactyl|Aerodactyl, L50, M|100/100\n|switch|p1b: Incineroar|Incineroar, L50, F|100/100\n|switch|p2a: Incineroar|Incineroar, L50, F|100/100\n|switch|p2b: Gengar|Gengar, L50, M|100/100\n|-ability|p1a: Aerodactyl|Unnerve\n|-ability|p1b: Incineroar|Intimidate|boost\n|-unboost|p2a: Incineroar|atk|1\n|-unboost|p2b: Gengar|atk|1\n|-ability|p2a: Incineroar|Intimidate|boost\n|-unboost|p1a: Aerodactyl|atk|1\n|-unboost|p1b: Incineroar|atk|1\n|turn|1\n|inactive|AdaelVGC has 30 seconds left.\n|\n|t:|1788240821\n|switch|p2a: Dragonite|Dragonite, L50, M|100/100\n|detailschange|p2b: Gengar|Gengar-Mega, L50, M\n|-mega|p2b: Gengar|Gengar|Gengarite\n|move|p1b: Incineroar|Fake Out|p2a: Dragonite\n|-damage|p2a: Dragonite|92/100\n|move|p1a: Aerodactyl|Tailwind|p1a: Aerodactyl\n|-sidestart|p1: AdaelVGC|move: Tailwind\n|move|p2b: Gengar|Shadow Ball|p1a: Aerodactyl\n|-damage|p1a: Aerodactyl|34/100\n|\n|upkeep\n|turn|2\n|inactive|AdaelVGC has 30 seconds left.\n|inactive|AdaelVGC has 20 seconds left.\n|inactive|AdaelVGC has 15 seconds left.\n|\n|t:|1788240864\n|switch|p2b: Incineroar|Incineroar, L50, F|100/100\n|-ability|p2b: Incineroar|Intimidate|boost\n|-unboost|p1a: Aerodactyl|atk|1\n|-unboost|p1b: Incineroar|atk|1\n|move|p1a: Aerodactyl|Rock Slide|p2b: Incineroar|[spread] p2a,p2b\n|-supereffective|p2a: Dragonite|1\n|-supereffective|p2b: Incineroar|1\n|-damage|p2a: Dragonite|66/100\n|-damage|p2b: Incineroar|82/100\n|move|p1b: Incineroar|Parting Shot|p2b: Incineroar\n|-unboost|p2b: Incineroar|atk|1\n|-unboost|p2b: Incineroar|spa|1\n|\n|t:|1788240885\n|switch|p1b: Charizard|Charizard, L50, F|100/100|[from] Parting Shot\n|move|p2a: Dragonite|Superpower|p1b: Charizard\n|-resisted|p1b: Charizard|1\n|-damage|p1b: Charizard|65/100\n|-unboost|p2a: Dragonite|atk|1\n|-unboost|p2a: Dragonite|def|1\n|-damage|p2a: Dragonite|56/100|[from] item: Life Orb\n|\n|upkeep\n|turn|3\n|\n|t:|1788240909\n|switch|p1a: Incineroar|Incineroar, L50, F|100/100\n|-ability|p1a: Incineroar|Intimidate|boost\n|-fail|p2a: Dragonite|unboost|Attack|[from] ability: Inner Focus|[of] p2a: Dragonite\n|-unboost|p2b: Incineroar|atk|1\n|switch|p2a: Gengar|Gengar-Mega, L50, M|100/100\n|detailschange|p1b: Charizard|Charizard-Mega-Y, L50, F\n|-mega|p1b: Charizard|Charizard|Charizardite Y\n|-weather|SunnyDay|[from] ability: Drought|[of] p1b: Charizard\n|move|p1b: Charizard|Protect|p1b: Charizard\n|-singleturn|p1b: Charizard|Protect\n|move|p2b: Incineroar|Fake Out|p1b: Charizard\n|-activate|p1b: Charizard|move: Protect\n|\n|-weather|SunnyDay|[upkeep]\n|upkeep\n|turn|4\n|\n|t:|1788240930\n|switch|p2b: Dragonite|Dragonite, L50, M|56/100\n|move|p1a: Incineroar|Helping Hand|p1b: Charizard\n|-singleturn|p1b: Charizard|Helping Hand|[of] p1a: Incineroar\n|move|p2a: Gengar|Protect|p2a: Gengar\n|-singleturn|p2a: Gengar|Protect\n|move|p1b: Charizard|Heat Wave|p2b: Dragonite|[spread] \n|-activate|p2a: Gengar|move: Protect\n|-miss|p1b: Charizard|p2b: Dragonite\n|\n|-weather|SunnyDay|[upkeep]\n|-sideend|p1: AdaelVGC|move: Tailwind\n|upkeep\n|turn|5\n|inactive|AdaelVGC has 30 seconds left.\n|\n|t:|1788240958\n|move|p1b: Charizard|Protect|p1b: Charizard\n|-singleturn|p1b: Charizard|Protect\n|move|p2a: Gengar|Sludge Bomb|p1b: Charizard\n|-activate|p1b: Charizard|move: Protect\n|move|p2b: Dragonite|Superpower|p1a: Incineroar\n|-supereffective|p1a: Incineroar|1\n|-damage|p1a: Incineroar|0 fnt\n|-unboost|p2b: Dragonite|atk|1\n|-unboost|p2b: Dragonite|def|1\n|faint|p1a: Incineroar\n|-damage|p2b: Dragonite|47/100|[from] item: Life Orb\n|\n|-weather|SunnyDay|[upkeep]\n|upkeep\n|\n|t:|1788240967\n|switch|p1a: Garchomp|Garchomp, L50, M|100/100\n|turn|6\n|inactive|AdaelVGC has 30 seconds left.\n|\n|t:|1788240993\n|move|p2a: Gengar|Protect|p2a: Gengar\n|-singleturn|p2a: Gengar|Protect\n|move|p2b: Dragonite|Extreme Speed|p1b: Charizard\n|-damage|p1b: Charizard|35/100\n|-damage|p2b: Dragonite|37/100|[from] item: Life Orb\n|move|p1b: Charizard|Ancient Power|p2b: Dragonite\n|-supereffective|p2b: Dragonite|1\n|-damage|p2b: Dragonite|0 fnt\n|faint|p2b: Dragonite\n|move|p1a: Garchomp|Stomping Tantrum|p2a: Gengar\n|-activate|p2a: Gengar|move: Protect\n|\n|-weather|SunnyDay|[upkeep]\n|upkeep\n|\n|t:|1788241006\n|switch|p2b: Ninetales|Ninetales-Alola, L50, F, shiny|100/100\n|-weather|Snowscape|[from] ability: Snow Warning|[of] p2b: Ninetales\n|turn|7\n|\n|t:|1788241018\n|move|p1a: Garchomp|Protect|p1a: Garchomp\n|-singleturn|p1a: Garchomp|Protect\n|move|p2b: Ninetales|Freeze-Dry|p1a: Garchomp\n|-activate|p1a: Garchomp|move: Protect\n|move|p2a: Gengar|Sludge Bomb|p1b: Charizard\n|-damage|p1b: Charizard|0 fnt\n|faint|p1b: Charizard\n|\n|-weather|Snowscape|[upkeep]\n|upkeep\n|\n|t:|1788241025\n|switch|p1b: Aerodactyl|Aerodactyl, L50, M|34/100\n|-ability|p1b: Aerodactyl|Unnerve\n|turn|8\n|\n|t:|1788241036\n|move|p1a: Garchomp|Protect||[still]\n|-fail|p1a: Garchomp\n|move|p2b: Ninetales|Freeze-Dry|p1a: Garchomp\n|-supereffective|p1a: Garchomp|2\n|-damage|p1a: Garchomp|0 fnt\n|faint|p1a: Garchomp\n|move|p1b: Aerodactyl|Tailwind|p1b: Aerodactyl\n|-sidestart|p1: AdaelVGC|move: Tailwind\n|move|p2a: Gengar|Shadow Ball|p1b: Aerodactyl\n|-damage|p1b: Aerodactyl|0 fnt\n|faint|p1b: Aerodactyl\n|\n|win|shibikanon\n","uploadtime":1788241036,"views":"4","formatid":"gen9championsvgc2026regmbbo3","rating":null,"private":0,"password":null}