{"id":"gen9championsvgc2026regmbbo3-2673383091","format":"[Gen 9 Champions] VGC 2026 Reg M-B (Bo3)","players":["handik","ace.bnz"],"log":"|j|☆handik\n|j|☆ace.bnz\n|html|<table width=\"100%\"><tr><td align=\"left\">handik</td><td align=\"right\">ace.bnz</tr><tr><td align=\"left\"><i class=\"fa fa-circle\"></i> <i class=\"fa fa-circle-o\"></i> </td><td align=\"right\"><i class=\"fa fa-circle-o\"></i> <i class=\"fa fa-circle\"></i> </tr></table>\n|uhtml|bestof|<h2><strong>Game 3</strong> of <a href=\"/game-bestof3-gen9championsvgc2026regmbbo3-2673380458\">a best-of-3</a></h2>\n|t:|1788191045\n|gametype|doubles\n|player|p1|handik|brycenman|1175\n|player|p2|ace.bnz|1|1185\n|gen|9\n|tier|[Gen 9 Champions] VGC 2026 Reg M-B (Bo3)\n|rated|\n|rule|Species Clause: Limit one of each Pokémon\n|rule|Item Clause: Limit 1 of each item\n|clearpoke\n|poke|p1|Raichu, L50, M|\n|poke|p1|Arcanine-Hisui, L50, M|\n|poke|p1|Sylveon, L50, F|\n|poke|p1|Staraptor, L50, F|\n|poke|p1|Kingambit, L50, M|\n|poke|p1|Basculegion, L50, M|\n|poke|p2|Kingambit, L50, F|\n|poke|p2|Whimsicott, L50, F|\n|poke|p2|Garchomp, L50, F|\n|poke|p2|Charizard, L50, M|\n|poke|p2|Basculegion, L50, M|\n|poke|p2|Dragonite, L50, M|\n|teampreview|4\n|showteam|p1|Raichu||RaichuniteY|LightningRod|ZapCannon,FocusBlast,FakeOut,Protect|Timid||M|||50|]Arcanine-Hisui||FocusSash|RockHead|FlareBlitz,HeadSmash,ExtremeSpeed,Protect|Jolly||M|||50|]Sylveon||FairyFeather|Pixilate|HyperBeam,HyperVoice,QuickAttack,Detect|Modest||F|||50|]Staraptor||Staraptite|Intimidate|BraveBird,CloseCombat,Tailwind,Protect|Jolly||F|||50|]Kingambit||BlackGlasses|Defiant|KowtowCleave,SuckerPunch,IronHead,Protect|Adamant||M|||50|]Basculegion||LifeOrb|Adaptability|WaveCrash,LastRespects,AquaJet,Protect|Adamant||M|||50|\n|showteam|p2|Kingambit||ChopleBerry|Defiant|Protect,KowtowCleave,SuckerPunch,IronHead|Adamant||F|||50|]Whimsicott||FocusSash|Prankster|Protect,Moonblast,Encore,Tailwind|Timid||F|||50|]Garchomp||RoseliBerry|RoughSkin|RockTomb,PoisonJab,DragonClaw,Earthquake|Adamant||F|||50|]Charizard||CharizarditeY|SolarPower|Protect,WeatherBall,SolarBeam,HeatWave|Modest||M|||50|]Basculegion||SitrusBerry|Adaptability|Protect,WaveCrash,AquaJet,LastRespects|Adamant||M|||50|]Dragonite||Dragoninite|Multiscale|Protect,HeatWave,Thunderbolt,DragonPulse|Modest||M|||50|\n|inactive|Battle timer is ON: inactive players will automatically lose when time's up. (requested by handik)\n|inactive|ace.bnz has 60 seconds left.\n|\n|t:|1788191080\n|teamsize|p1|4\n|teamsize|p2|4\n|start\n|switch|p1a: Staraptor|Staraptor, L50, F|100/100\n|switch|p1b: Sylveon|Sylveon, L50, F|100/100\n|switch|p2a: Whimsicott|Whimsicott, L50, F|100/100\n|switch|p2b: Dragonite|Dragonite, L50, M|100/100\n|-ability|p1a: Staraptor|Intimidate|boost\n|-unboost|p2a: Whimsicott|atk|1\n|-unboost|p2b: Dragonite|atk|1\n|turn|1\n|\n|t:|1788191095\n|detailschange|p1a: Staraptor|Staraptor-Mega, L50, F\n|-mega|p1a: Staraptor|Staraptor|Staraptite\n|detailschange|p2b: Dragonite|Dragonite-Mega, L50, M\n|-mega|p2b: Dragonite|Dragonite|Dragoninite\n|move|p1a: Staraptor|Close Combat|p2b: Dragonite\n|-resisted|p2b: Dragonite|1\n|-damage|p2b: Dragonite|85/100\n|-boost|p1a: Staraptor|def|1\n|-boost|p1a: Staraptor|spd|1\n|move|p2a: Whimsicott|Moonblast|p1a: Staraptor\n|-supereffective|p1a: Staraptor|1\n|-damage|p1a: Staraptor|40/100\n|move|p2b: Dragonite|Thunderbolt|p1a: Staraptor\n|-supereffective|p1a: Staraptor|1\n|-damage|p1a: Staraptor|0 fnt\n|faint|p1a: Staraptor\n|move|p1b: Sylveon|Hyper Voice|p2b: Dragonite|[spread] p2a,p2b\n|-supereffective|p2b: Dragonite|1\n|-damage|p2a: Whimsicott|25/100\n|-damage|p2b: Dragonite|3/100\n|\n|upkeep\n|\n|t:|1788191113\n|switch|p1a: Basculegion|Basculegion, L50, M|100/100\n|turn|2\n|\n|t:|1788191133\n|move|p2a: Whimsicott|Tailwind|p2a: Whimsicott\n|-sidestart|p2: ace.bnz|move: Tailwind\n|move|p1a: Basculegion|Aqua Jet|p2a: Whimsicott\n|-resisted|p2a: Whimsicott|1\n|-damage|p2a: Whimsicott|1/100\n|-damage|p1a: Basculegion|90/100|[from] item: Life Orb\n|move|p1b: Sylveon|Quick Attack|p2b: Dragonite\n|-supereffective|p2b: Dragonite|1\n|-damage|p2b: Dragonite|0 fnt\n|faint|p2b: Dragonite\n|\n|upkeep\n|\n|t:|1788191143\n|switch|p2b: Kingambit|Kingambit, L50, F|100/100\n|turn|3\n|\n|t:|1788191153\n|switch|p1a: Arcanine|Arcanine-Hisui, L50, M|100/100\n|move|p2a: Whimsicott|Encore||[still]\n|-fail|p2a: Whimsicott\n|move|p2b: Kingambit|Iron Head|p1b: Sylveon\n|-supereffective|p1b: Sylveon|1\n|-damage|p1b: Sylveon|0 fnt\n|faint|p1b: Sylveon\n|\n|upkeep\n|\n|t:|1788191161\n|switch|p1b: Basculegion|Basculegion, L50, M|90/100\n|turn|4\n|\n|t:|1788191179\n|move|p2a: Whimsicott|Protect|p2a: Whimsicott\n|-singleturn|p2a: Whimsicott|Protect\n|move|p2b: Kingambit|Sucker Punch|p1a: Arcanine\n|-damage|p1a: Arcanine|50/100g\n|move|p1b: Basculegion|Aqua Jet|p2a: Whimsicott\n|-activate|p2a: Whimsicott|move: Protect\n|move|p1a: Arcanine|Flare Blitz|p2b: Kingambit\n|-supereffective|p2b: Kingambit|1\n|-damage|p2b: Kingambit|20/100y\n|-status|p2b: Kingambit|brn\n|\n|-damage|p2b: Kingambit|14/100 brn|[from] brn\n|upkeep\n|turn|5\n|\n|t:|1788191200\n|switch|p2a: Garchomp|Garchomp, L50, F|100/100\n|move|p1a: Arcanine|Extreme Speed|p2a: Garchomp\n|-damage|p2a: Garchomp|75/100\n|-damage|p1a: Arcanine|38/100|[from] ability: Rough Skin|[of] p2a: Garchomp\n|move|p2b: Kingambit|Sucker Punch|p1b: Basculegion\n|-supereffective|p1b: Basculegion|1\n|-damage|p1b: Basculegion|37/100\n|move|p1b: Basculegion|Aqua Jet|p2b: Kingambit\n|-damage|p2b: Kingambit|0 fnt\n|faint|p2b: Kingambit\n|-damage|p1b: Basculegion|27/100|[from] item: Life Orb\n|\n|-sideend|p2: ace.bnz|move: Tailwind\n|upkeep\n|\n|t:|1788191210\n|switch|p2b: Whimsicott|Whimsicott, L50, F|1/100\n|turn|6\n|\n|t:|1788191230\n|move|p1a: Arcanine|Protect|p1a: Arcanine\n|-singleturn|p1a: Arcanine|Protect\n|move|p1b: Basculegion|Protect|p1b: Basculegion\n|-singleturn|p1b: Basculegion|Protect\n|move|p2b: Whimsicott|Tailwind|p2b: Whimsicott\n|-sidestart|p2: ace.bnz|move: Tailwind\n|move|p2a: Garchomp|Earthquake|p1b: Basculegion|[spread] p2b\n|-activate|p1a: Arcanine|move: Protect\n|-activate|p1b: Basculegion|move: Protect\n|-resisted|p2b: Whimsicott|1\n|-damage|p2b: Whimsicott|0 fnt\n|faint|p2b: Whimsicott\n|\n|upkeep\n|turn|7\n|\n|t:|1788191244\n|move|p1a: Arcanine|Extreme Speed|p2a: Garchomp\n|-damage|p2a: Garchomp|51/100\n|-damage|p1a: Arcanine|26/100|[from] ability: Rough Skin|[of] p2a: Garchomp\n|move|p1b: Basculegion|Aqua Jet|p2a: Garchomp\n|-damage|p2a: Garchomp|15/100\n|-damage|p1b: Basculegion|15/100|[from] ability: Rough Skin|[of] p2a: Garchomp\n|-damage|p1b: Basculegion|5/100|[from] item: Life Orb\n|move|p2a: Garchomp|Earthquake|p1a: Arcanine|[spread] p1a,p1b\n|-supereffective|p1a: Arcanine|2\n|-damage|p1a: Arcanine|0 fnt\n|-damage|p1b: Basculegion|0 fnt\n|faint|p1a: Arcanine\n|faint|p1b: Basculegion\n|\n|win|ace.bnz\n|raw|handik's rating: 1175 &rarr; <strong>1151</strong><br />(-24 for losing)\n|raw|ace.bnz's rating: 1185 &rarr; <strong>1209</strong><br />(+24 for winning)\n|l|☆handik\n|player|p1|\n|l|☆ace.bnz\n|player|p2|\n|j|☆ace.bnz\n|player|p2|ace.bnz|1|\n","uploadtime":1788191602,"views":"7","formatid":"gen9championsvgc2026regmbbo3","rating":1151,"private":0,"password":null}