{"id":"gen9championsvgc2026regmbbo3-2673528596","format":"[Gen 9 Champions] VGC 2026 Reg M-B (Bo3)","players":["platinumflare","Dregoth"],"log":"|j|☆platinumflare\n|j|☆Dregoth\n|html|<table width=\"100%\"><tr><td align=\"left\">platinumflare</td><td align=\"right\">Dregoth</tr><tr><td align=\"left\"><i class=\"fa fa-circle-o\"></i> <i class=\"fa fa-circle-o\"></i> </td><td align=\"right\"><i class=\"fa fa-circle-o\"></i> <i class=\"fa fa-circle-o\"></i> </tr></table>\n|uhtml|bestof|<h2><strong>Game 1</strong> of <a href=\"/game-bestof3-gen9championsvgc2026regmbbo3-2673528595\">a best-of-3</a></h2>\n|t:|1788208900\n|gametype|doubles\n|player|p1|platinumflare|lance|1296\n|player|p2|Dregoth|volkner|1449\n|gen|9\n|tier|[Gen 9 Champions] VGC 2026 Reg M-B (Bo3)\n|rated|\n|rule|Species Clause: Limit one of each Pokémon\n|rule|Item Clause: Limit 1 of each item\n|clearpoke\n|poke|p1|Blaziken, L50, M|\n|poke|p1|Meowscarada, L50, M|\n|poke|p1|Kingambit, L50, F|\n|poke|p1|Whimsicott, L50, F|\n|poke|p1|Floette-Eternal, L50, F|\n|poke|p1|Farigiraf, L50, M|\n|poke|p2|Charizard, L50, F|\n|poke|p2|Farigiraf, L50, M|\n|poke|p2|Incineroar, L50, F|\n|poke|p2|Rhyperior, L50, M|\n|poke|p2|Aegislash, L50, F|\n|poke|p2|Sylveon, L50, F|\n|teampreview|4\n|showteam|p1|Blaziken||Blazikenite|SpeedBoost|FlareBlitz,CloseCombat,RockSlide,Protect|Adamant||M|||50|]Meowscarada||ChoiceScarf|Protean|FlowerTrick,TripleAxel,KnockOff,Uturn|Adamant||M|||50|]Kingambit||LifeOrb|Defiant|KowtowCleave,LowKick,SuckerPunch,Protect|Adamant||F|||50|]Whimsicott||FocusSash|Prankster|Moonblast,Tailwind,Encore,Protect|Modest||F|||50|]Floette-Eternal||Floettite|FlowerVeil|DazzlingGleam,Moonblast,LightofRuin,Protect|Modest||F|||50|]Farigiraf||SitrusBerry|ArmorTail|TrickRoom,Imprison,Psychic,HyperVoice|Modest||M|||50|\n|showteam|p2|Charizard||CharizarditeY|SolarPower|HeatWave,WeatherBall,SolarBeam,Protect|Modest||F|||50|]Farigiraf||SitrusBerry|ArmorTail|TwinBeam,HelpingHand,TrickRoom,AllySwitch|Calm||M|||50|]Incineroar||Charcoal|Intimidate|FlareBlitz,DarkestLariat,FakeOut,PartingShot|Brave||F|||50|]Rhyperior||LifeOrb|SolidRock|HighHorsepower,RockSlide,IcePunch,Protect|Adamant||M|||50|]Aegislash||FocusSash|StanceChange|Poltergeist,IronHead,CloseCombat,WideGuard|Adamant||F|||50|]Sylveon||FairyFeather|Pixilate|HyperVoice,HyperBeam,Yawn,Protect|Quiet||F|||50|\n|inactive|Battle timer is ON: inactive players will automatically lose when time's up. (requested by platinumflare)\n|inactive|Dregoth has 60 seconds left.\n|\n|t:|1788208934\n|teamsize|p1|4\n|teamsize|p2|4\n|start\n|switch|p1a: Kingambit|Kingambit, L50, F|100/100\n|switch|p1b: Meowscarada|Meowscarada, L50, M|100/100\n|switch|p2a: Aegislash|Aegislash, L50, F|100/100\n|switch|p2b: Incineroar|Incineroar, L50, F|100/100\n|-ability|p2b: Incineroar|Intimidate|boost\n|-unboost|p1a: Kingambit|atk|1\n|-ability|p1a: Kingambit|Defiant|boost\n|-boost|p1a: Kingambit|atk|2\n|-unboost|p1b: Meowscarada|atk|1\n|turn|1\n|\n|t:|1788208947\n|switch|p1b: Farigiraf|Farigiraf, L50, M|100/100\n|move|p2b: Incineroar|Fake Out||[still]\n|cant|p1b: Farigiraf|ability: Armor Tail|Fake Out|[of] p2b: Incineroar\n|-formechange|p2a: Aegislash|Aegislash-Blade|\n|move|p2a: Aegislash|Close Combat|p1a: Kingambit\n|-supereffective|p1a: Kingambit|2\n|-damage|p1a: Kingambit|0 fnt\n|-unboost|p2a: Aegislash|def|1\n|-unboost|p2a: Aegislash|spd|1\n|faint|p1a: Kingambit\n|\n|upkeep\n|\n|t:|1788208958\n|switch|p1a: Blaziken|Blaziken, L50, M|100/100\n|turn|2\n|\n|t:|1788208968\n|switch|p2b: Farigiraf|Farigiraf, L50, M|100/100\n|detailschange|p1a: Blaziken|Blaziken-Mega, L50, M\n|-mega|p1a: Blaziken|Blaziken|Blazikenite\n|move|p1a: Blaziken|Rock Slide|p2b: Farigiraf|[spread] p2a,p2b\n|-resisted|p2a: Aegislash|1\n|-damage|p2a: Aegislash|56/100\n|-damage|p2b: Farigiraf|78/100\n|move|p2a: Aegislash|Poltergeist|p1a: Blaziken\n|-activate|p1a: Blaziken|move: Poltergeist|Blazikenite\n|-crit|p1a: Blaziken\n|-damage|p1a: Blaziken|0 fnt\n|faint|p1a: Blaziken\n|move|p1b: Farigiraf|Hyper Voice|p2b: Farigiraf|[spread] p2b\n|-immune|p2a: Aegislash\n|-damage|p2b: Farigiraf|54/100\n|\n|upkeep\n|\n|t:|1788208981\n|switch|p1a: Meowscarada|Meowscarada, L50, M|100/100\n|turn|3\n|\n|t:|1788208991\n|switch|p2a: Incineroar|Incineroar, L50, F|100/100\n|-ability|p2a: Incineroar|Intimidate|boost\n|-unboost|p1a: Meowscarada|atk|1\n|-unboost|p1b: Farigiraf|atk|1\n|move|p2b: Farigiraf|Ally Switch|p2b: Farigiraf\n|swap|p2b: Farigiraf|0|[from] move: Ally Switch\n|move|p1a: Meowscarada|Knock Off|p2b: Incineroar\n|-start|p1a: Meowscarada|typechange|Dark|[from] ability: Protean\n|-resisted|p2b: Incineroar|1\n|-damage|p2b: Incineroar|83/100\n|-enditem|p2b: Incineroar|Charcoal|[from] move: Knock Off|[of] p1a: Meowscarada\n|move|p1b: Farigiraf|Imprison|p1b: Farigiraf\n|-start|p1b: Farigiraf|move: Imprison\n|\n|upkeep\n|turn|4\n|\n|t:|1788209009\n|move|p2a: Farigiraf|Helping Hand|p2b: Incineroar\n|-singleturn|p2b: Incineroar|Helping Hand|[of] p2a: Farigiraf\n|move|p1a: Meowscarada|Knock Off|p2a: Farigiraf\n|-supereffective|p2a: Farigiraf|1\n|-damage|p2a: Farigiraf|0 fnt\n|-enditem|p2a: Farigiraf|Sitrus Berry|[from] move: Knock Off|[of] p1a: Meowscarada\n|faint|p2a: Farigiraf\n|move|p1b: Farigiraf|Hyper Voice|p2b: Incineroar\n|-damage|p2b: Incineroar|38/100\n|move|p2b: Incineroar|Flare Blitz|p1a: Meowscarada\n|-damage|p1a: Meowscarada|0 fnt\n|faint|p1a: Meowscarada\n|-damage|p2b: Incineroar|13/100|[from] Recoil\n|\n|upkeep\n|\n|t:|1788209014\n|switch|p2a: Sylveon|Sylveon, L50, F|100/100\n|turn|5\n|\n|t:|1788209020\n|move|p1b: Farigiraf|Hyper Voice|p2b: Incineroar|[spread] p2a,p2b\n|-damage|p2a: Sylveon|74/100\n|-damage|p2b: Incineroar|0 fnt\n|faint|p2b: Incineroar\n|move|p2a: Sylveon|Hyper Beam|p1b: Farigiraf\n|-damage|p1b: Farigiraf|0 fnt\n|-mustrecharge|p2a: Sylveon\n|faint|p1b: Farigiraf\n|\n|win|Dregoth\n||Dregoth is ready for game 2.\n||platinumflare is ready for game 2.\n|uhtml|next|Next: <a href=\"/battle-gen9championsvgc2026regmbbo3-2673529543\"><strong>Game 2 of 3</strong></a>\n|l|☆Dregoth\n|player|p2|\n","uploadtime":1788209258,"views":"0","formatid":"gen9championsvgc2026regmbbo3","rating":null,"private":0,"password":null}