{"id":"gen9championsvgc2026regmb-2673950751","format":"[Gen 9 Champions] VGC 2026 Reg M-B","players":["kdkalle","ShrimpGun"],"log":"|j|☆kdkalle\n|j|☆ShrimpGun\n|t:|1788280927\n|gametype|doubles\n|player|p1|kdkalle|102|1319\n|player|p2|ShrimpGun|fisherman-gen4|1226\n|gen|9\n|tier|[Gen 9 Champions] VGC 2026 Reg M-B\n|rated|\n|rule|Species Clause: Limit one of each Pokémon\n|rule|Item Clause: Limit 1 of each item\n|clearpoke\n|poke|p1|Toxicroak, L50, F|\n|poke|p1|Milotic, L50, F|\n|poke|p1|Sinistcha, L50|\n|poke|p1|Talonflame, L50, M|\n|poke|p1|Archaludon, L50, M|\n|poke|p1|Blastoise, L50, M|\n|poke|p2|Staraptor, L50, F|\n|poke|p2|Farigiraf, L50, F, shiny|\n|poke|p2|Clawitzer, L50, M|\n|poke|p2|Arcanine-Hisui, L50, F|\n|poke|p2|Sylveon, L50, F|\n|poke|p2|Kingambit, L50, M|\n|teampreview|4\n|\n|t:|1788280953\n|teamsize|p1|4\n|teamsize|p2|4\n|start\n|switch|p1a: Sinistcha|Sinistcha, L50|100/100\n|switch|p1b: Blastoise|Blastoise, L50, M|100/100\n|switch|p2a: Staraptor|Staraptor, L50, F|100/100\n|switch|p2b: Farigiraf|Farigiraf, L50, F, shiny|100/100\n|-ability|p2a: Staraptor|Intimidate|boost\n|-unboost|p1a: Sinistcha|atk|1\n|-unboost|p1b: Blastoise|atk|1\n|turn|1\n|\n|t:|1788280971\n|detailschange|p2a: Staraptor|Staraptor-Mega, L50, F\n|-mega|p2a: Staraptor|Staraptor|Staraptite\n|detailschange|p1b: Blastoise|Blastoise-Mega, L50, M\n|-mega|p1b: Blastoise|Blastoise|Blastoisinite\n|move|p2a: Staraptor|Brave Bird|p1a: Sinistcha\n|-supereffective|p1a: Sinistcha|1\n|-damage|p1a: Sinistcha|28/100\n|-damage|p2a: Staraptor|77/100|[from] Recoil\n|move|p1b: Blastoise|Rock Slide|p2b: Farigiraf|[spread] p2a,p2b\n|-damage|p2a: Staraptor|70/100\n|-damage|p2b: Farigiraf|92/100\n|move|p2b: Farigiraf|Nasty Plot|p2b: Farigiraf\n|-boost|p2b: Farigiraf|spa|2\n|move|p1a: Sinistcha|Trick Room|p1a: Sinistcha\n|-fieldstart|move: Trick Room|[of] p1a: Sinistcha\n|\n|upkeep\n|turn|2\n|\n|t:|1788280992\n|switch|p1a: Toxicroak|Toxicroak, L50, F|100/100\n|move|p2b: Farigiraf|Hyper Voice|p1b: Blastoise|[spread] p1a,p1b\n|-damage|p1a: Toxicroak|20/100y\n|-damage|p1b: Blastoise|52/100\n|move|p1b: Blastoise|Surf|p2b: Farigiraf|[spread] p2a,p2b\n|-heal|p1a: Toxicroak|44/100|[from] ability: Dry Skin|[of] p1b: Blastoise\n|-damage|p2a: Staraptor|30/100\n|-damage|p2b: Farigiraf|53/100\n|move|p2a: Staraptor|Brave Bird|p1b: Blastoise\n|-damage|p1b: Blastoise|5/100\n|-damage|p2a: Staraptor|14/100|[from] Recoil\n|\n|upkeep\n|turn|3\n|\n|t:|1788281030\n|switch|p1b: Sinistcha|Sinistcha, L50|28/100\n|-heal|p1a: Toxicroak|69/100|[from] ability: Hospitality|[of] p1b: Sinistcha\n|move|p2a: Staraptor|Protect|p2a: Staraptor\n|-singleturn|p2a: Staraptor|Protect\n|move|p2b: Farigiraf|Hyper Voice|p1b: Sinistcha|[spread] p1a\n|-immune|p1b: Sinistcha\n|-crit|p1a: Toxicroak\n|-damage|p1a: Toxicroak|0 fnt\n|faint|p1a: Toxicroak\n|\n|upkeep\n|\n|t:|1788281041\n|switch|p1a: Milotic|Milotic, L50, F|100/100\n|turn|4\n|\n|t:|1788281051\n|switch|p2a: Old Yeller|Sylveon, L50, F|100/100\n|move|p1b: Sinistcha|Matcha Gotcha|p2b: Farigiraf|[spread] p2b\n|-miss|p1b: Sinistcha|p2a: Old Yeller\n|-damage|p2b: Farigiraf|31/100\n|-heal|p1b: Sinistcha|42/100|[from] drain|[of] p2b: Farigiraf\n|-enditem|p2b: Farigiraf|Sitrus Berry|[eat]\n|-heal|p2b: Farigiraf|56/100|[from] item: Sitrus Berry\n|move|p2b: Farigiraf|Thunderbolt|p1a: Milotic\n|-supereffective|p1a: Milotic|1\n|-damage|p1a: Milotic|24/100\n|-enditem|p1a: Milotic|Sitrus Berry|[eat]\n|-heal|p1a: Milotic|49/100|[from] item: Sitrus Berry\n|move|p1a: Milotic|Ice Beam|p2a: Old Yeller\n|-damage|p2a: Old Yeller|76/100\n|\n|upkeep\n|turn|5\n|-message|kdkalle forfeited.\n|\n|win|ShrimpGun\n|raw|kdkalle's rating: 1319 &rarr; <strong>1294</strong><br />(-25 for losing)\n|raw|ShrimpGun's rating: 1226 &rarr; <strong>1258</strong><br />(+32 for winning)\n|l|☆kdkalle\n|player|p1|\n","uploadtime":1788281064,"views":"1","formatid":"gen9championsvgc2026regmb","rating":1258,"private":0,"password":null}