{"id":"gen9championsvgc2026regmb-2674747450","format":"[Gen 9 Champions] VGC 2026 Reg M-B","players":["rawbraines","leejit"],"log":"|j|☆rawbraines\n|j|☆leejit\n|html|<table width=\"100%\"><tr><td align=\"left\">rawbraines</td><td align=\"right\">leejit</tr><tr><td align=\"left\"><i class=\"fa fa-circle-o\"></i> <i class=\"fa fa-circle-o\"></i> </td><td align=\"right\"><i class=\"fa fa-circle-o\"></i> <i class=\"fa fa-circle-o\"></i> </tr></table>\n|uhtml|bestof|<h2><strong>Game 1</strong> of <a href=\"/game-bestof3-gen9championsvgc2026regmb-2674747449\">a best-of-3</a></h2>\n|t:|1788399910\n|gametype|doubles\n|player|p1|rawbraines|101|\n|player|p2|leejit|102|\n|gen|9\n|tier|[Gen 9 Champions] VGC 2026 Reg M-B\n|rule|Species Clause: Limit one of each Pokémon\n|rule|Item Clause: Limit 1 of each item\n|raw|<div class=\"infobox\"><details class=\"readmore\" open><summary><strong>1 custom rule:</strong></summary> Best of = 3</details></div>\n|clearpoke\n|poke|p1|Annihilape, L50, M|\n|poke|p1|Sinistcha, L50|\n|poke|p1|Camerupt, L50, M|\n|poke|p1|Toxapex, L50, M|\n|poke|p1|Kommo-o, L50, F|\n|poke|p1|Incineroar, L50, F|\n|poke|p2|Garchomp, L50, M|\n|poke|p2|Whimsicott, L50, F|\n|poke|p2|Vaporeon, L50, M|\n|poke|p2|Hippowdon, L50, M|\n|poke|p2|Kingambit, L50, F|\n|poke|p2|Pyroar, L50, M|\n|teampreview|4\nrawbraines rejected open team sheets.\n|\n|t:|1788399959\n|teamsize|p1|4\n|teamsize|p2|4\n|start\n|switch|p1a: Annihilape|Annihilape, L50, M|100/100\n|switch|p1b: Sinistcha|Sinistcha, L50|100/100\n|switch|p2a: Hippowdon|Hippowdon, L50, M|100/100\n|switch|p2b: Garchomp|Garchomp, L50, M|100/100\n|-weather|Sandstorm|[from] ability: Sand Stream|[of] p2a: Hippowdon\n|turn|1\n|\n|t:|1788400005\n|switch|p2b: Kingambit|Kingambit, L50, F|100/100\n|move|p1a: Annihilape|Shadow Claw|p2b: Kingambit\n|-resisted|p2b: Kingambit|1\n|-damage|p2b: Kingambit|88/100\n|move|p2a: Hippowdon|Fire Fang|p1b: Sinistcha\n|-supereffective|p1b: Sinistcha|1\n|-damage|p1b: Sinistcha|70/100\n|move|p1b: Sinistcha|Trick Room|p1b: Sinistcha\n|-fieldstart|move: Trick Room|[of] p1b: Sinistcha\n|\n|-weather|Sandstorm|[upkeep]\n|-damage|p1b: Sinistcha|64/100|[from] Sandstorm\n|-damage|p1a: Annihilape|94/100|[from] Sandstorm\n|upkeep\n|turn|2\n|\n|t:|1788400064\n|switch|p2b: Garchomp|Garchomp, L50, M|100/100\n|switch|p1b: Camerupt|Camerupt, L50, M|100/100\n|move|p2a: Hippowdon|Fire Fang|p1b: Camerupt\n|-resisted|p1b: Camerupt|1\n|-damage|p1b: Camerupt|88/100\n|move|p1a: Annihilape|Shadow Claw|p2a: Hippowdon\n|-damage|p2a: Hippowdon|78/100\n|\n|-weather|Sandstorm|[upkeep]\n|-damage|p1a: Annihilape|88/100|[from] Sandstorm\n|-heal|p2a: Hippowdon|84/100|[from] item: Leftovers\n|upkeep\n|turn|3\n|inactive|Battle timer is ON: inactive players will automatically lose when time's up. (requested by leejit)\n|\n|t:|1788400140\n|detailschange|p1b: Camerupt|Camerupt-Mega, L50, M\n|-mega|p1b: Camerupt|Camerupt|Cameruptite\n|detailschange|p2b: Garchomp|Garchomp-Mega, L50, M\n|-mega|p2b: Garchomp|Garchomp|Garchompite\n|move|p1b: Camerupt|Protect|p1b: Camerupt\n|-singleturn|p1b: Camerupt|Protect\n|move|p2a: Hippowdon|High Horsepower|p1b: Camerupt\n|-activate|p1b: Camerupt|move: Protect\n|move|p2b: Garchomp|Stomping Tantrum|p1b: Camerupt\n|-activate|p1b: Camerupt|move: Protect\n|move|p1a: Annihilape|Shadow Claw|p2a: Hippowdon\n|-damage|p2a: Hippowdon|60/100\n|\n|-weather|Sandstorm|[upkeep]\n|-damage|p1a: Annihilape|82/100|[from] Sandstorm\n|-heal|p2a: Hippowdon|66/100|[from] item: Leftovers\n|upkeep\n|turn|4\n|c|☆leejit|forgot to start timer\n|inactive|rawbraines has 30 seconds left.\n|\n|t:|1788400166\n|switch|p1a: Sinistcha|Sinistcha, L50|64/100\n|-heal|p1b: Camerupt|100/100|[from] ability: Hospitality|[of] p1a: Sinistcha\n|move|p1b: Camerupt|Earth Power|p2a: Hippowdon\n|-damage|p2a: Hippowdon|7/100\n|move|p2a: Hippowdon|High Horsepower|p1b: Camerupt|[miss]\n|-miss|p2a: Hippowdon|p1b: Camerupt\n|move|p2b: Garchomp|Stomping Tantrum|p1b: Camerupt\n|-supereffective|p1b: Camerupt|1\n|-damage|p1b: Camerupt|0 fnt\n|faint|p1b: Camerupt\n|\n|-weather|Sandstorm|[upkeep]\n|-damage|p1a: Sinistcha|58/100|[from] Sandstorm\n|-heal|p2a: Hippowdon|13/100|[from] item: Leftovers\n|upkeep\n|\n|t:|1788400185\n|switch|p1b: Annihilape|Annihilape, L50, M|82/100\n|turn|5\n|\n|t:|1788400217\n|switch|p2a: Kingambit|Kingambit, L50, F|88/100\n|switch|p1b: Toxapex|Toxapex, L50, M|100/100\n|move|p1a: Sinistcha|Matcha Gotcha|p2b: Garchomp|[spread] p2a,p2b\n|-resisted|p2a: Kingambit|1\n|-damage|p2a: Kingambit|77/100\n|-heal|p1a: Sinistcha|65/100|[from] drain|[of] p2a: Kingambit\n|-damage|p2b: Garchomp|80/100\n|-heal|p1a: Sinistcha|76/100|[from] drain|[of] p2b: Garchomp\n|move|p2b: Garchomp|Stomping Tantrum|p1b: Toxapex\n|-supereffective|p1b: Toxapex|1\n|-damage|p1b: Toxapex|22/100\n|\n|-weather|none\n|-fieldend|move: Trick Room\n|upkeep\n|turn|6\n|inactive|rawbraines has 30 seconds left.\n|inactive|leejit has 30 seconds left.\n|inactive|rawbraines has 20 seconds left.\n|inactive|rawbraines has 15 seconds left.\n|inactive|rawbraines has 10 seconds left.\n|\n|t:|1788400265\n|-heal|p1b: Toxapex|55/100|[from] ability: Regenerator|[silent]\n|switch|p1b: Annihilape|Annihilape, L50, M|82/100\n|move|p1a: Sinistcha|Rage Powder|p1a: Sinistcha\n|-singleturn|p1a: Sinistcha|move: Rage Powder\n|move|p2b: Garchomp|Stomping Tantrum|p1a: Sinistcha\n|-resisted|p1a: Sinistcha|1\n|-damage|p1a: Sinistcha|56/100\n|move|p2a: Kingambit|Kowtow Cleave|p1a: Sinistcha\n|-supereffective|p1a: Sinistcha|1\n|-damage|p1a: Sinistcha|0 fnt\n|faint|p1a: Sinistcha\n|-damage|p2a: Kingambit|68/100|[from] item: Life Orb\n|\n|upkeep\n|\n|t:|1788400278\n|switch|p1a: Toxapex|Toxapex, L50, M|55/100\n|turn|7\n|\n|t:|1788400293\n|switch|p2a: Hippowdon|Hippowdon, L50, M|13/100\n|-weather|Sandstorm|[from] ability: Sand Stream|[of] p2a: Hippowdon\n|move|p1a: Toxapex|Baneful Bunker|p1a: Toxapex\n|-singleturn|p1a: Toxapex|move: Protect\n|move|p1b: Annihilape|Close Combat|p2a: Hippowdon\n|-damage|p2a: Hippowdon|0 fnt\n|-unboost|p1b: Annihilape|def|1\n|-unboost|p1b: Annihilape|spd|1\n|faint|p2a: Hippowdon\n|move|p2b: Garchomp|Stomping Tantrum|p1b: Annihilape\n|-damage|p1b: Annihilape|0 fnt\n|faint|p1b: Annihilape\n|\n|-weather|Sandstorm|[upkeep]\n|-damage|p1a: Toxapex|49/100|[from] Sandstorm\n|upkeep\n|inactive|leejit has 30 seconds left.\n|\n|t:|1788400321\n|switch|p2a: Kingambit|Kingambit, L50, F|68/100\n|turn|8\n|\n|t:|1788400332\n|move|p2b: Garchomp|Stomping Tantrum|p1a: Toxapex\n|-supereffective|p1a: Toxapex|1\n|-damage|p1a: Toxapex|0 fnt\n|faint|p1a: Toxapex\n|\n|win|leejit\n","uploadtime":1788400333,"views":"2","formatid":"gen9championsvgc2026regmb","rating":null,"private":0,"password":null}