{"id":"gen9championsvgc2026regmb-2673971652","format":"[Gen 9 Champions] VGC 2026 Reg M-B","players":["gemifi996644","lebrero"],"log":"|j|☆gemifi996644\n|j|☆lebrero\n|t:|1788283367\n|gametype|doubles\n|player|p1|gemifi996644|2|1291\n|player|p2|lebrero|265|1373\n|gen|9\n|tier|[Gen 9 Champions] VGC 2026 Reg M-B\n|rated|\n|rule|Species Clause: Limit one of each Pokémon\n|rule|Item Clause: Limit 1 of each item\n|clearpoke\n|poke|p1|Gardevoir, L50, M|\n|poke|p1|Sinistcha, L50|\n|poke|p1|Incineroar, L50, M|\n|poke|p1|Tyranitar, L50, M|\n|poke|p1|Basculegion, L50, M|\n|poke|p1|Kingambit, L50, F|\n|poke|p2|Aegislash, L50, M|\n|poke|p2|Grimmsnarl, L50, M|\n|poke|p2|Volcarona, L50, F|\n|poke|p2|Gyarados, L50, M|\n|poke|p2|Raichu, L50, F|\n|poke|p2|Ninetales-Alola, L50, F|\n|teampreview|4\ngemifi996644 has agreed to open team sheets.\n|\n|t:|1788283407\n|teamsize|p1|4\n|teamsize|p2|4\n|start\n|switch|p1a: Incineroar|Incineroar, L50, M|100/100\n|switch|p1b: Tyranitar|Tyranitar, L50, M|100/100\n|switch|p2a: Grimmsnarl|Grimmsnarl, L50, M|100/100\n|switch|p2b: Raichu|Raichu, L50, F|100/100\n|-weather|Sandstorm|[from] ability: Sand Stream|[of] p1b: Tyranitar\n|-ability|p1a: Incineroar|Intimidate|boost\n|-unboost|p2a: Grimmsnarl|atk|1\n|-unboost|p2b: Raichu|atk|1\n|turn|1\n|inactive|Battle timer is ON: inactive players will automatically lose when time's up. (requested by lebrero)\n|\n|t:|1788283425\n|switch|p1b: Kingambit|Kingambit, L50, F|100/100\n|move|p2b: Raichu|Fake Out|p1a: Incineroar\n|-damage|p1a: Incineroar|95/100\n|move|p2a: Grimmsnarl|Fake Out|p1b: Kingambit\n|-resisted|p1b: Kingambit|1\n|-damage|p1b: Kingambit|97/100\n|cant|p1a: Incineroar|flinch\n|\n|-weather|Sandstorm|[upkeep]\n|-damage|p2b: Raichu|94/100|[from] Sandstorm\n|-damage|p1a: Incineroar|89/100|[from] Sandstorm\n|-damage|p2a: Grimmsnarl|94/100|[from] Sandstorm\n|upkeep\n|turn|2\n|\n|t:|1788283449\n|switch|p2b: Volcarona|Volcarona, L50, F|100/100\n|move|p2a: Grimmsnarl|Spirit Break|p1a: Incineroar\n|-damage|p1a: Incineroar|70/100\n|-unboost|p1a: Incineroar|spa|1\n|move|p1a: Incineroar|Flare Blitz|p2b: Volcarona\n|-damage|p2b: Volcarona|56/100\n|-damage|p1a: Incineroar|56/100|[from] Recoil\n|move|p1b: Kingambit|Iron Head|p2a: Grimmsnarl\n|-supereffective|p2a: Grimmsnarl|1\n|-damage|p2a: Grimmsnarl|9/100\n|-enditem|p2a: Grimmsnarl|Sitrus Berry|[eat]\n|-heal|p2a: Grimmsnarl|34/100|[from] item: Sitrus Berry\n|\n|-weather|Sandstorm|[upkeep]\n|-damage|p2b: Volcarona|50/100y|[from] Sandstorm\n|-damage|p2a: Grimmsnarl|28/100|[from] Sandstorm\n|-damage|p1a: Incineroar|50/100g|[from] Sandstorm\n|upkeep\n|turn|3\n|inactive|gemifi996644 has 30 seconds left.\n|inactive|lebrero has 30 seconds left.\n|\n|t:|1788283476\n|switch|p2b: Gyarados|Gyarados, L50, M|100/100\n|-ability|p2b: Gyarados|Intimidate|boost\n|-unboost|p1a: Incineroar|atk|1\n|-unboost|p1b: Kingambit|atk|1\n|-ability|p1b: Kingambit|Defiant|boost\n|-boost|p1b: Kingambit|atk|2\n|move|p2a: Grimmsnarl|Spirit Break|p1b: Kingambit\n|-damage|p1b: Kingambit|80/100\n|-unboost|p1b: Kingambit|spa|1\n|-ability|p1b: Kingambit|Defiant|boost\n|-boost|p1b: Kingambit|atk|2\n|move|p1a: Incineroar|Flare Blitz|p2b: Gyarados\n|-resisted|p2b: Gyarados|1\n|-damage|p2b: Gyarados|86/100\n|-damage|p1a: Incineroar|46/100|[from] Recoil\n|move|p1b: Kingambit|Iron Head|p2a: Grimmsnarl\n|-supereffective|p2a: Grimmsnarl|1\n|-damage|p2a: Grimmsnarl|0 fnt\n|faint|p2a: Grimmsnarl\n|\n|-weather|Sandstorm|[upkeep]\n|-damage|p2b: Gyarados|80/100|[from] Sandstorm\n|-damage|p1a: Incineroar|40/100|[from] Sandstorm\n|upkeep\n|c|☆gemifi996644|bro\n|c|☆gemifi996644|thanks for the defiant boosts\n|\n|t:|1788283499\n|switch|p2a: Volcarona|Volcarona, L50, F|50/100y\n|turn|4\n|\n|t:|1788283511\n|move|p2a: Volcarona|Rage Powder|p2a: Volcarona\n|-singleturn|p2a: Volcarona|move: Rage Powder\n|move|p1b: Kingambit|Sucker Punch||[still]\n|-fail|p1b: Kingambit\n|move|p2b: Gyarados|Waterfall|p1b: Kingambit\n|-damage|p1b: Kingambit|56/100\n|move|p1a: Incineroar|Parting Shot|p2a: Volcarona\n|-unboost|p2a: Volcarona|atk|1\n|-unboost|p2a: Volcarona|spa|1\n|\n|t:|1788283520\n|switch|p1a: Sinistcha|Sinistcha, L50|100/100|[from] Parting Shot\n|-heal|p1b: Kingambit|80/100|[from] ability: Hospitality|[of] p1a: Sinistcha\n|\n|-weather|Sandstorm|[upkeep]\n|-damage|p2a: Volcarona|43/100|[from] Sandstorm\n|-damage|p2b: Gyarados|74/100|[from] Sandstorm\n|-damage|p1a: Sinistcha|93/100|[from] Sandstorm\n|upkeep\n|turn|5\n|\n|t:|1788283533\n|move|p2a: Volcarona|Heat Wave|p1b: Kingambit|[spread] p1a\n|-miss|p2a: Volcarona|p1b: Kingambit\n|-supereffective|p1a: Sinistcha|1\n|-damage|p1a: Sinistcha|50/100y\n|-status|p1a: Sinistcha|brn\n|-enditem|p1a: Sinistcha|Sitrus Berry|[eat]\n|-heal|p1a: Sinistcha|74/100 brn|[from] item: Sitrus Berry\n|move|p1a: Sinistcha|Matcha Gotcha|p2b: Gyarados|[spread] p2a,p2b\n|-resisted|p2a: Volcarona|2\n|-crit|p2a: Volcarona\n|-damage|p2a: Volcarona|36/100\n|-heal|p1a: Sinistcha|78/100 brn|[from] drain|[of] p2a: Volcarona\n|-damage|p2b: Gyarados|53/100\n|-heal|p1a: Sinistcha|90/100 brn|[from] drain|[of] p2b: Gyarados\n|move|p1b: Kingambit|Kowtow Cleave|p2b: Gyarados\n|-damage|p2b: Gyarados|0 fnt\n|faint|p2b: Gyarados\n|\n|-weather|none\n|-damage|p1a: Sinistcha|84/100 brn|[from] brn\n|upkeep\n|inactive|lebrero has 30 seconds left.\n|\n|t:|1788283558\n|switch|p2b: Raichu|Raichu, L50, F|94/100\n|turn|6\n|\n|t:|1788283567\n|detailschange|p2b: Raichu|Raichu-Mega-Y, L50, F\n|-mega|p2b: Raichu|Raichu|Raichunite Y\n|move|p2a: Volcarona|Rage Powder|p2a: Volcarona\n|-singleturn|p2a: Volcarona|move: Rage Powder\n|move|p1a: Sinistcha|Rage Powder|p1a: Sinistcha\n|-singleturn|p1a: Sinistcha|move: Rage Powder\n|move|p2b: Raichu|Zap Cannon|p1a: Sinistcha\n|-resisted|p1a: Sinistcha|1\n|-damage|p1a: Sinistcha|46/100 brn\n|move|p1b: Kingambit|Kowtow Cleave|p2a: Volcarona\n|-damage|p2a: Volcarona|0 fnt\n|-status|p1b: Kingambit|brn|[from] ability: Flame Body|[of] p2a: Volcarona\n|faint|p2a: Volcarona\n|\n|-damage|p1a: Sinistcha|39/100 brn|[from] brn\n|-damage|p1b: Kingambit|74/100 brn|[from] brn\n|upkeep\n|turn|7\n|\n|t:|1788283588\n|move|p1a: Sinistcha|Rage Powder|p1a: Sinistcha\n|-singleturn|p1a: Sinistcha|move: Rage Powder\n|move|p2b: Raichu|Zap Cannon|p1a: Sinistcha\n|-resisted|p1a: Sinistcha|1\n|-damage|p1a: Sinistcha|4/100 brn\n|move|p1b: Kingambit|Kowtow Cleave|p2b: Raichu\n|-crit|p2b: Raichu\n|-damage|p2b: Raichu|0 fnt\n|faint|p2b: Raichu\n|\n|win|gemifi996644\n|raw|gemifi996644's rating: 1291 &rarr; <strong>1322</strong><br />(+31 for winning)\n|raw|lebrero's rating: 1373 &rarr; <strong>1348</strong><br />(-25 for losing)\n|c|☆gemifi996644|gg\n","uploadtime":1788283598,"views":"1","formatid":"gen9championsvgc2026regmb","rating":1322,"private":0,"password":null}