{"id":"gen9championsvgc2026regmb-2674098311","format":"[Gen 9 Champions] VGC 2026 Reg M-B","players":["Skleyt","KingofAyri"],"log":"|j|☆Skleyt\n|j|☆KingofAyri\n|html|<table width=\"100%\"><tr><td align=\"left\">Skleyt</td><td align=\"right\">KingofAyri</tr><tr><td align=\"left\"><i class=\"fa fa-circle-o\"></i> <i class=\"fa fa-circle-o\"></i> </td><td align=\"right\"><i class=\"fa fa-circle-o\"></i> <i class=\"fa fa-circle-o\"></i> </tr></table>\n|uhtml|bestof|<h2><strong>Game 1</strong> of <a href=\"/game-bestof3-gen9championsvgc2026regmb-2674098310\">a best-of-3</a></h2>\n|t:|1788298882\n|gametype|doubles\n|player|p1|Skleyt|2|\n|player|p2|KingofAyri|265|\n|gen|9\n|tier|[Gen 9 Champions] VGC 2026 Reg M-B\n|rule|Species Clause: Limit one of each Pokémon\n|rule|Item Clause: Limit 1 of each item\n|raw|<div class=\"infobox\"><details class=\"readmore\" open><summary><strong>2 custom rules:</strong></summary> ! Open Team Sheets, Best of = 3</details></div>\n|clearpoke\n|poke|p1|Basculegion, L50, M, shiny|\n|poke|p1|Archaludon, L50, M|\n|poke|p1|Dragonite, L50, F|\n|poke|p1|Politoed, L50, F|\n|poke|p1|Starmie, L50|\n|poke|p1|Liepard, L50, M|\n|poke|p2|Tsareena, L50, F|\n|poke|p2|Staraptor, L50, F|\n|poke|p2|Grimmsnarl, L50, M|\n|poke|p2|Rotom-Wash, L50|\n|poke|p2|Sylveon, L50, M|\n|poke|p2|Polteageist, L50|\n|teampreview|4\n|\n|t:|1788298913\n|teamsize|p1|4\n|teamsize|p2|4\n|start\n|switch|p1a: Liepard|Liepard, L50, M|100/100\n|switch|p1b: Archaludon|Archaludon, L50, M|100/100\n|switch|p2a: Sylveon|Sylveon, L50, M|100/100\n|switch|p2b: Tsareena|Tsareena, L50, F|100/100\n|turn|1\n|\n|t:|1788298978\n|move|p2a: Sylveon|Hyper Voice|p1a: Liepard|[spread] p1a,p1b\n|-supereffective|p1a: Liepard|1\n|-enditem|p1a: Liepard|Focus Sash\n|-damage|p1a: Liepard|1/100\n|-damage|p1b: Archaludon|52/100\n|-ability|p1b: Archaludon|Stamina|boost\n|-boost|p1b: Archaludon|def|1\n|move|p1a: Liepard|Taunt|p2b: Tsareena\n|-start|p2b: Tsareena|move: Taunt\n|move|p1b: Archaludon|Flash Cannon|p2a: Sylveon\n|-supereffective|p2a: Sylveon|1\n|-crit|p2a: Sylveon\n|-damage|p2a: Sylveon|0 fnt\n|faint|p2a: Sylveon\n|move|p2b: Tsareena|Power Whip|p1a: Liepard\n|-damage|p1a: Liepard|0 fnt\n|faint|p1a: Liepard\n|\n|upkeep\n|\n|t:|1788299030\n|switch|p1a: Dragonite|Dragonite, L50, F|100/100\n|switch|p2a: Rotom|Rotom-Wash, L50|100/100\n|turn|2\n|\n|t:|1788299094\n|detailschange|p1a: Dragonite|Dragonite-Mega, L50, F\n|-mega|p1a: Dragonite|Dragonite|Dragoninite\n|move|p1a: Dragonite|Protect|p1a: Dragonite\n|-singleturn|p1a: Dragonite|Protect\n|move|p2a: Rotom|Eerie Impulse|p1b: Archaludon\n|-unboost|p1b: Archaludon|spa|2\n|move|p1b: Archaludon|Flash Cannon|p2b: Tsareena\n|-damage|p2b: Tsareena|77/100\n|move|p2b: Tsareena|Triple Axel|p1a: Dragonite\n|-activate|p1a: Dragonite|move: Protect\n|\n|upkeep\n|turn|3\n|\n|t:|1788299166\n|switch|p2a: Polteageist|Polteageist, L50|100/100\n|move|p1a: Dragonite|Hurricane|p2b: Tsareena\n|-supereffective|p2b: Tsareena|1\n|-enditem|p2b: Tsareena|Coba Berry|[eat]\n|-enditem|p2b: Tsareena|Coba Berry|[weaken]\n|-damage|p2b: Tsareena|13/100\n|-start|p2b: Tsareena|confusion\n|move|p1b: Archaludon|Flash Cannon|p2b: Tsareena\n|-damage|p2b: Tsareena|0 fnt\n|faint|p2b: Tsareena\n|\n|upkeep\n|\n|t:|1788299180\n|switch|p2b: Rotom|Rotom-Wash, L50|100/100\n|turn|4\n|\n|t:|1788299274\n|move|p2a: Polteageist|Protect|p2a: Polteageist\n|-singleturn|p2a: Polteageist|Protect\n|move|p2b: Rotom|Eerie Impulse|p1a: Dragonite\n|-unboost|p1a: Dragonite|spa|2\n|move|p1a: Dragonite|Hurricane|p2a: Polteageist\n|-activate|p2a: Polteageist|move: Protect\n|move|p1b: Archaludon|Flash Cannon|p2a: Polteageist\n|-activate|p2a: Polteageist|move: Protect\n|\n|upkeep\n|turn|5\n|\n|t:|1788299324\n|move|p1a: Dragonite|Protect|p1a: Dragonite\n|-singleturn|p1a: Dragonite|Protect\n|move|p2b: Rotom|Thunder|p1a: Dragonite\n|-activate|p1a: Dragonite|move: Protect\n|move|p1b: Archaludon|Draco Meteor|p2b: Rotom\n|-damage|p2b: Rotom|54/100\n|-unboost|p1b: Archaludon|spa|2\n|move|p2a: Polteageist|Shell Smash|p2a: Polteageist\n|-unboost|p2a: Polteageist|def|1\n|-unboost|p2a: Polteageist|spd|1\n|-boost|p2a: Polteageist|atk|2\n|-boost|p2a: Polteageist|spa|2\n|-boost|p2a: Polteageist|spe|2\n|-enditem|p2a: Polteageist|White Herb\n|-clearnegativeboost|p2a: Polteageist|[silent]\n|\n|upkeep\n|turn|6\n|\n|t:|1788299358\n|move|p2a: Polteageist|Shadow Ball|p1b: Archaludon\n|-damage|p1b: Archaludon|0 fnt\n|faint|p1b: Archaludon\n|move|p2b: Rotom|Thunder|p1a: Dragonite|[miss]\n|-miss|p2b: Rotom|p1a: Dragonite\n|move|p1a: Dragonite|Hurricane|p2a: Polteageist|[miss]\n|-miss|p1a: Dragonite|p2a: Polteageist\n|\n|upkeep\n|\n|t:|1788299369\n|switch|p1b: Basculegion|Basculegion, L50, M, shiny|100/100\n|turn|7\n|\n|t:|1788299414\n|move|p2a: Polteageist|Shadow Ball|p1b: Basculegion\n|-supereffective|p1b: Basculegion|1\n|-damage|p1b: Basculegion|0 fnt\n|faint|p1b: Basculegion\n|move|p2b: Rotom|Thunder|p1a: Dragonite|[miss]\n|-miss|p2b: Rotom|p1a: Dragonite\n|move|p1a: Dragonite|Hurricane|p2a: Polteageist\n|-damage|p2a: Polteageist|67/100\n|-start|p2a: Polteageist|confusion\n|\n|upkeep\n|turn|8\n|\n|t:|1788299433\n|-activate|p2a: Polteageist|confusion\n|move|p2a: Polteageist|Shadow Ball|p1a: Dragonite\n|-damage|p1a: Dragonite|62/100\n|move|p2b: Rotom|Eerie Impulse|p1a: Dragonite\n|-unboost|p1a: Dragonite|spa|2\n|move|p1a: Dragonite|Hurricane|p2a: Polteageist\n|-crit|p2a: Polteageist\n|-damage|p2a: Polteageist|0 fnt\n|faint|p2a: Polteageist\n|\n|upkeep\n|turn|9\n|\n|t:|1788299451\n|move|p2b: Rotom|Thunder|p1a: Dragonite\n|-damage|p1a: Dragonite|4/100\n|-status|p1a: Dragonite|par\n|-damage|p2b: Rotom|44/100|[from] item: Life Orb\n|move|p1a: Dragonite|Draco Meteor|p2b: Rotom|[miss]\n|-miss|p1a: Dragonite|p2b: Rotom\n|\n|upkeep\n|turn|10\n|\n|t:|1788299466\n|move|p2b: Rotom|Hydro Pump|p1a: Dragonite\n|-resisted|p1a: Dragonite|1\n|-damage|p1a: Dragonite|0 fnt\n|faint|p1a: Dragonite\n|-damage|p2b: Rotom|35/100|[from] item: Life Orb\n|\n|win|KingofAyri\n||Skleyt is ready for game 2.\n|inactive|KingofAyri has 30 seconds to confirm battle start!\n","uploadtime":1788299479,"views":"2","formatid":"gen9championsvgc2026regmb","rating":null,"private":0,"password":null}