{"id":"gen9championsvgc2026regmb-2674361790","format":"[Gen 9 Champions] VGC 2026 Reg M-B","players":["xeragt","alexismydog"],"log":"|j|☆xeragt\n|j|☆alexismydog\n|t:|1788348923\n|gametype|doubles\n|player|p1|xeragt|101|1556\n|player|p2|alexismydog|265|1662\n|gen|9\n|tier|[Gen 9 Champions] VGC 2026 Reg M-B\n|rated|\n|rule|Species Clause: Limit one of each Pokémon\n|rule|Item Clause: Limit 1 of each item\n|clearpoke\n|poke|p1|Ceruledge, L50, F|\n|poke|p1|Hydreigon, L50, F|\n|poke|p1|Talonflame, L50, M|\n|poke|p1|Raichu, L50, M|\n|poke|p1|Froslass, L50, F|\n|poke|p1|Tsareena, L50, F|\n|poke|p2|Tyranitar, L50, F|\n|poke|p2|Excadrill, L50, M|\n|poke|p2|Sinistcha, L50|\n|poke|p2|Gholdengo, L50|\n|poke|p2|Staraptor, L50, F|\n|poke|p2|Milotic, L50, M|\n|teampreview|4\n|inactive|Battle timer is ON: inactive players will automatically lose when time's up. (requested by xeragt)\n|j| srilegi007\n|inactive|xeragt has 60 seconds left.\n|\n|t:|1788348959\n|teamsize|p1|4\n|teamsize|p2|4\n|start\n|switch|p1a: Talonflame|Talonflame, L50, M|100/100\n|switch|p1b: Tsareena|Tsareena, L50, F|100/100\n|switch|p2a: Tyranitar|Tyranitar, L50, F|100/100\n|switch|p2b: Sinistcha|Sinistcha, L50|100/100\n|-weather|Sandstorm|[from] ability: Sand Stream|[of] p2a: Tyranitar\n|turn|1\n|inactive|xeragt has 30 seconds left.\n|\n|t:|1788348994\n|switch|p2a: Gholdengo|Gholdengo, L50|100/100\n|move|p1a: Talonflame|Acrobatics|p2b: Sinistcha\n|-supereffective|p2b: Sinistcha|1\n|-damage|p2b: Sinistcha|17/100\n|move|p1b: Tsareena|Triple Axel|p2b: Sinistcha\n|-supereffective|p2b: Sinistcha|1\n|-damage|p2b: Sinistcha|2/100\n|-supereffective|p2b: Sinistcha|1\n|-damage|p2b: Sinistcha|0 fnt\n|faint|p2b: Sinistcha\n|-hitcount|p2: Sinistcha|2\n|\n|-weather|Sandstorm|[upkeep]\n|-damage|p1a: Talonflame|94/100|[from] Sandstorm\n|-damage|p1b: Tsareena|94/100|[from] Sandstorm\n|upkeep\n|\n|t:|1788349012\n|switch|p2b: Excadrill|Excadrill, L50, M|100/100\n|turn|2\n|\n|t:|1788349025\n|switch|p1a: Hydreigon|Hydreigon, L50, F|100/100\n|move|p2b: Excadrill|Protect|p2b: Excadrill\n|-singleturn|p2b: Excadrill|Protect\n|move|p2a: Gholdengo|Nasty Plot|p2a: Gholdengo\n|-boost|p2a: Gholdengo|spa|2\n|move|p1b: Tsareena|High Jump Kick|p2b: Excadrill\n|-activate|p2b: Excadrill|move: Protect\n|-damage|p1b: Tsareena|44/100|[from] highjumpkick\n|\n|-weather|Sandstorm|[upkeep]\n|-damage|p1a: Hydreigon|93/100|[from] Sandstorm\n|-damage|p1b: Tsareena|38/100|[from] Sandstorm\n|upkeep\n|turn|3\n|\n|t:|1788349044\n|move|p1b: Tsareena|Protect|p1b: Tsareena\n|-singleturn|p1b: Tsareena|Protect\n|move|p2b: Excadrill|Iron Head|p1a: Hydreigon\n|-damage|p1a: Hydreigon|27/100\n|-damage|p2b: Excadrill|90/100|[from] item: Life Orb\n|move|p1a: Hydreigon|Dark Pulse|p2a: Gholdengo\n|-supereffective|p2a: Gholdengo|1\n|-crit|p2a: Gholdengo\n|-enditem|p2a: Gholdengo|Focus Sash\n|-damage|p2a: Gholdengo|1/100\n|move|p2a: Gholdengo|Make It Rain|p1a: Hydreigon|[spread] p1a\n|-activate|p1b: Tsareena|move: Protect\n|-damage|p1a: Hydreigon|0 fnt\n|-unboost|p2a: Gholdengo|spa|2\n|faint|p1a: Hydreigon\n|\n|-weather|Sandstorm|[upkeep]\n|-damage|p1b: Tsareena|33/100|[from] Sandstorm\n|upkeep\n|\n|t:|1788349056\n|switch|p1a: Raichu|Raichu, L50, M|100/100\n|turn|4\n|\n|t:|1788349077\n|detailschange|p1a: Raichu|Raichu-Mega-Y, L50, M\n|-mega|p1a: Raichu|Raichu|Raichunite Y\n|move|p2b: Excadrill|Protect|p2b: Excadrill\n|-singleturn|p2b: Excadrill|Protect\n|move|p1a: Raichu|Fake Out|p2b: Excadrill\n|-activate|p2b: Excadrill|move: Protect\n|move|p2a: Gholdengo|Nasty Plot|p2a: Gholdengo\n|-boost|p2a: Gholdengo|spa|2\n|move|p1b: Tsareena|Power Whip|p2a: Gholdengo\n|-resisted|p2a: Gholdengo|1\n|-damage|p2a: Gholdengo|0 fnt\n|faint|p2a: Gholdengo\n|\n|-weather|Sandstorm|[upkeep]\n|-damage|p1a: Raichu|94/100|[from] Sandstorm\n|-damage|p1b: Tsareena|27/100|[from] Sandstorm\n|upkeep\n|\n|t:|1788349093\n|switch|p2a: Tyranitar|Tyranitar, L50, F|100/100\n|turn|5\n|inactive|xeragt has 30 seconds left.\n|\n|t:|1788349125\n|detailschange|p2a: Tyranitar|Tyranitar-Mega, L50, F\n|-mega|p2a: Tyranitar|Tyranitar|Tyranitarite\n|move|p1a: Raichu|Protect|p1a: Raichu\n|-singleturn|p1a: Raichu|Protect\n|move|p2b: Excadrill|Rock Slide|p1a: Raichu|[spread] p1b\n|-activate|p1a: Raichu|move: Protect\n|-damage|p1b: Tsareena|0 fnt\n|faint|p1b: Tsareena\n|-damage|p2b: Excadrill|80/100|[from] item: Life Orb\n|move|p2a: Tyranitar|Dragon Dance|p2a: Tyranitar\n|-boost|p2a: Tyranitar|atk|1\n|-boost|p2a: Tyranitar|spe|1\n|\n|-weather|none\n|upkeep\n|\n|t:|1788349136\n|switch|p1b: Talonflame|Talonflame, L50, M|94/100\n|turn|6\n|\n|t:|1788349144\n|move|p2a: Tyranitar|Rock Slide|p1b: Talonflame|[spread] p1a,p1b\n|-supereffective|p1b: Talonflame|2\n|-damage|p1a: Raichu|6/100\n|-damage|p1b: Talonflame|0 fnt\n|faint|p1b: Talonflame\n|cant|p1a: Raichu|flinch\n|move|p2b: Excadrill|High Horsepower|p1a: Raichu\n|-supereffective|p1a: Raichu|1\n|-damage|p1a: Raichu|0 fnt\n|faint|p1a: Raichu\n|-damage|p2b: Excadrill|71/100|[from] item: Life Orb\n|\n|win|alexismydog\n|raw|xeragt's rating: 1556 &rarr; <strong>1542</strong><br />(-14 for losing)\n|raw|alexismydog's rating: 1662 &rarr; <strong>1676</strong><br />(+14 for winning)\n","uploadtime":1788349157,"views":"0","formatid":"gen9championsvgc2026regmb","rating":1542,"private":0,"password":null}