{"id":"gen9championsvgc2026regmb-2674787698","format":"[Gen 9 Champions] VGC 2026 Reg M-B","players":["shuroroa","Kwiper"],"log":"|j|☆shuroroa\n|j|☆Kwiper\n|t:|1788406850\n|gametype|doubles\n|player|p1|shuroroa|101|1400\n|player|p2|Kwiper|sycamore|1581\n|gen|9\n|tier|[Gen 9 Champions] VGC 2026 Reg M-B\n|rated|\n|rule|Species Clause: Limit one of each Pokémon\n|rule|Item Clause: Limit 1 of each item\n|clearpoke\n|poke|p1|Raichu, L50, F, shiny|\n|poke|p1|Farigiraf, L50, M, shiny|\n|poke|p1|Garchomp, L50, F, shiny|\n|poke|p1|Torkoal, L50, M, shiny|\n|poke|p1|Meowscarada, L50, F, shiny|\n|poke|p1|Delphox, L50, F, shiny|\n|poke|p2|Tyranitar, L50, F|\n|poke|p2|Excadrill, L50, M|\n|poke|p2|Milotic, L50, F|\n|poke|p2|Gholdengo, L50|\n|poke|p2|Sinistcha, L50|\n|poke|p2|Staraptor, L50, M|\n|teampreview|4\n|inactive|Battle timer is ON: inactive players will automatically lose when time's up. (requested by Kwiper)\n|inactive|Kwiper has 60 seconds left.\n|\n|t:|1788406880\n|teamsize|p1|4\n|teamsize|p2|4\n|start\n|switch|p1a: Raichu|Raichu, L50, F, shiny|100/100\n|switch|p1b: Meowscarada|Meowscarada, L50, F, shiny|100/100\n|switch|p2a: Tyranitar|Tyranitar, L50, F|100/100\n|switch|p2b: Milotic|Milotic, L50, F|100/100\n|-weather|Sandstorm|[from] ability: Sand Stream|[of] p2a: Tyranitar\n|turn|1\n|\n|t:|1788406897\n|switch|p2b: Sinistcha|Sinistcha, L50|100/100\n|detailschange|p1a: Raichu|Raichu-Mega-Y, L50, F, shiny\n|-mega|p1a: Raichu|Raichu|Raichunite Y\n|move|p1a: Raichu|Fake Out|p2a: Tyranitar\n|-resisted|p2a: Tyranitar|1\n|-damage|p2a: Tyranitar|96/100\n|move|p1b: Meowscarada|Flower Trick|p2b: Sinistcha\n|-start|p1b: Meowscarada|typechange|Grass|[from] ability: Protean\n|-resisted|p2b: Sinistcha|1\n|-crit|p2b: Sinistcha\n|-damage|p2b: Sinistcha|78/100\n|cant|p2a: Tyranitar|flinch\n|\n|-weather|Sandstorm|[upkeep]\n|-damage|p1b: Meowscarada|94/100|[from] Sandstorm\n|-damage|p1a: Raichu|94/100|[from] Sandstorm\n|-damage|p2b: Sinistcha|73/100|[from] Sandstorm\n|upkeep\n|turn|2\n|inactive|shuroroa has 30 seconds left.\n|\n|t:|1788406927\n|switch|p1b: Garchomp|Garchomp, L50, F, shiny|100/100\n|move|p1a: Raichu|Protect|p1a: Raichu\n|-singleturn|p1a: Raichu|Protect\n|move|p2a: Tyranitar|Protect|p2a: Tyranitar\n|-singleturn|p2a: Tyranitar|Protect\n|move|p2b: Sinistcha|Matcha Gotcha|p1b: Garchomp|[spread] p1b\n|-activate|p1a: Raichu|move: Protect\n|-damage|p1b: Garchomp|74/100\n|-heal|p2b: Sinistcha|86/100|[from] drain|[of] p1b: Garchomp\n|\n|-weather|Sandstorm|[upkeep]\n|-damage|p1a: Raichu|88/100|[from] Sandstorm\n|-damage|p2b: Sinistcha|81/100|[from] Sandstorm\n|upkeep\n|turn|3\n|\n|t:|1788406948\n|switch|p1a: Meowscarada|Meowscarada, L50, F, shiny|94/100\n|switch|p2a: Milotic|Milotic, L50, F|100/100\n|move|p1b: Garchomp|Dragon Claw|p2b: Sinistcha\n|-damage|p2b: Sinistcha|36/100\n|-damage|p1b: Garchomp|64/100|[from] item: Life Orb\n|move|p2b: Sinistcha|Trick Room|p2b: Sinistcha\n|-fieldstart|move: Trick Room|[of] p2b: Sinistcha\n|\n|-weather|Sandstorm|[upkeep]\n|-damage|p2b: Sinistcha|30/100|[from] Sandstorm\n|-damage|p2a: Milotic|94/100|[from] Sandstorm\n|-damage|p1a: Meowscarada|88/100|[from] Sandstorm\n|upkeep\n|turn|4\n|\n|t:|1788406971\n|move|p2b: Sinistcha|Matcha Gotcha|p1b: Garchomp|[spread] p1a,p1b\n|-resisted|p1a: Meowscarada|1\n|-damage|p1a: Meowscarada|68/100\n|-heal|p2b: Sinistcha|39/100|[from] drain|[of] p1a: Meowscarada\n|-damage|p1b: Garchomp|39/100\n|-heal|p2b: Sinistcha|52/100|[from] drain|[of] p1b: Garchomp\n|move|p2a: Milotic|Ice Beam|p1a: Meowscarada\n|-supereffective|p1a: Meowscarada|1\n|-damage|p1a: Meowscarada|0 fnt\n|faint|p1a: Meowscarada\n|move|p1b: Garchomp|Dragon Claw|p2b: Sinistcha\n|-damage|p2b: Sinistcha|7/100\n|-damage|p1b: Garchomp|29/100|[from] item: Life Orb\n|\n|-weather|Sandstorm|[upkeep]\n|-damage|p2b: Sinistcha|1/100|[from] Sandstorm\n|-damage|p2a: Milotic|88/100|[from] Sandstorm\n|upkeep\n|\n|t:|1788406984\n|switch|p1a: Delphox|Delphox, L50, F, shiny|100/100\n|turn|5\n|\n|t:|1788406998\n|move|p2b: Sinistcha|Matcha Gotcha|p1a: Delphox|[spread] p1a,p1b\n|-resisted|p1a: Delphox|1\n|-damage|p1a: Delphox|86/100\n|-heal|p2b: Sinistcha|8/100|[from] drain|[of] p1a: Delphox\n|-damage|p1b: Garchomp|4/100\n|-heal|p2b: Sinistcha|21/100|[from] drain|[of] p1b: Garchomp\n|move|p2a: Milotic|Icy Wind|p1a: Delphox|[spread] p1a,p1b\n|-resisted|p1a: Delphox|1\n|-supereffective|p1b: Garchomp|2\n|-damage|p1a: Delphox|79/100\n|-damage|p1b: Garchomp|0 fnt\n|-unboost|p1a: Delphox|spe|1\n|faint|p1b: Garchomp\n|move|p1a: Delphox|Heat Wave|p2b: Sinistcha|[spread] p2a,p2b\n|-resisted|p2a: Milotic|1\n|-supereffective|p2b: Sinistcha|1\n|-damage|p2a: Milotic|77/100\n|-damage|p2b: Sinistcha|0 fnt\n|faint|p2b: Sinistcha\n|\n|-weather|none\n|upkeep\n|\n|t:|1788407016\n|switch|p2b: Tyranitar|Tyranitar, L50, F|96/100\n|switch|p1b: Raichu|Raichu-Mega-Y, L50, F, shiny|88/100\n|-weather|Sandstorm|[from] ability: Sand Stream|[of] p2b: Tyranitar\n|turn|6\n|\n|t:|1788407030\n|detailschange|p2b: Tyranitar|Tyranitar-Mega, L50, F\n|-mega|p2b: Tyranitar|Tyranitar|Tyranitarite\n|move|p1a: Delphox|Heat Wave|p2a: Milotic|[spread] p2a,p2b\n|-resisted|p2a: Milotic|1\n|-resisted|p2b: Tyranitar|1\n|-damage|p2a: Milotic|65/100\n|-damage|p2b: Tyranitar|88/100\n|move|p2a: Milotic|Scald|p1a: Delphox\n|-supereffective|p1a: Delphox|1\n|-damage|p1a: Delphox|15/100\n|move|p2b: Tyranitar|High Horsepower|p1b: Raichu\n|-supereffective|p1b: Raichu|1\n|-damage|p1b: Raichu|0 fnt\n|faint|p1b: Raichu\n|\n|-weather|Sandstorm|[upkeep]\n|-damage|p1a: Delphox|9/100|[from] Sandstorm\n|-damage|p2a: Milotic|59/100|[from] Sandstorm\n|upkeep\n|turn|7\n|-message|shuroroa forfeited.\n|\n|win|Kwiper\n|raw|shuroroa's rating: 1400 &rarr; <strong>1390</strong><br />(-10 for losing)\n|raw|Kwiper's rating: 1581 &rarr; <strong>1591</strong><br />(+10 for winning)\n","uploadtime":1788407043,"views":"1","formatid":"gen9championsvgc2026regmb","rating":1390,"private":0,"password":null}