{"id":"gen9championsvgc2026regmb-2674464862","format":"[Gen 9 Champions] VGC 2026 Reg M-B","players":["GenericEdgeLrd","overqwilmaster"],"log":"|j|☆GenericEdgeLrd\n|j|☆overqwilmaster\n|t:|1788362965\n|gametype|doubles\n|player|p1|GenericEdgeLrd|gentleman-gen4|1302\n|player|p2|overqwilmaster|101|1359\n|gen|9\n|tier|[Gen 9 Champions] VGC 2026 Reg M-B\n|rated|\n|rule|Species Clause: Limit one of each Pokémon\n|rule|Item Clause: Limit 1 of each item\n|clearpoke\n|poke|p1|Sylveon, L50, F, shiny|\n|poke|p1|Dragapult, L50, F|\n|poke|p1|Sneasler, L50, M|\n|poke|p1|Basculegion, L50, M|\n|poke|p1|Kingambit, L50, M|\n|poke|p1|Floette-Eternal, L50, F|\n|poke|p2|Overqwil, L50, M|\n|poke|p2|Sneasler, L50, M|\n|poke|p2|Sableye, L50, M|\n|poke|p2|Delphox, L50, F|\n|poke|p2|Weavile, L50, M|\n|poke|p2|Charizard, L50, M|\n|teampreview|4\n|inactive|Battle timer is ON: inactive players will automatically lose when time's up. (requested by overqwilmaster)\n|\n|t:|1788362989\n|teamsize|p1|4\n|teamsize|p2|4\n|start\n|switch|p1a: Floette|Floette-Eternal, L50, F|100/100\n|switch|p1b: Sylveon|Sylveon, L50, F, shiny|100/100\n|switch|p2a: Overqwil|Overqwil, L50, M|100/100\n|switch|p2b: Sableye|Sableye, L50, M|100/100\n|-ability|p2a: Overqwil|Intimidate|boost\n|-unboost|p1a: Floette|atk|1\n|-unboost|p1b: Sylveon|atk|1\n|turn|1\n|\n|t:|1788363007\n|detailschange|p1a: Floette|Floette-Mega, L50, F\n|-mega|p1a: Floette|Floette|Floettite\n|-ability|p1a: Floette|Fairy Aura\n|move|p2b: Sableye|Fake Out|p1a: Floette\n|-damage|p1a: Floette|90/100\n|cant|p1a: Floette|flinch\n|move|p2a: Overqwil|Minimize|p2a: Overqwil\n|-boost|p2a: Overqwil|evasion|2\n|move|p1b: Sylveon|Hyper Voice|p2b: Sableye|[spread] p2a,p2b\n|-supereffective|p2b: Sableye|1\n|-damage|p2a: Overqwil|46/100\n|-damage|p2b: Sableye|0 fnt\n|faint|p2b: Sableye\n|\n|-heal|p2a: Overqwil|52/100|[from] item: Leftovers\n|upkeep\n|\n|t:|1788363022\n|switch|p2b: Sneasler|Sneasler, L50, M|100/100\n|turn|2\n|\n|t:|1788363028\n|move|p2b: Sneasler|Dire Claw|p1b: Sylveon\n|-supereffective|p1b: Sylveon|1\n|-damage|p1b: Sylveon|0 fnt\n|faint|p1b: Sylveon\n|move|p1a: Floette|Psychic|p2b: Sneasler\n|-supereffective|p2b: Sneasler|2\n|-damage|p2b: Sneasler|0 fnt\n|faint|p2b: Sneasler\n|move|p2a: Overqwil|Minimize|p2a: Overqwil\n|-boost|p2a: Overqwil|evasion|2\n|\n|-heal|p2a: Overqwil|58/100|[from] item: Leftovers\n|upkeep\n|\n|t:|1788363037\n|switch|p2b: Delphox|Delphox, L50, F|100/100\n|switch|p1b: Basculegion|Basculegion, L50, M|100/100\n|turn|3\n|\n|t:|1788363046\n|move|p2b: Delphox|Protect|p2b: Delphox\n|-singleturn|p2b: Delphox|Protect\n|move|p1a: Floette|Moonblast|p2a: Overqwil|[miss]\n|-miss|p1a: Floette|p2a: Overqwil\n|move|p1b: Basculegion|Wave Crash|p2a: Overqwil|[miss]\n|-miss|p1b: Basculegion|p2a: Overqwil\n|move|p2a: Overqwil|Minimize|p2a: Overqwil\n|-boost|p2a: Overqwil|evasion|2\n|\n|-heal|p2a: Overqwil|65/100|[from] item: Leftovers\n|upkeep\n|turn|4\n|\n|t:|1788363061\n|detailschange|p2b: Delphox|Delphox-Mega, L50, F\n|-mega|p2b: Delphox|Delphox|Delphoxite\n|move|p2b: Delphox|Psych Up|p2a: Overqwil\n|-copyboost|p2b: Delphox|p2a: Overqwil|[from] move: Psych Up\n|move|p1a: Floette|Moonblast|p2a: Overqwil\n|-damage|p2a: Overqwil|0 fnt\n|faint|p2a: Overqwil\n|move|p1b: Basculegion|Wave Crash|p2b: Delphox|[miss]\n|-miss|p1b: Basculegion|p2b: Delphox\n|\n|upkeep\n|turn|5\n|\n|t:|1788363080\n|move|p2b: Delphox|Psychic|p1b: Basculegion\n|-damage|p1b: Basculegion|39/100\n|move|p1a: Floette|Moonblast|p2b: Delphox\n|-resisted|p2b: Delphox|1\n|-damage|p2b: Delphox|69/100\n|move|p1b: Basculegion|Last Respects|p2b: Delphox|[miss]\n|-miss|p1b: Basculegion|p2b: Delphox\n|\n|upkeep\n|turn|6\n|\n|t:|1788363090\n|move|p2b: Delphox|Psychic|p1b: Basculegion\n|-damage|p1b: Basculegion|0 fnt\n|faint|p1b: Basculegion\n|move|p1a: Floette|Moonblast|p2b: Delphox|[miss]\n|-miss|p1a: Floette|p2b: Delphox\n|\n|upkeep\n|\n|t:|1788363099\n|switch|p1b: Kingambit|Kingambit, L50, M|100/100\n|turn|7\n|\n|t:|1788363105\n|move|p1b: Kingambit|Sucker Punch|p2b: Delphox\n|-supereffective|p2b: Delphox|1\n|-damage|p2b: Delphox|0 fnt\n|faint|p2b: Delphox\n|\n|win|GenericEdgeLrd\n|raw|GenericEdgeLrd's rating: 1302 &rarr; <strong>1325</strong><br />(+23 for winning)\n|raw|overqwilmaster's rating: 1359 &rarr; <strong>1336</strong><br />(-23 for losing)\n","uploadtime":1788363108,"views":"0","formatid":"gen9championsvgc2026regmb","rating":1325,"private":0,"password":null}