{"id":"gen9championsvgc2026regmbbo3-2673309101","format":"[Gen 9 Champions] VGC 2026 Reg M-B (Bo3)","players":["MegaHappyDragonite","jeanryupr"],"log":"|j|☆MegaHappyDragonite\n|j|☆jeanryupr\n|html|<table width=\"100%\"><tr><td align=\"left\">MegaHappyDragonite</td><td align=\"right\">jeanryupr</tr><tr><td align=\"left\"><i class=\"fa fa-circle-o\"></i> <i class=\"fa fa-circle-o\"></i> </td><td align=\"right\"><i class=\"fa fa-circle-o\"></i> <i class=\"fa fa-circle-o\"></i> </tr></table>\n|uhtml|bestof|<h2><strong>Game 1</strong> of <a href=\"/game-bestof3-gen9championsvgc2026regmbbo3-2673309100\">a best-of-3</a></h2>\n|t:|1788181139\n|gametype|doubles\n|player|p1|MegaHappyDragonite|sailor|1226\n|player|p2|jeanryupr|265|1324\n|gen|9\n|tier|[Gen 9 Champions] VGC 2026 Reg M-B (Bo3)\n|rated|\n|rule|Species Clause: Limit one of each Pokémon\n|rule|Item Clause: Limit 1 of each item\n|clearpoke\n|poke|p1|Staraptor, L50, M|\n|poke|p1|Farigiraf, L50, F|\n|poke|p1|Arcanine-Hisui, L50, F|\n|poke|p1|Sylveon, L50, M|\n|poke|p1|Kingambit, L50, M|\n|poke|p1|Raichu, L50, M|\n|poke|p2|Scovillain, L50, F, shiny|\n|poke|p2|Basculegion, L50, M|\n|poke|p2|Kingambit, L50, M|\n|poke|p2|Sneasler, L50, M|\n|poke|p2|Lycanroc-Dusk, L50, F|\n|poke|p2|Froslass, L50, F|\n|teampreview|4\n|showteam|p1|Staraptor||Staraptite|Intimidate|DualWingbeat,CloseCombat,Tailwind,Protect|Jolly||M|||50|]Farigiraf||SitrusBerry|ArmorTail|Psychic,TrickRoom,HelpingHand,Protect|Calm||F|||50|]Arcanine-Hisui||FocusSash|RockHead|FlareBlitz,HeadSmash,ExtremeSpeed,Protect|Jolly||F|||50|]Sylveon||FairyFeather|Pixilate|HyperVoice,HyperBeam,QuickAttack,Detect|Modest||M|||50|]Kingambit||LifeOrb|Defiant|KowtowCleave,SuckerPunch,SwordsDance,Protect|Adamant||M|||50|]Raichu||RaichuniteY|LightningRod|FakeOut,ZapCannon,FocusBlast,Protect|Timid||M|||50|\n|showteam|p2|Scovillain||Scovillainite|Moody|GigaDrain,Overheat,RagePowder,Protect|Bold||F|||50|]Basculegion||LifeOrb|Adaptability|WaveCrash,LastRespects,AquaJet,Protect|Adamant||M|||50|]Kingambit||BlackGlasses|Defiant|KowtowCleave,SuckerPunch,SwordsDance,Protect|Adamant||M|||50|]Sneasler||WhiteHerb|Unburden|CloseCombat,DireClaw,Protect,FakeOut|Adamant||M|||50|]Lycanroc-Dusk||FocusSash|ToughClaws|CloseCombat,Accelerock,RockSlide,Protect|Adamant||F|||50|]Froslass||Froslassite|CursedBody|Blizzard,ShadowBall,AuroraVeil,Protect|Timid||F|||50|\n|\n|t:|1788181220\n|teamsize|p1|4\n|teamsize|p2|4\n|start\n|switch|p1a: Arcanine|Arcanine-Hisui, L50, F|100/100\n|switch|p1b: Raichu|Raichu, L50, M|100/100\n|switch|p2a: Scovillain|Scovillain, L50, F, shiny|100/100\n|switch|p2b: Lycanroc|Lycanroc-Dusk, L50, F|100/100\n|turn|1\n|\n|t:|1788181236\n|detailschange|p1b: Raichu|Raichu-Mega-Y, L50, M\n|-mega|p1b: Raichu|Raichu|Raichunite Y\n|move|p2b: Lycanroc|Protect|p2b: Lycanroc\n|-singleturn|p2b: Lycanroc|Protect\n|move|p2a: Scovillain|Protect|p2a: Scovillain\n|-singleturn|p2a: Scovillain|Protect\n|move|p1b: Raichu|Fake Out|p2b: Lycanroc\n|-activate|p2b: Lycanroc|move: Protect\n|move|p1a: Arcanine|Head Smash|p2a: Scovillain\n|-activate|p2a: Scovillain|move: Protect\n|\n|-ability|p2a: Scovillain|Moody|boost\n|-boost|p2a: Scovillain|def|2\n|-unboost|p2a: Scovillain|atk|1\n|upkeep\n|turn|2\n|\n|t:|1788181255\n|detailschange|p2a: Scovillain|Scovillain-Mega, L50, F, shiny\n|-mega|p2a: Scovillain|Scovillain|Scovillainite\n|move|p1a: Arcanine|Protect|p1a: Arcanine\n|-singleturn|p1a: Arcanine|Protect\n|move|p2a: Scovillain|Rage Powder|p2a: Scovillain\n|-singleturn|p2a: Scovillain|move: Rage Powder\n|move|p1b: Raichu|Zap Cannon|p2a: Scovillain\n|-resisted|p2a: Scovillain|1\n|-damage|p2a: Scovillain|67/100\n|-status|p2a: Scovillain|par\n|-status|p1b: Raichu|brn|[from] ability: Spicy Spray|[of] p2a: Scovillain\n|move|p2b: Lycanroc|Rock Slide|p1a: Arcanine|[spread] p1b\n|-activate|p1a: Arcanine|move: Protect\n|-damage|p1b: Raichu|53/100 brn\n|\n|-damage|p1b: Raichu|46/100 brn|[from] brn\n|upkeep\n|turn|3\n|\n|t:|1788181274\n|move|p1b: Raichu|Protect|p1b: Raichu\n|-singleturn|p1b: Raichu|Protect\n|move|p2a: Scovillain|Rage Powder|p2a: Scovillain\n|-singleturn|p2a: Scovillain|move: Rage Powder\n|move|p2b: Lycanroc|Rock Slide|p1a: Arcanine|[spread] p1a\n|-activate|p1b: Raichu|move: Protect\n|-supereffective|p1a: Arcanine|1\n|-damage|p1a: Arcanine|26/100\n|cant|p1a: Arcanine|flinch\n|\n|-damage|p1b: Raichu|40/100 brn|[from] brn\n|upkeep\n|turn|4\n|\n|t:|1788181288\n|move|p1a: Arcanine|Extreme Speed|p2a: Scovillain\n|-damage|p2a: Scovillain|56/100 par\n|move|p2a: Scovillain|Rage Powder|p2a: Scovillain\n|-singleturn|p2a: Scovillain|move: Rage Powder\n|move|p1b: Raichu|Focus Blast|p2a: Scovillain\n|-damage|p2a: Scovillain|9/100 par\n|move|p2b: Lycanroc|Rock Slide|p1b: Raichu|[spread] p1a,p1b\n|-supereffective|p1a: Arcanine|1\n|-damage|p1a: Arcanine|0 fnt\n|-damage|p1b: Raichu|0 fnt\n|faint|p1a: Arcanine\n|faint|p1b: Raichu\n|\n|upkeep\n|\n|t:|1788181293\n|switch|p1b: Staraptor|Staraptor, L50, M|100/100\n|switch|p1a: Sylveon|Sylveon, L50, M|100/100\n|-ability|p1b: Staraptor|Intimidate|boost\n|-unboost|p2a: Scovillain|atk|1\n|-unboost|p2b: Lycanroc|atk|1\n|turn|5\n|\n|t:|1788181313\n|move|p1b: Staraptor|Protect|p1b: Staraptor\n|-singleturn|p1b: Staraptor|Protect\n|move|p2a: Scovillain|Rage Powder|p2a: Scovillain\n|-singleturn|p2a: Scovillain|move: Rage Powder\n|move|p2b: Lycanroc|Rock Slide|p1a: Sylveon|[spread] p1a\n|-activate|p1b: Staraptor|move: Protect\n|-damage|p1a: Sylveon|77/100\n|cant|p1a: Sylveon|flinch\n|\n|upkeep\n|turn|6\n|\n|t:|1788181335\n|move|p1b: Staraptor|Protect||[still]\n|-fail|p1b: Staraptor\n|move|p2b: Lycanroc|Protect|p2b: Lycanroc\n|-singleturn|p2b: Lycanroc|Protect\n|move|p2a: Scovillain|Rage Powder|p2a: Scovillain\n|-singleturn|p2a: Scovillain|move: Rage Powder\n|move|p1a: Sylveon|Hyper Voice|p2b: Lycanroc|[spread] p2a\n|-activate|p2b: Lycanroc|move: Protect\n|-resisted|p2a: Scovillain|1\n|-damage|p2a: Scovillain|0 fnt\n|-status|p1a: Sylveon|brn|[from] ability: Spicy Spray|[of] p2a: Scovillain\n|faint|p2a: Scovillain\n|\n|-damage|p1a: Sylveon|71/100 brn|[from] brn\n|upkeep\n|\n|t:|1788181344\n|switch|p2a: Sneasler|Sneasler, L50, M|100/100\n|turn|7\n|c|☆MegaHappyDragonite|insane hax\n|\n|t:|1788181363\n|move|p1a: Sylveon|Detect|p1a: Sylveon\n|-singleturn|p1a: Sylveon|Protect\n|move|p2a: Sneasler|Fake Out|p1a: Sylveon\n|-activate|p1a: Sylveon|move: Protect\n|move|p1b: Staraptor|Dual Wingbeat|p2a: Sneasler\n|-supereffective|p2a: Sneasler|1\n|-damage|p2a: Sneasler|39/100\n|-supereffective|p2a: Sneasler|1\n|-damage|p2a: Sneasler|0 fnt\n|faint|p2a: Sneasler\n|-hitcount|p2: Sneasler|2\n|move|p2b: Lycanroc|Rock Slide|p1a: Sylveon|[spread] p1b\n|-activate|p1a: Sylveon|move: Protect\n|-supereffective|p1b: Staraptor|1\n|-damage|p1b: Staraptor|39/100\n|\n|-damage|p1a: Sylveon|65/100 brn|[from] brn\n|upkeep\n|\n|t:|1788181368\n|switch|p2a: Kingambit|Kingambit, L50, M|100/100\n|turn|8\n|\n|t:|1788181398\n|move|p2b: Lycanroc|Accelerock|p1b: Staraptor\n|-supereffective|p1b: Staraptor|1\n|-damage|p1b: Staraptor|0 fnt\n|faint|p1b: Staraptor\n|move|p1a: Sylveon|Quick Attack|p2b: Lycanroc\n|-damage|p2b: Lycanroc|88/100\n|move|p2a: Kingambit|Kowtow Cleave|p1a: Sylveon\n|-resisted|p1a: Sylveon|1\n|-damage|p1a: Sylveon|31/100 brn\n|\n|-damage|p1a: Sylveon|25/100 brn|[from] brn\n|upkeep\n|turn|9\n|\n|t:|1788181410\n|move|p2b: Lycanroc|Protect|p2b: Lycanroc\n|-singleturn|p2b: Lycanroc|Protect\n|move|p2a: Kingambit|Protect|p2a: Kingambit\n|-singleturn|p2a: Kingambit|Protect\n|move|p1a: Sylveon|Hyper Beam|p2a: Kingambit\n|-activate|p2a: Kingambit|move: Protect\n|\n|-damage|p1a: Sylveon|19/100 brn|[from] brn\n|upkeep\n|turn|10\n|-message|MegaHappyDragonite forfeited.\n|\n|win|jeanryupr\n","uploadtime":1788181153,"views":"1","formatid":"gen9championsvgc2026regmbbo3","rating":null,"private":0,"password":null}