{"id":"gen9championsvgc2026regmbbo3-2675008068","format":"[Gen 9 Champions] VGC 2026 Reg M-B (Bo3)","players":["nachinnnn","Watawa"],"log":"|j|☆nachinnnn\n|j|☆Watawa\n|html|<table width=\"100%\"><tr><td align=\"left\">nachinnnn</td><td align=\"right\">Watawa</tr><tr><td align=\"left\"><i class=\"fa fa-circle-o\"></i> <i class=\"fa fa-circle-o\"></i> </td><td align=\"right\"><i class=\"fa fa-circle-o\"></i> <i class=\"fa fa-circle\"></i> </tr></table>\n|uhtml|bestof|<h2><strong>Game 2</strong> of <a href=\"/game-bestof3-gen9championsvgc2026regmbbo3-2675006017\">a best-of-3</a></h2>\n|t:|1788448093\n|gametype|doubles\n|player|p1|nachinnnn|2|1139\n|player|p2|Watawa|265|1126\n|gen|9\n|tier|[Gen 9 Champions] VGC 2026 Reg M-B (Bo3)\n|rated|\n|rule|Species Clause: Limit one of each Pokémon\n|rule|Item Clause: Limit 1 of each item\n|clearpoke\n|poke|p1|Metagross, L50|\n|poke|p1|Sinistcha, L50|\n|poke|p1|Hydreigon, L50, F|\n|poke|p1|Sneasler, L50, M|\n|poke|p1|Incineroar, L50, M|\n|poke|p1|Araquanid, L50, M|\n|poke|p2|Metagross, L50, shiny|\n|poke|p2|Farigiraf, L50, M|\n|poke|p2|Whimsicott, L50, F|\n|poke|p2|Kommo-o, L50, M, shiny|\n|poke|p2|Basculegion, L50, M|\n|poke|p2|Incineroar, L50, M, shiny|\n|teampreview|4\n|showteam|p1|Metagross||Metagrossite|ClearBody|PsychicFangs,IronHead,CosmicPower,Protect|Jolly|||||50|]Sinistcha||SitrusBerry|Hospitality|Curse,MatchaGotcha,RagePowder,Protect|Bold|||||50|]Hydreigon||ChoiceScarf|Levitate|DracoMeteor,Snarl,EarthPower,DarkPulse|Modest||F|||50|]Sneasler||WhiteHerb|Unburden|FakeOut,Protect,CloseCombat,DireClaw|Adamant||M|||50|]Incineroar||ChopleBerry|Intimidate|FakeOut,PartingShot,Taunt,FlareBlitz|Adamant||M|||50|]Araquanid||LifeOrb|WaterBubble|LeechLife,Liquidation,WideGuard,IcyWind|Sassy||M|||50|\n|showteam|p2|Metagross||Metagrossite|ClearBody|IronHead,PsychicFangs,BodyPress,Protect|Jolly|||||50|]Farigiraf||ColburBerry|ArmorTail|TwinBeam,HelpingHand,TrickRoom,Roar|Calm||M|||50|]Whimsicott||FocusSash|Prankster|Moonblast,Tailwind,Encore,Protect|Timid||F|||50|]Kommo-o||LifeOrb|Soundproof|ClangingScales,AuraSphere,VacuumWave,Protect|Timid||M|||50|]Basculegion||ChoiceScarf|Adaptability|WaveCrash,LastRespects,AquaJet,FlipTurn|Jolly||M|||50|]Incineroar||SitrusBerry|Intimidate|FakeOut,FlareBlitz,PartingShot,DarkestLariat|Impish||M|||50|\n|inactive|Battle timer is ON: inactive players will automatically lose when time's up. (requested by Watawa)\n|\n|t:|1788448149\n|teamsize|p1|4\n|teamsize|p2|4\n|start\n|switch|p1a: Incineroar|Incineroar, L50, M|100/100\n|switch|p1b: Sneasler|Sneasler, L50, M|100/100\n|switch|p2a: Whimsicott|Whimsicott, L50, F|100/100\n|switch|p2b: Incineroar|Incineroar, L50, M, shiny|100/100\n|-ability|p2b: Incineroar|Intimidate|boost\n|-unboost|p1a: Incineroar|atk|1\n|-unboost|p1b: Sneasler|atk|1\n|-ability|p1a: Incineroar|Intimidate|boost\n|-unboost|p2a: Whimsicott|atk|1\n|-unboost|p2b: Incineroar|atk|1\n|-enditem|p1b: Sneasler|White Herb\n|-clearnegativeboost|p1b: Sneasler|[silent]\n|turn|1\n|\n|t:|1788448170\n|switch|p2b: Kommo-o|Kommo-o, L50, M, shiny|100/100\n|move|p2a: Whimsicott|Protect|p2a: Whimsicott\n|-singleturn|p2a: Whimsicott|Protect\n|move|p1b: Sneasler|Fake Out|p2b: Kommo-o\n|-damage|p2b: Kommo-o|85/100\n|move|p1a: Incineroar|Flare Blitz|p2a: Whimsicott\n|-activate|p2a: Whimsicott|move: Protect\n|\n|upkeep\n|turn|2\n|\n|t:|1788448186\n|move|p2a: Whimsicott|Encore|p1b: Sneasler\n|-start|p1b: Sneasler|Encore\n|move|p1b: Sneasler|Fake Out||[still]\n|-hint|Fake Out only works on your first turn out.\n|-fail|p1b: Sneasler\n|move|p2b: Kommo-o|Aura Sphere|p1a: Incineroar\n|-supereffective|p1a: Incineroar|1\n|-enditem|p1a: Incineroar|Chople Berry|[eat]\n|-enditem|p1a: Incineroar|Chople Berry|[weaken]\n|-damage|p1a: Incineroar|59/100\n|-damage|p2b: Kommo-o|75/100|[from] item: Life Orb\n|move|p1a: Incineroar|Parting Shot|p2b: Kommo-o\n|-immune|p2b: Kommo-o|[from] ability: Soundproof\n|\n|upkeep\n|turn|3\n|inactive|nachinnnn has 30 seconds left.\n|\n|t:|1788448221\n|switch|p1b: Metagross|Metagross, L50|100/100\n|move|p2a: Whimsicott|Tailwind|p2a: Whimsicott\n|-sidestart|p2: Watawa|move: Tailwind\n|move|p2b: Kommo-o|Clanging Scales|p1b: Metagross|[spread] p1a,p1b\n|-resisted|p1b: Metagross|1\n|-damage|p1a: Incineroar|14/100\n|-damage|p1b: Metagross|72/100\n|-unboost|p2b: Kommo-o|def|1\n|-damage|p2b: Kommo-o|65/100|[from] item: Life Orb\n|move|p1a: Incineroar|Taunt|p2a: Whimsicott\n|-start|p2a: Whimsicott|move: Taunt\n|\n|upkeep\n|turn|4\n|inactive|Watawa has 30 seconds left.\n|\n|t:|1788448248\n|switch|p2b: Incineroar|Incineroar, L50, M, shiny|100/100\n|-ability|p2b: Incineroar|Intimidate|boost\n|-unboost|p1a: Incineroar|atk|1\n|-fail|p1b: Metagross|unboost|[from] ability: Clear Body|[of] p1b: Metagross\n|move|p2a: Whimsicott|Moonblast|p1a: Incineroar\n|-damage|p1a: Incineroar|0 fnt\n|faint|p1a: Incineroar\n|move|p1b: Metagross|Cosmic Power|p1b: Metagross\n|-boost|p1b: Metagross|def|1\n|-boost|p1b: Metagross|spd|1\n|\n|upkeep\n|\n|t:|1788448258\n|switch|p1a: Sneasler|Sneasler, L50, M|100/100\n|turn|5\n|\n|t:|1788448274\n|switch|p2a: Farigiraf|Farigiraf, L50, M|100/100\n|move|p1a: Sneasler|Fake Out||[still]\n|cant|p2a: Farigiraf|ability: Armor Tail|Fake Out|[of] p1a: Sneasler\n|move|p2b: Incineroar|Flare Blitz|p1b: Metagross\n|-supereffective|p1b: Metagross|1\n|-damage|p1b: Metagross|15/100\n|-status|p1b: Metagross|brn\n|-damage|p2b: Incineroar|85/100|[from] Recoil\n|move|p1b: Metagross|Iron Head|p2a: Farigiraf\n|-damage|p2a: Farigiraf|76/100\n|\n|-damage|p1b: Metagross|9/100 brn|[from] brn\n|upkeep\n|turn|6\n|\n|t:|1788448293\n|move|p1a: Sneasler|Close Combat|p2b: Incineroar\n|-supereffective|p2b: Incineroar|1\n|-damage|p2b: Incineroar|0 fnt\n|-unboost|p1a: Sneasler|def|1\n|-unboost|p1a: Sneasler|spd|1\n|faint|p2b: Incineroar\n|move|p2a: Farigiraf|Twin Beam|p1a: Sneasler\n|-supereffective|p1a: Sneasler|2\n|-damage|p1a: Sneasler|0 fnt\n|faint|p1a: Sneasler\n|-hitcount|p1: Sneasler|1\n|move|p1b: Metagross|Iron Head|p2a: Farigiraf\n|-damage|p2a: Farigiraf|53/100\n|\n|-damage|p1b: Metagross|3/100 brn|[from] brn\n|-sideend|p2: Watawa|move: Tailwind\n|upkeep\n|\n|t:|1788448300\n|switch|p1a: Hydreigon|Hydreigon, L50, F|100/100\n|switch|p2b: Whimsicott|Whimsicott, L50, F|100/100\n|turn|7\n|\n|t:|1788448310\n|detailschange|p1b: Metagross|Metagross-Mega, L50\n|-mega|p1b: Metagross|Metagross|Metagrossite\n|move|p1a: Hydreigon|Dark Pulse|p2b: Whimsicott\n|-resisted|p2b: Whimsicott|1\n|-damage|p2b: Whimsicott|67/100\n|move|p2b: Whimsicott|Moonblast|p1a: Hydreigon\n|-supereffective|p1a: Hydreigon|2\n|-damage|p1a: Hydreigon|0 fnt\n|faint|p1a: Hydreigon\n|move|p1b: Metagross|Iron Head|p2b: Whimsicott\n|-supereffective|p2b: Whimsicott|1\n|-damage|p2b: Whimsicott|0 fnt\n|faint|p2b: Whimsicott\n|move|p2a: Farigiraf|Twin Beam|p1b: Metagross\n|-resisted|p1b: Metagross|2\n|-damage|p1b: Metagross|1/100 brn\n|-resisted|p1b: Metagross|2\n|-damage|p1b: Metagross|0 fnt\n|faint|p1b: Metagross\n|-hitcount|p1: Metagross|2\n|\n|win|Watawa\n|raw|nachinnnn's rating: 1139 &rarr; <strong>1113</strong><br />(-26 for losing)\n|raw|Watawa's rating: 1126 &rarr; <strong>1152</strong><br />(+26 for winning)\n|l|☆nachinnnn\n|player|p1|\n","uploadtime":1788448324,"views":"0","formatid":"gen9championsvgc2026regmbbo3","rating":1113,"private":0,"password":null}