{"id":"gen9championsvgc2026regmb-2674820651","format":"[Gen 9 Champions] VGC 2026 Reg M-B","players":["ethalem","pranay showdown"],"log":"|j|☆ethalem\n|j|☆pranay showdown\n|t:|1788413717\n|gametype|doubles\n|player|p1|ethalem|acetrainer-gen4dp|1486\n|player|p2|pranay showdown|1|1595\n|gen|9\n|tier|[Gen 9 Champions] VGC 2026 Reg M-B\n|rated|\n|rule|Species Clause: Limit one of each Pokémon\n|rule|Item Clause: Limit 1 of each item\n|clearpoke\n|poke|p1|Dragonite, L50, M|\n|poke|p1|Sneasler, L50, M|\n|poke|p1|Basculegion, L50, M|\n|poke|p1|Kingambit, L50, F|\n|poke|p1|Garchomp, L50, M|\n|poke|p1|Floette-Eternal, L50, F|\n|poke|p2|Charizard, L50, M|\n|poke|p2|Whimsicott, L50, M|\n|poke|p2|Kingambit, L50, M|\n|poke|p2|Basculegion, L50, M|\n|poke|p2|Garchomp, L50, F|\n|poke|p2|Glimmora, L50, F|\n|teampreview|4\n|inactive|Battle timer is ON: inactive players will automatically lose when time's up. (requested by ethalem)\n|inactive|pranay showdown has 60 seconds left.\n|\n|t:|1788413752\n|teamsize|p1|4\n|teamsize|p2|4\n|start\n|switch|p1a: Garchomp|Garchomp, L50, M|100/100\n|switch|p1b: Sneasler|Sneasler, L50, M|100/100\n|switch|p2a: Whimsicott|Whimsicott, L50, M|100/100\n|switch|p2b: Glimmora|Glimmora, L50, F|100/100\n|turn|1\n|l|☆ethalem\n|inactive|ethalem disconnected and has a minute to reconnect!\n|player|p1|\n|inactive|ethalem has 30 seconds left.\n|j|☆ethalem\n|inactive|ethalem reconnected and has 25 seconds left.\n|player|p1|ethalem|acetrainer-gen4dp|\n|inactive|ethalem has 20 seconds left.\n|inactive|ethalem has 15 seconds left.\n|\n|t:|1788413792\n|move|p1b: Sneasler|Feint|p2b: Glimmora\n|-resisted|p2b: Glimmora|1\n|-damage|p2b: Glimmora|93/100\n|-activate|p2b: Glimmora|ability: Toxic Debris\n|-sidestart|p1: ethalem|move: Toxic Spikes\n|move|p2a: Whimsicott|Tailwind|p2a: Whimsicott\n|-sidestart|p2: pranay showdown|move: Tailwind\n|move|p2b: Glimmora|Earth Power|p1b: Sneasler\n|-supereffective|p1b: Sneasler|1\n|-enditem|p1b: Sneasler|Focus Sash\n|-damage|p1b: Sneasler|1/100\n|move|p1a: Garchomp|Stomping Tantrum|p2b: Glimmora\n|-supereffective|p2b: Glimmora|2\n|-damage|p2b: Glimmora|0 fnt\n|-activate|p2b: Glimmora|ability: Toxic Debris\n|-sidestart|p1: ethalem|move: Toxic Spikes\n|faint|p2b: Glimmora\n|\n|upkeep\n|\n|t:|1788413817\n|switch|p2b: Garchomp|Garchomp, L50, F|100/100\n|turn|2\n|\n|t:|1788413826\n|switch|p1a: Kingambit|Kingambit, L50, F|100/100\n|move|p1b: Sneasler|Feint|p2a: Whimsicott\n|-damage|p2a: Whimsicott|85/100\n|move|p2a: Whimsicott|Moonblast|p1b: Sneasler\n|-damage|p1b: Sneasler|0 fnt\n|faint|p1b: Sneasler\n|move|p2b: Garchomp|Dragon Claw|p1a: Kingambit\n|-resisted|p1a: Kingambit|1\n|-damage|p1a: Kingambit|79/100\n|-damage|p2b: Garchomp|90/100|[from] item: Life Orb\n|\n|upkeep\n|\n|t:|1788413838\n|switch|p1b: Basculegion|Basculegion, L50, M|100/100\n|-status|p1b: Basculegion|tox\n|turn|3\n|\n|t:|1788413850\n|move|p1b: Basculegion|Aqua Jet|p2b: Garchomp\n|-damage|p2b: Garchomp|59/100\n|-damage|p1b: Basculegion|87/100 tox|[from] ability: Rough Skin|[of] p2b: Garchomp\n|-damage|p1b: Basculegion|78/100 tox|[from] item: Life Orb\n|move|p1a: Kingambit|Sucker Punch|p2b: Garchomp\n|-damage|p2b: Garchomp|23/100\n|-damage|p1a: Kingambit|67/100|[from] ability: Rough Skin|[of] p2b: Garchomp\n|move|p2a: Whimsicott|Moonblast|p1b: Basculegion\n|-damage|p1b: Basculegion|37/100 tox\n|move|p2b: Garchomp|Dragon Claw|p1b: Basculegion\n|-damage|p1b: Basculegion|0 fnt\n|faint|p1b: Basculegion\n|-damage|p2b: Garchomp|13/100|[from] item: Life Orb\n|\n|upkeep\n|\n|t:|1788413864\n|switch|p1b: Garchomp|Garchomp, L50, M|100/100\n|-status|p1b: Garchomp|tox\n|turn|4\n|\n|t:|1788413880\n|move|p2a: Whimsicott|Protect|p2a: Whimsicott\n|-singleturn|p2a: Whimsicott|Protect\n|move|p1a: Kingambit|Sucker Punch|p2b: Garchomp\n|-damage|p2b: Garchomp|0 fnt\n|-damage|p1a: Kingambit|55/100|[from] ability: Rough Skin|[of] p2b: Garchomp\n|faint|p2b: Garchomp\n|move|p1b: Garchomp|Rock Slide|p2a: Whimsicott\n|-activate|p2a: Whimsicott|move: Protect\n|\n|-damage|p1b: Garchomp|93/100 tox|[from] psn\n|-sideend|p2: pranay showdown|move: Tailwind\n|upkeep\n|\n|t:|1788413893\n|switch|p2b: Charizard|Charizard, L50, M|100/100\n|turn|5\n|\n|t:|1788413910\n|move|p2b: Charizard|Protect|p2b: Charizard\n|-singleturn|p2b: Charizard|Protect\n|move|p2a: Whimsicott|Tailwind|p2a: Whimsicott\n|-sidestart|p2: pranay showdown|move: Tailwind\n|move|p1b: Garchomp|Rock Slide|p2b: Charizard|[spread] \n|-activate|p2b: Charizard|move: Protect\n|-miss|p1b: Garchomp|p2a: Whimsicott\n|move|p1a: Kingambit|Iron Head|p2a: Whimsicott\n|-supereffective|p2a: Whimsicott|1\n|-damage|p2a: Whimsicott|0 fnt\n|faint|p2a: Whimsicott\n|\n|-damage|p1b: Garchomp|81/100 tox|[from] psn\n|upkeep\n|turn|6\n|\n|t:|1788413920\n|detailschange|p2b: Charizard|Charizard-Mega-Y, L50, M\n|-mega|p2b: Charizard|Charizard|Charizardite Y\n|-weather|SunnyDay|[from] ability: Drought|[of] p2b: Charizard\n|move|p1a: Kingambit|Sucker Punch|p2b: Charizard\n|-damage|p2b: Charizard|63/100\n|move|p2b: Charizard|Heat Wave|p1b: Garchomp|[spread] p1a,p1b\n|-supereffective|p1a: Kingambit|1\n|-resisted|p1b: Garchomp|1\n|-damage|p1a: Kingambit|0 fnt\n|-damage|p1b: Garchomp|47/100 tox\n|faint|p1a: Kingambit\n|move|p1b: Garchomp|Rock Slide|p2b: Charizard|[miss]\n|-miss|p1b: Garchomp|p2b: Charizard\n|\n|-weather|SunnyDay|[upkeep]\n|-damage|p1b: Garchomp|28/100 tox|[from] psn\n|upkeep\n|turn|7\n|\n|t:|1788413935\n|move|p2b: Charizard|Weather Ball|p1b: Garchomp\n|-resisted|p1b: Garchomp|1\n|-damage|p1b: Garchomp|0 fnt\n|faint|p1b: Garchomp\n|\n|win|pranay showdown\n|raw|ethalem's rating: 1486 &rarr; <strong>1472</strong><br />(-14 for losing)\n|raw|pranay showdown's rating: 1595 &rarr; <strong>1609</strong><br />(+14 for winning)\n","uploadtime":1788413937,"views":"1","formatid":"gen9championsvgc2026regmb","rating":1472,"private":0,"password":null}