{"id":"gen9championsvgc2026regmb-2673870597","format":"[Gen 9 Champions] VGC 2026 Reg M-B","players":["Thornlace48812","mikelmtz"],"log":"|j|☆Thornlace48812\n|j|☆mikelmtz\n|t:|1788271139\n|gametype|doubles\n|player|p1|Thornlace48812|102|1175\n|player|p2|mikelmtz|265|1104\n|gen|9\n|tier|[Gen 9 Champions] VGC 2026 Reg M-B\n|rated|\n|rule|Species Clause: Limit one of each Pokémon\n|rule|Item Clause: Limit 1 of each item\n|clearpoke\n|poke|p1|Garchomp, L50, F|\n|poke|p1|Charizard, L50, F|\n|poke|p1|Whimsicott, L50, F|\n|poke|p1|Sylveon, L50, M|\n|poke|p1|Kingambit, L50, F|\n|poke|p1|Basculegion, L50, M|\n|poke|p2|Floette-Eternal, L50, F|\n|poke|p2|Annihilape, L50, M, shiny|\n|poke|p2|Incineroar, L50, M, shiny|\n|poke|p2|Sinistcha-Masterpiece, L50|\n|poke|p2|Palafin, L50, F|\n|poke|p2|Sneasler, L50, F|\n|teampreview|4\n|inactive|Battle timer is ON: inactive players will automatically lose when time's up. (requested by Thornlace48812)\nThornlace48812 rejected open team sheets.\n|\n|t:|1788271165\n|teamsize|p1|4\n|teamsize|p2|4\n|start\n|switch|p1a: Charizard|Charizard, L50, F|100/100\n|switch|p1b: Sylveon|Sylveon, L50, M|100/100\n|switch|p2a: Annihilape|Annihilape, L50, M, shiny|100/100\n|switch|p2b: Palafin|Palafin, L50, F|100/100\n|turn|1\n|\n|t:|1788271176\n|detailschange|p2b: Palafin|Palafin-Hero, L50, F\n|switch|p2b: Incineroar|Incineroar, L50, M, shiny|100/100\n|-ability|p2b: Incineroar|Intimidate|boost\n|-unboost|p1a: Charizard|atk|1\n|-unboost|p1b: Sylveon|atk|1\n|detailschange|p1a: Charizard|Charizard-Mega-Y, L50, F\n|-mega|p1a: Charizard|Charizard|Charizardite Y\n|-weather|SunnyDay|[from] ability: Drought|[of] p1a: Charizard\n|move|p2a: Annihilape|Protect|p2a: Annihilape\n|-singleturn|p2a: Annihilape|Protect\n|move|p1a: Charizard|Heat Wave|p2a: Annihilape|[spread] p2b\n|-activate|p2a: Annihilape|move: Protect\n|-resisted|p2b: Incineroar|1\n|-damage|p2b: Incineroar|72/100\n|move|p1b: Sylveon|Hyper Voice|p2a: Annihilape|[spread] p2b\n|-activate|p2a: Annihilape|move: Protect\n|-damage|p2b: Incineroar|35/100\n|\n|-weather|SunnyDay|[upkeep]\n|upkeep\n|turn|2\n|\n|t:|1788271180\n|move|p2b: Incineroar|Fake Out|p1a: Charizard\n|-damage|p1a: Charizard|84/100\n|cant|p1a: Charizard|flinch\n|move|p2a: Annihilape|Rage Fist|p1a: Charizard\n|-damage|p1a: Charizard|57/100\n|move|p1b: Sylveon|Hyper Voice|p2b: Incineroar|[spread] p2a,p2b\n|-supereffective|p2a: Annihilape|1\n|-damage|p2a: Annihilape|31/100\n|-damage|p2b: Incineroar|0 fnt\n|faint|p2b: Incineroar\n|\n|-weather|SunnyDay|[upkeep]\n|-heal|p2a: Annihilape|36/100|[from] item: Leftovers\n|upkeep\n|\n|t:|1788271188\n|switch|p2b: Palafin|Palafin-Hero, L50, F|100/100\n|-activate|p2b: Palafin|ability: Zero to Hero\n|turn|3\n|\n|t:|1788271196\n|move|p2a: Annihilape|Protect|p2a: Annihilape\n|-singleturn|p2a: Annihilape|Protect\n|move|p1a: Charizard|Heat Wave|p2a: Annihilape|[spread] p2b\n|-activate|p2a: Annihilape|move: Protect\n|-resisted|p2b: Palafin|1\n|-damage|p2b: Palafin|73/100\n|move|p2b: Palafin|Bulk Up|p2b: Palafin\n|-boost|p2b: Palafin|atk|1\n|-boost|p2b: Palafin|def|1\n|move|p1b: Sylveon|Hyper Beam|p2b: Palafin|[miss]\n|-miss|p1b: Sylveon|p2b: Palafin\n|\n|-weather|SunnyDay|[upkeep]\n|-heal|p2a: Annihilape|42/100|[from] item: Leftovers\n|upkeep\n|turn|4\n|\n|t:|1788271204\n|move|p2b: Palafin|Jet Punch|p1a: Charizard\n|-supereffective|p1a: Charizard|1\n|-damage|p1a: Charizard|0 fnt\n|faint|p1a: Charizard\n|move|p2a: Annihilape|Rage Fist|p1b: Sylveon\n|-damage|p1b: Sylveon|42/100\n|move|p1b: Sylveon|Hyper Voice|p2a: Annihilape|[spread] p2a,p2b\n|-supereffective|p2a: Annihilape|1\n|-damage|p2a: Annihilape|0 fnt\n|-damage|p2b: Palafin|29/100\n|faint|p2a: Annihilape\n|\n|-weather|SunnyDay|[upkeep]\n|upkeep\n|\n|t:|1788271210\n|switch|p1a: Basculegion|Basculegion, L50, M|100/100\n|switch|p2a: Sinistcha|Sinistcha-Masterpiece, L50|100/100\n|-heal|p2b: Palafin|54/100|[from] ability: Hospitality|[of] p2a: Sinistcha\n|turn|5\n|\n|t:|1788271222\n|move|p1a: Basculegion|Protect|p1a: Basculegion\n|-singleturn|p1a: Basculegion|Protect\n|move|p2b: Palafin|Jet Punch|p1b: Sylveon\n|-damage|p1b: Sylveon|3/100\n|move|p1b: Sylveon|Hyper Voice|p2b: Palafin|[spread] p2a,p2b\n|-damage|p2a: Sinistcha|52/100\n|-damage|p2b: Palafin|9/100\n|move|p2a: Sinistcha|Life Dew|p2a: Sinistcha|[spread] p2a,p2b\n|-heal|p2a: Sinistcha|77/100\n|-heal|p2b: Palafin|34/100\n|\n|-weather|none\n|upkeep\n|turn|6\n|\n|t:|1788271231\n|move|p2b: Palafin|Protect|p2b: Palafin\n|-singleturn|p2b: Palafin|Protect\n|move|p1a: Basculegion|Aqua Jet|p2b: Palafin\n|-activate|p2b: Palafin|move: Protect\n|move|p1b: Sylveon|Hyper Voice|p2a: Sinistcha|[spread] p2a\n|-activate|p2b: Palafin|move: Protect\n|-damage|p2a: Sinistcha|33/100\n|-enditem|p2a: Sinistcha|Sitrus Berry|[eat]\n|-heal|p2a: Sinistcha|58/100|[from] item: Sitrus Berry\n|move|p2a: Sinistcha|Matcha Gotcha|p1a: Basculegion|[spread] p1a,p1b\n|-supereffective|p1a: Basculegion|1\n|-crit|p1b: Sylveon\n|-damage|p1a: Basculegion|49/100\n|-heal|p2a: Sinistcha|88/100|[from] drain|[of] p1a: Basculegion\n|-damage|p1b: Sylveon|0 fnt\n|-heal|p2a: Sinistcha|90/100|[from] drain|[of] p1b: Sylveon\n|-status|p1a: Basculegion|brn\n|faint|p1b: Sylveon\n|\n|-damage|p1a: Basculegion|43/100 brn|[from] brn\n|upkeep\n|\n|t:|1788271232\n|switch|p1b: Whimsicott|Whimsicott, L50, F|100/100\n|turn|7\n|\n|t:|1788271242\n|move|p2b: Palafin|Jet Punch|p1b: Whimsicott\n|-resisted|p1b: Whimsicott|1\n|-damage|p1b: Whimsicott|48/100\n|move|p1b: Whimsicott|Moonblast|p2b: Palafin\n|-damage|p2b: Palafin|7/100\n|move|p1a: Basculegion|Wave Crash|p2b: Palafin\n|-resisted|p2b: Palafin|1\n|-damage|p2b: Palafin|0 fnt\n|faint|p2b: Palafin\n|-damage|p1a: Basculegion|40/100 brn|[from] Recoil\n|move|p2a: Sinistcha|Matcha Gotcha|p1a: Basculegion|[spread] p1a,p1b\n|-supereffective|p1a: Basculegion|1\n|-resisted|p1b: Whimsicott|1\n|-damage|p1a: Basculegion|0 fnt\n|-heal|p2a: Sinistcha|100/100|[from] drain|[of] p1a: Basculegion\n|-damage|p1b: Whimsicott|29/100\n|-status|p1b: Whimsicott|brn\n|faint|p1a: Basculegion\n|\n|-damage|p1b: Whimsicott|23/100 brn|[from] brn\n|upkeep\n|turn|8\n|\n|t:|1788271250\n|move|p1b: Whimsicott|Moonblast|p2a: Sinistcha\n|-damage|p2a: Sinistcha|64/100\n|move|p2a: Sinistcha|Matcha Gotcha|p1b: Whimsicott\n|-resisted|p1b: Whimsicott|1\n|-damage|p1b: Whimsicott|0 fnt\n|-heal|p2a: Sinistcha|73/100|[from] drain|[of] p1b: Whimsicott\n|faint|p1b: Whimsicott\n|\n|win|mikelmtz\n|raw|Thornlace48812's rating: 1161 &rarr; <strong>1132</strong><br />(-29 for losing)\n|raw|mikelmtz's rating: 1104 &rarr; <strong>1133</strong><br />(+29 for winning)\n","uploadtime":1788271250,"views":"0","formatid":"gen9championsvgc2026regmb","rating":1132,"private":0,"password":null}