{"id":"gen9championsvgc2026regmb-2674037801","format":"[Gen 9 Champions] VGC 2026 Reg M-B","players":["LowLadderCatGirl","superdolphin440"],"log":"|j|☆LowLadderCatGirl\n|j|☆superdolphin440\n|html|<table width=\"100%\"><tr><td align=\"left\">LowLadderCatGirl</td><td align=\"right\">superdolphin440</tr><tr><td align=\"left\"><i class=\"fa fa-circle-o\"></i> <i class=\"fa fa-circle-o\"></i> </td><td align=\"right\"><i class=\"fa fa-circle-o\"></i> <i class=\"fa fa-circle-o\"></i> </tr></table>\n|uhtml|bestof|<h2><strong>Game 1</strong> of <a href=\"/game-bestof3-gen9championsvgc2026regmb-2674037800\">a best-of-3</a></h2>\n|t:|1788291136\n|gametype|doubles\n|player|p1|LowLadderCatGirl|yancy|\n|player|p2|superdolphin440|scientistf|\n|gen|9\n|tier|[Gen 9 Champions] VGC 2026 Reg M-B\n|rule|Species Clause: Limit one of each Pokémon\n|rule|Item Clause: Limit 1 of each item\n|raw|<div class=\"infobox\"><details class=\"readmore\" open><summary><strong>1 custom rule:</strong></summary> Best of = 3</details></div>\n|clearpoke\n|poke|p1|Raichu, L50, M|\n|poke|p1|Krookodile, L50, M|\n|poke|p1|Palafin, L50, F|\n|poke|p1|Ditto, L50|\n|poke|p1|Tinkaton, L50, F|\n|poke|p1|Froslass, L50, F|\n|poke|p2|Gengar, L50, M, shiny|\n|poke|p2|Basculegion, L50, M|\n|poke|p2|Steelix, L50, M, shiny|\n|poke|p2|Kommo-o, L50, F, shiny|\n|poke|p2|Grimmsnarl, L50, M|\n|poke|p2|Politoed, L50, F, shiny|\n|teampreview|4\n|inactive|Battle timer is ON: inactive players will automatically lose when time's up. (requested by LowLadderCatGirl)\n|c|☆LowLadderCatGirl|Glhf\n|c|☆superdolphin440|glhf\n|inactive|LowLadderCatGirl has 60 seconds left.\n|\n|t:|1788291176\n|teamsize|p1|4\n|teamsize|p2|4\n|start\n|switch|p1a: Palafin|Palafin, L50, F|100/100\n|switch|p1b: Tinkaton|Tinkaton, L50, F|100/100\n|switch|p2a: eraserhead|Gengar, L50, M, shiny|100/100\n|switch|p2b: wash|Politoed, L50, F, shiny|100/100\n|-ability|p1b: Tinkaton|Mold Breaker\n|-weather|RainDance|[from] ability: Drizzle|[of] p2b: wash\n|turn|1\n|\n|t:|1788291189\n|detailschange|p2a: eraserhead|Gengar-Mega, L50, M, shiny\n|-mega|p2a: eraserhead|Gengar|Gengarite\n|move|p1b: Tinkaton|Fake Out|p2b: wash\n|-damage|p2b: wash|90/100\n|move|p2a: eraserhead|Icy Wind|p1b: Tinkaton|[spread] p1a,p1b\n|-resisted|p1a: Palafin|1\n|-resisted|p1b: Tinkaton|1\n|-damage|p1a: Palafin|87/100\n|-damage|p1b: Tinkaton|92/100\n|-unboost|p1a: Palafin|spe|1\n|-unboost|p1b: Tinkaton|spe|1\n|move|p1a: Palafin|Flip Turn|p2a: eraserhead\n|-damage|p2a: eraserhead|43/100\n|\n|t:|1788291201\n|detailschange|p1a: Palafin|Palafin-Hero, L50, F\n|switch|p1a: Krookodile|Krookodile, L50, M|100/100|[from] Flip Turn\n|-ability|p1a: Krookodile|Intimidate|boost\n|-unboost|p2a: eraserhead|atk|1\n|-unboost|p2b: wash|atk|1\n|cant|p2b: wash|flinch\n|\n|-weather|RainDance|[upkeep]\n|upkeep\n|turn|2\n|\n|t:|1788291215\n|move|p2a: eraserhead|Protect|p2a: eraserhead\n|-singleturn|p2a: eraserhead|Protect\n|move|p1a: Krookodile|Knock Off|p2b: wash\n|-damage|p2b: wash|34/100\n|-enditem|p2b: wash|Life Orb|[from] move: Knock Off|[of] p1a: Krookodile\n|move|p1b: Tinkaton|Play Rough|p2b: wash\n|-damage|p2b: wash|5/100\n|move|p2b: wash|Muddy Water|p1a: Krookodile|[spread] p1a,p1b\n|-supereffective|p1a: Krookodile|1\n|-enditem|p1a: Krookodile|Passho Berry|[eat]\n|-enditem|p1a: Krookodile|Passho Berry|[weaken]\n|-damage|p1a: Krookodile|33/100\n|-damage|p1b: Tinkaton|52/100\n|-unboost|p1a: Krookodile|accuracy|1\n|\n|-weather|RainDance|[upkeep]\n|upkeep\n|turn|3\n|\n|t:|1788291234\n|move|p1a: Krookodile|Protect|p1a: Krookodile\n|-singleturn|p1a: Krookodile|Protect\n|move|p2a: eraserhead|Icy Wind|p1a: Krookodile|[spread] p1b\n|-activate|p1a: Krookodile|move: Protect\n|-resisted|p1b: Tinkaton|1\n|-damage|p1b: Tinkaton|45/100\n|-unboost|p1b: Tinkaton|spe|1\n|move|p2b: wash|Muddy Water|p1b: Tinkaton|[spread] p1b\n|-activate|p1a: Krookodile|move: Protect\n|-damage|p1b: Tinkaton|0 fnt\n|faint|p1b: Tinkaton\n|\n|-weather|RainDance|[upkeep]\n|upkeep\n|\n|t:|1788291245\n|switch|p1b: Palafin|Palafin-Hero, L50, F|87/100\n|-activate|p1b: Palafin|ability: Zero to Hero\n|turn|4\n|\n|t:|1788291259\n|move|p1b: Palafin|Jet Punch|p2a: eraserhead\n|-damage|p2a: eraserhead|0 fnt\n|faint|p2a: eraserhead\n|move|p1a: Krookodile|Rock Slide|p2b: wash\n|-damage|p2b: wash|0 fnt\n|faint|p2b: wash\n|\n|-weather|RainDance|[upkeep]\n|upkeep\n|\n|t:|1788291264\n|switch|p2a: all might|Kommo-o, L50, F, shiny|100/100\n|switch|p2b: gang orca|Basculegion, L50, M|100/100\n|turn|5\n|\n|t:|1788291280\n|move|p1b: Palafin|Protect|p1b: Palafin\n|-singleturn|p1b: Palafin|Protect\n|move|p2b: gang orca|Last Respects|p1a: Krookodile\n|-resisted|p1a: Krookodile|1\n|-damage|p1a: Krookodile|0 fnt\n|faint|p1a: Krookodile\n|move|p2a: all might|Clanging Scales|p1b: Palafin\n|-activate|p1b: Palafin|move: Protect\n|\n|-weather|none\n|upkeep\n|\n|t:|1788291287\n|switch|p1a: Raichu|Raichu, L50, M|100/100\n|turn|6\n|\n|t:|1788291303\n|detailschange|p1a: Raichu|Raichu-Mega-Y, L50, M\n|-mega|p1a: Raichu|Raichu|Raichunite Y\n|move|p1b: Palafin|Jet Punch|p2a: all might\n|-resisted|p2a: all might|1\n|-damage|p2a: all might|78/100\n|move|p2b: gang orca|Last Respects|p1a: Raichu\n|-damage|p1a: Raichu|0 fnt\n|faint|p1a: Raichu\n|move|p2a: all might|Clanging Scales|p1b: Palafin\n|-damage|p1b: Palafin|35/100\n|-unboost|p2a: all might|def|1\n|\n|upkeep\n|turn|7\n|\n|t:|1788291316\n|move|p1b: Palafin|Jet Punch|p2a: all might\n|-resisted|p2a: all might|1\n|-damage|p2a: all might|44/100\n|move|p2b: gang orca|Last Respects|p1b: Palafin\n|-damage|p1b: Palafin|0 fnt\n|faint|p1b: Palafin\n|\n|win|superdolphin440\n||superdolphin440 is ready for game 2.\n||LowLadderCatGirl is ready for game 2.\n|uhtml|next|Next: <a href=\"/battle-gen9championsvgc2026regmb-2674039360\"><strong>Game 2 of 3</strong></a>\n","uploadtime":1788291327,"views":"1","formatid":"gen9championsvgc2026regmb","rating":null,"private":0,"password":null}