{"id":"gen9championsvgc2026regmb-2674169843","format":"[Gen 9 Champions] VGC 2026 Reg M-B","players":["breadboi2712","RBY beta tester"],"log":"|j|☆breadboi2712\n|j|☆RBY beta tester\n|t:|1788309637\n|gametype|doubles\n|player|p1|breadboi2712|bugcatcher-gen4dp|1143\n|player|p2|RBY beta tester|acetrainer-gen1|1166\n|gen|9\n|tier|[Gen 9 Champions] VGC 2026 Reg M-B\n|rated|\n|rule|Species Clause: Limit one of each Pokémon\n|rule|Item Clause: Limit 1 of each item\n|clearpoke\n|poke|p1|Milotic, L50, F|\n|poke|p1|Sinistcha, L50|\n|poke|p1|Garchomp, L50, F|\n|poke|p1|Incineroar, L50, F|\n|poke|p1|Mawile, L50, F|\n|poke|p1|Tyranitar, L50, F|\n|poke|p2|Staraptor, L50, M|\n|poke|p2|Arcanine-Hisui, L50, M|\n|poke|p2|Kingambit, L50, M|\n|poke|p2|Raichu, L50, F|\n|poke|p2|Sylveon, L50, M|\n|poke|p2|Farigiraf, L50, F|\n|teampreview|4\n|inactive|Battle timer is ON: inactive players will automatically lose when time's up. (requested by RBY beta tester)\n|\n|t:|1788309694\n|teamsize|p1|4\n|teamsize|p2|4\n|start\n|switch|p1a: Milotic|Milotic, L50, F|100/100\n|switch|p1b: Incineroar|Incineroar, L50, F|100/100\n|switch|p2a: Arcanine|Arcanine-Hisui, L50, M|100/100\n|switch|p2b: Kingambit|Kingambit, L50, M|100/100\n|-ability|p1b: Incineroar|Intimidate|boost\n|-unboost|p2a: Arcanine|atk|1\n|-unboost|p2b: Kingambit|atk|1\n|-ability|p2b: Kingambit|Defiant|boost\n|-boost|p2b: Kingambit|atk|2\n|turn|1\n|inactive|RBY beta tester has 30 seconds left.\n|inactive|RBY beta tester has 20 seconds left.\n|\n|t:|1788309733\n|switch|p2a: Sylveon|Sylveon, L50, M|100/100\n|move|p2b: Kingambit|Protect|p2b: Kingambit\n|-singleturn|p2b: Kingambit|Protect\n|move|p1b: Incineroar|Fake Out|p2b: Kingambit\n|-activate|p2b: Kingambit|move: Protect\n|move|p1a: Milotic|Coil|p1a: Milotic\n|-boost|p1a: Milotic|atk|1\n|-boost|p1a: Milotic|def|1\n|-boost|p1a: Milotic|accuracy|1\n|\n|upkeep\n|turn|2\n|inactive|breadboi2712 has 30 seconds left.\n|inactive|RBY beta tester has 30 seconds left.\n|inactive|breadboi2712 has 20 seconds left.\n|inactive|breadboi2712 has 15 seconds left.\n|\n|t:|1788309776\n|move|p2a: Sylveon|Yawn|p1a: Milotic\n|-start|p1a: Milotic|move: Yawn|[of] p2a: Sylveon\n|move|p1a: Milotic|Coil|p1a: Milotic\n|-boost|p1a: Milotic|atk|1\n|-boost|p1a: Milotic|def|1\n|-boost|p1a: Milotic|accuracy|1\n|move|p1b: Incineroar|Flare Blitz|p2b: Kingambit\n|-supereffective|p2b: Kingambit|1\n|-damage|p2b: Kingambit|29/100\n|-damage|p1b: Incineroar|76/100|[from] Recoil\n|move|p2b: Kingambit|Kowtow Cleave|p1a: Milotic\n|-damage|p1a: Milotic|67/100\n|-damage|p2b: Kingambit|19/100|[from] item: Life Orb\n|\n|upkeep\n|turn|3\n|inactive|RBY beta tester has 30 seconds left.\n|\n|t:|1788309804\n|move|p2a: Sylveon|Hyper Voice|p1a: Milotic|[spread] p1a,p1b\n|-damage|p1a: Milotic|32/100\n|-damage|p1b: Incineroar|37/100\n|-enditem|p1a: Milotic|Sitrus Berry|[eat]\n|-heal|p1a: Milotic|57/100|[from] item: Sitrus Berry\n|move|p1a: Milotic|Hypnosis|p2a: Sylveon\n|-status|p2a: Sylveon|slp|[from] move: Hypnosis\n|move|p1b: Incineroar|Flare Blitz|p2b: Kingambit\n|-supereffective|p2b: Kingambit|1\n|-damage|p2b: Kingambit|0 fnt\n|faint|p2b: Kingambit\n|-damage|p1b: Incineroar|30/100|[from] Recoil\n|\n|-end|p1a: Milotic|move: Yawn|[silent]\n|-status|p1a: Milotic|slp\n|upkeep\n|\n|t:|1788309813\n|switch|p2b: Raichu|Raichu, L50, F|100/100\n|turn|4\n|\n|t:|1788309837\n|switch|p1a: Tyranitar|Tyranitar, L50, F|100/100\n|-weather|Sandstorm|[from] ability: Sand Stream|[of] p1a: Tyranitar\n|detailschange|p2b: Raichu|Raichu-Mega-Y, L50, F\n|-mega|p2b: Raichu|Raichu|Raichunite Y\n|move|p2b: Raichu|Focus Blast|p1b: Incineroar\n|-supereffective|p1b: Incineroar|1\n|-enditem|p1b: Incineroar|Chople Berry|[eat]\n|-enditem|p1b: Incineroar|Chople Berry|[weaken]\n|-damage|p1b: Incineroar|0 fnt\n|faint|p1b: Incineroar\n|cant|p2a: Sylveon|slp\n|\n|-weather|Sandstorm|[upkeep]\n|-damage|p2b: Raichu|93/100|[from] Sandstorm\n|-damage|p2a: Sylveon|94/100 slp|[from] Sandstorm\n|upkeep\n|\n|t:|1788309848\n|switch|p1b: Sinistcha|Sinistcha, L50|100/100\n|turn|5\n|\n|t:|1788309856\n|switch|p2b: Arcanine|Arcanine-Hisui, L50, M|100/100\n|detailschange|p1a: Tyranitar|Tyranitar-Mega, L50, F\n|-mega|p1a: Tyranitar|Tyranitar|Tyranitarite\n|move|p1a: Tyranitar|Protect|p1a: Tyranitar\n|-singleturn|p1a: Tyranitar|Protect\n|cant|p2a: Sylveon|slp\n|move|p1b: Sinistcha|Trick Room|p1b: Sinistcha\n|-fieldstart|move: Trick Room|[of] p1b: Sinistcha\n|\n|-weather|Sandstorm|[upkeep]\n|-damage|p2a: Sylveon|88/100 slp|[from] Sandstorm\n|-damage|p1b: Sinistcha|93/100|[from] Sandstorm\n|upkeep\n|turn|6\n|inactive|RBY beta tester has 30 seconds left.\n|inactive|RBY beta tester has 20 seconds left.\n|\n|t:|1788309891\n|move|p1a: Tyranitar|Rock Slide|p2b: Arcanine|[spread] p2b\n|-miss|p1a: Tyranitar|p2a: Sylveon\n|-supereffective|p2b: Arcanine|1\n|-damage|p2b: Arcanine|2/100\n|-curestatus|p2a: Sylveon|slp|[msg]\n|move|p2a: Sylveon|Hyper Voice|p1a: Tyranitar|[spread] p1a,p1b\n|-supereffective|p1a: Tyranitar|1\n|-damage|p1a: Tyranitar|58/100\n|-damage|p1b: Sinistcha|50/100y\n|move|p1b: Sinistcha|Matcha Gotcha|p2b: Arcanine|[spread] p2a,p2b\n|-damage|p2a: Sylveon|69/100\n|-heal|p1b: Sinistcha|59/100|[from] drain|[of] p2a: Sylveon\n|-damage|p2b: Arcanine|0 fnt\n|-heal|p1b: Sinistcha|60/100|[from] drain|[of] p2b: Arcanine\n|faint|p2b: Arcanine\n|\n|-weather|Sandstorm|[upkeep]\n|-damage|p1b: Sinistcha|54/100|[from] Sandstorm\n|-damage|p2a: Sylveon|63/100|[from] Sandstorm\n|upkeep\n|\n|t:|1788309904\n|switch|p2b: Raichu|Raichu-Mega-Y, L50, F|93/100\n|turn|7\n|\n|t:|1788309912\n|move|p2a: Sylveon|Detect|p2a: Sylveon\n|-singleturn|p2a: Sylveon|Protect\n|move|p2b: Raichu|Fake Out|p1a: Tyranitar\n|-resisted|p1a: Tyranitar|1\n|-damage|p1a: Tyranitar|56/100\n|cant|p1a: Tyranitar|flinch\n|move|p1b: Sinistcha|Life Dew|p1b: Sinistcha|[spread] p1a,p1b\n|-heal|p1a: Tyranitar|81/100\n|-heal|p1b: Sinistcha|79/100\n|\n|-weather|Sandstorm|[upkeep]\n|-damage|p2a: Sylveon|57/100|[from] Sandstorm\n|-damage|p1b: Sinistcha|73/100|[from] Sandstorm\n|-damage|p2b: Raichu|87/100|[from] Sandstorm\n|upkeep\n|turn|8\n|inactive|RBY beta tester has 30 seconds left.\n|\n|t:|1788309941\n|move|p2b: Raichu|Protect|p2b: Raichu\n|-singleturn|p2b: Raichu|Protect\n|move|p1a: Tyranitar|Knock Off|p2b: Raichu\n|-activate|p2b: Raichu|move: Protect\n|move|p2a: Sylveon|Yawn|p1a: Tyranitar\n|-start|p1a: Tyranitar|move: Yawn|[of] p2a: Sylveon\n|move|p1b: Sinistcha|Matcha Gotcha|p2a: Sylveon|[spread] p2a\n|-activate|p2b: Raichu|move: Protect\n|-damage|p2a: Sylveon|39/100\n|-heal|p1b: Sinistcha|83/100|[from] drain|[of] p2a: Sylveon\n|\n|-weather|none\n|upkeep\n|turn|9\n|inactive|breadboi2712 has 30 seconds left.\n|inactive|RBY beta tester has 30 seconds left.\n|\n|t:|1788309967\n|move|p2b: Raichu|Protect|p2b: Raichu\n|-singleturn|p2b: Raichu|Protect\n|move|p1a: Tyranitar|Rock Slide|p2a: Sylveon|[spread] \n|-activate|p2b: Raichu|move: Protect\n|-miss|p1a: Tyranitar|p2a: Sylveon\n|move|p2a: Sylveon|Hyper Voice|p1b: Sinistcha|[spread] p1a,p1b\n|-supereffective|p1a: Tyranitar|1\n|-damage|p1a: Tyranitar|17/100\n|-damage|p1b: Sinistcha|34/100\n|move|p1b: Sinistcha|Matcha Gotcha|p2a: Sylveon|[spread] p2a\n|-activate|p2b: Raichu|move: Protect\n|-damage|p2a: Sylveon|19/100\n|-heal|p1b: Sinistcha|44/100|[from] drain|[of] p2a: Sylveon\n|\n|-end|p1a: Tyranitar|move: Yawn|[silent]\n|-status|p1a: Tyranitar|slp\n|-fieldend|move: Trick Room\n|upkeep\n|turn|10\n|inactive|RBY beta tester has 30 seconds left.\n|inactive|RBY beta tester has 20 seconds left.\n|inactive|RBY beta tester has 15 seconds left.\n|\n|t:|1788310010\n|cant|p1a: Tyranitar|slp\n|move|p2b: Raichu|Zap Cannon|p1b: Sinistcha\n|-resisted|p1b: Sinistcha|1\n|-damage|p1b: Sinistcha|12/100\n|-status|p1b: Sinistcha|par\n|move|p2a: Sylveon|Hyper Voice|p1a: Tyranitar|[spread] p1a,p1b\n|-supereffective|p1a: Tyranitar|1\n|-damage|p1a: Tyranitar|0 fnt\n|-damage|p1b: Sinistcha|0 fnt\n|faint|p1a: Tyranitar\n|faint|p1b: Sinistcha\n|\n|upkeep\n|\n|t:|1788310018\n|switch|p1b: Milotic|Milotic, L50, F|57/100 slp\n|turn|11\n|c|☆breadboi2712|luck asf bro\n|\n|t:|1788310031\n|move|p2a: Sylveon|Detect|p2a: Sylveon\n|-singleturn|p2a: Sylveon|Protect\n|move|p2b: Raichu|Zap Cannon|p1b: Milotic\n|-supereffective|p1b: Milotic|1\n|-crit|p1b: Milotic\n|-damage|p1b: Milotic|0 fnt\n|faint|p1b: Milotic\n|\n|win|RBY beta tester\n","uploadtime":1788309640,"views":"0","formatid":"gen9championsvgc2026regmb","rating":null,"private":0,"password":null}