{"id":"gen9championsvgc2026regmbbo3-2674777092","format":"[Gen 9 Champions] VGC 2026 Reg M-B (Bo3)","players":["sparkzevan","eklyst"],"log":"|j|☆sparkzevan\n|j|☆eklyst\n|html|<table width=\"100%\"><tr><td align=\"left\">sparkzevan</td><td align=\"right\">eklyst</tr><tr><td align=\"left\"><i class=\"fa fa-circle\"></i> <i class=\"fa fa-circle-o\"></i> </td><td align=\"right\"><i class=\"fa fa-circle-o\"></i> <i class=\"fa fa-circle-o\"></i> </tr></table>\n|uhtml|bestof|<h2><strong>Game 2</strong> of <a href=\"/game-bestof3-gen9championsvgc2026regmbbo3-2674775933\">a best-of-3</a></h2>\n|t:|1788404705\n|gametype|doubles\n|player|p1|sparkzevan|hilda|1289\n|player|p2|eklyst|pokemaniac|1329\n|gen|9\n|tier|[Gen 9 Champions] VGC 2026 Reg M-B (Bo3)\n|rated|\n|rule|Species Clause: Limit one of each Pokémon\n|rule|Item Clause: Limit 1 of each item\n|clearpoke\n|poke|p1|Gardevoir, L50, F, shiny|\n|poke|p1|Maushold-Four, L50|\n|poke|p1|Talonflame, L50, M|\n|poke|p1|Kingambit, L50, F|\n|poke|p1|Kommo-o, L50, F|\n|poke|p1|Gholdengo, L50|\n|poke|p2|Sinistcha, L50|\n|poke|p2|Incineroar, L50, F|\n|poke|p2|Blaziken, L50, M|\n|poke|p2|Ninetales-Alola, L50, M|\n|poke|p2|Mawile, L50, F|\n|poke|p2|Basculegion, L50, M|\n|teampreview|4\n|showteam|p1|Gardevoir||Gardevoirite|Trace|Protect,Psychic,HyperVoice,CalmMind|Modest||F|||50|]Maushold-Four||FocusSash|FriendGuard|Protect,SuperFang,Feint,FollowMe|Timid|||||50|]Talonflame||SharpBeak|GaleWings|Protect,DualWingbeat,FlareBlitz,Tailwind|Adamant||M|||50|]Kingambit||ExpertBelt|Defiant|Protect,IronHead,KowtowCleave,SuckerPunch|Adamant||F|||50|]Kommo-o||LifeOrb|Soundproof|Protect,ClangingScales,AuraSphere,VacuumWave|Modest||F|||50|]Gholdengo||ChoiceScarf|GoodasGold|MakeItRain,ShadowBall,PowerGem,Memento|Timid|||||50|\n|showteam|p2|Sinistcha||KasibBerry|Hospitality|MatchaGotcha,RagePowder,TrickRoom,Protect|Relaxed|||||50|]Incineroar||SitrusBerry|Intimidate|FlareBlitz,FakeOut,PartingShot,HelpingHand|Careful||F|||50|]Blaziken||Blazikenite|SpeedBoost|CloseCombat,FlareBlitz,RockSlide,Detect|Adamant||M|||50|]Ninetales-Alola||NeverMeltIce|SnowWarning|Blizzard,FreezeDry,Encore,Protect|Timid||M|||50|]Mawile||Mawilite|HyperCutter|PlayRough,IronHead,SuckerPunch,Protect|Adamant||F|||50|]Basculegion||LifeOrb|Adaptability|WaveCrash,LastRespects,AquaJet,Protect|Adamant||M|||50|\n|inactive|Battle timer is ON: inactive players will automatically lose when time's up. (requested by eklyst)\n|\n|t:|1788404734\n|teamsize|p1|4\n|teamsize|p2|4\n|start\n|switch|p1a: Kingambit|Kingambit, L50, F|100/100\n|switch|p1b: Kommo-o|Kommo-o, L50, F|100/100\n|switch|p2a: Sinistcha|Sinistcha, L50|100/100\n|switch|p2b: Incineroar|Incineroar, L50, F|100/100\n|-ability|p2b: Incineroar|Intimidate|boost\n|-unboost|p1a: Kingambit|atk|1\n|-ability|p1a: Kingambit|Defiant|boost\n|-boost|p1a: Kingambit|atk|2\n|-unboost|p1b: Kommo-o|atk|1\n|turn|1\n|\n|t:|1788404755\n|move|p2a: Sinistcha|Protect|p2a: Sinistcha\n|-singleturn|p2a: Sinistcha|Protect\n|move|p1b: Kommo-o|Clanging Scales|p2b: Incineroar|[spread] p2b\n|-activate|p2a: Sinistcha|move: Protect\n|-damage|p2b: Incineroar|55/100\n|-unboost|p1b: Kommo-o|def|1\n|-damage|p1b: Kommo-o|90/100|[from] item: Life Orb\n|move|p2b: Incineroar|Flare Blitz|p1a: Kingambit\n|-supereffective|p1a: Kingambit|1\n|-damage|p1a: Kingambit|35/100\n|-damage|p2b: Incineroar|33/100|[from] Recoil\n|-enditem|p2b: Incineroar|Sitrus Berry|[eat]\n|-heal|p2b: Incineroar|58/100|[from] item: Sitrus Berry\n|move|p1a: Kingambit|Kowtow Cleave|p2a: Sinistcha\n|-activate|p2a: Sinistcha|move: Protect\n|\n|upkeep\n|turn|2\n|inactive|eklyst has 30 seconds left.\n|inactive|eklyst has 20 seconds left.\n|\n|t:|1788404790\n|switch|p2a: Mawile|Mawile, L50, F|100/100\n|move|p1b: Kommo-o|Aura Sphere|p2b: Incineroar\n|-supereffective|p2b: Incineroar|1\n|-damage|p2b: Incineroar|0 fnt\n|faint|p2b: Incineroar\n|-damage|p1b: Kommo-o|80/100|[from] item: Life Orb\n|move|p1a: Kingambit|Kowtow Cleave|p2a: Mawile\n|-resisted|p2a: Mawile|1\n|-damage|p2a: Mawile|50/100g\n|\n|upkeep\n|\n|t:|1788404806\n|switch|p2b: Blaziken|Blaziken, L50, M|100/100\n|turn|3\n|\n|t:|1788404818\n|switch|p1a: Maushold|Maushold-Four, L50|100/100\n|move|p2b: Blaziken|Detect|p2b: Blaziken\n|-singleturn|p2b: Blaziken|Protect\n|move|p2a: Mawile|Protect|p2a: Mawile\n|-singleturn|p2a: Mawile|Protect\n|move|p1b: Kommo-o|Aura Sphere|p2a: Mawile\n|-activate|p2a: Mawile|move: Protect\n|\n|-ability|p2b: Blaziken|Speed Boost|boost\n|-boost|p2b: Blaziken|spe|1\n|upkeep\n|turn|4\n|inactive|sparkzevan has 30 seconds left.\n|inactive|eklyst has 30 seconds left.\n|inactive|sparkzevan has 20 seconds left.\n|inactive|sparkzevan has 15 seconds left.\n|inactive|sparkzevan has 10 seconds left.\n|\n|t:|1788404865\n|switch|p2b: Sinistcha|Sinistcha, L50|100/100\n|-heal|p2a: Mawile|75/100|[from] ability: Hospitality|[of] p2b: Sinistcha\n|detailschange|p2a: Mawile|Mawile-Mega, L50, F\n|-mega|p2a: Mawile|Mawile|Mawilite\n|move|p1a: Maushold|Protect|p1a: Maushold\n|-singleturn|p1a: Maushold|Protect\n|move|p1b: Kommo-o|Clanging Scales|p2a: Mawile|[spread] p2b\n|-immune|p2a: Mawile\n|-damage|p2b: Sinistcha|47/100\n|-unboost|p1b: Kommo-o|def|1\n|-damage|p1b: Kommo-o|70/100|[from] item: Life Orb\n|move|p2a: Mawile|Play Rough|p1b: Kommo-o\n|-supereffective|p1b: Kommo-o|2\n|-damage|p1b: Kommo-o|0 fnt\n|faint|p1b: Kommo-o\n|\n|upkeep\n|\n|t:|1788404882\n|switch|p1b: Gardevoir|Gardevoir, L50, F, shiny|100/100\n|-ability|p1b: Gardevoir|Hospitality|Trace|[from] ability: Trace|[of] p2b: Sinistcha\n|turn|5\n|inactive|eklyst has 30 seconds left.\n|\n|t:|1788404908\n|detailschange|p1b: Gardevoir|Gardevoir-Mega, L50, F, shiny\n|-mega|p1b: Gardevoir|Gardevoir|Gardevoirite\n|move|p1a: Maushold|Follow Me|p1a: Maushold\n|-singleturn|p1a: Maushold|move: Follow Me\n|move|p1b: Gardevoir|Hyper Voice|p2b: Sinistcha|[spread] p2a,p2b\n|-resisted|p2a: Mawile|1\n|-damage|p2a: Mawile|46/100\n|-damage|p2b: Sinistcha|0 fnt\n|faint|p2b: Sinistcha\n|move|p2a: Mawile|Iron Head|p1a: Maushold\n|-enditem|p1a: Maushold|Focus Sash\n|-damage|p1a: Maushold|1/100\n|\n|upkeep\n|\n|t:|1788404919\n|switch|p2b: Blaziken|Blaziken, L50, M|100/100\n|turn|6\n|\n|t:|1788404927\n|move|p2b: Blaziken|Detect|p2b: Blaziken\n|-singleturn|p2b: Blaziken|Protect\n|move|p2a: Mawile|Protect|p2a: Mawile\n|-singleturn|p2a: Mawile|Protect\n|move|p1a: Maushold|Follow Me|p1a: Maushold\n|-singleturn|p1a: Maushold|move: Follow Me\n|move|p1b: Gardevoir|Hyper Voice|p2a: Mawile|[spread] \n|-activate|p2a: Mawile|move: Protect\n|-activate|p2b: Blaziken|move: Protect\n|\n|-ability|p2b: Blaziken|Speed Boost|boost\n|-boost|p2b: Blaziken|spe|1\n|upkeep\n|turn|7\n|\n|t:|1788404940\n|move|p1a: Maushold|Follow Me|p1a: Maushold\n|-singleturn|p1a: Maushold|move: Follow Me\n|move|p2b: Blaziken|Rock Slide|p1a: Maushold|[spread] p1a,p1b\n|-damage|p1a: Maushold|0 fnt\n|-damage|p1b: Gardevoir|76/100\n|faint|p1a: Maushold\n|move|p1b: Gardevoir|Hyper Voice|p2a: Mawile|[spread] p2a,p2b\n|-resisted|p2a: Mawile|1\n|-damage|p2a: Mawile|15/100\n|-damage|p2b: Blaziken|25/100\n|move|p2a: Mawile|Iron Head|p1b: Gardevoir\n|-supereffective|p1b: Gardevoir|1\n|-damage|p1b: Gardevoir|0 fnt\n|faint|p1b: Gardevoir\n|\n|-ability|p2b: Blaziken|Speed Boost|boost\n|-boost|p2b: Blaziken|spe|1\n|upkeep\n|\n|t:|1788404955\n|switch|p1b: Kingambit|Kingambit, L50, F|35/100\n|turn|8\n|\n|t:|1788404963\n|move|p1b: Kingambit|Sucker Punch|p2b: Blaziken\n|-resisted|p2b: Blaziken|1\n|-damage|p2b: Blaziken|0 fnt\n|faint|p2b: Blaziken\n|move|p2a: Mawile|Play Rough|p1b: Kingambit\n|-damage|p1b: Kingambit|0 fnt\n|faint|p1b: Kingambit\n|\n|win|eklyst\n||sparkzevan is ready for game 3.\n||eklyst is ready for game 3.\n|uhtml|next|Next: <a href=\"/battle-gen9championsvgc2026regmbbo3-2674778601\"><strong>Game 3 of 3</strong></a>\n|l|☆sparkzevan\n|player|p1|\n","uploadtime":1788405173,"views":"3","formatid":"gen9championsvgc2026regmbbo3","rating":null,"private":0,"password":null}