{"id":"gen9championsvgc2026regmb-2674142317","format":"[Gen 9 Champions] VGC 2026 Reg M-B","players":["Shay214354653625","dreamteachervr"],"log":"|j|☆Shay214354653625\n|j|☆dreamteachervr\n|t:|1788305414\n|gametype|doubles\n|player|p1|Shay214354653625|265|\n|player|p2|dreamteachervr|iris|\n|gen|9\n|tier|[Gen 9 Champions] VGC 2026 Reg M-B\n|rule|Species Clause: Limit one of each Pokémon\n|rule|Item Clause: Limit 1 of each item\n|clearpoke\n|poke|p1|Tyranitar, L50, F|\n|poke|p1|Garchomp, L50, F|\n|poke|p1|Sandaconda, L50, M|\n|poke|p1|Klefki, L50, M|\n|poke|p1|Excadrill, L50, F|\n|poke|p1|Goodra-Hisui, L50, F|\n|poke|p2|Tyranitar, L50, F|\n|poke|p2|Sandaconda, L50, M|\n|poke|p2|Incineroar, L50, F|\n|poke|p2|Annihilape, L50, M|\n|poke|p2|Slowking-Galar, L50, F|\n|poke|p2|Clefable, L50, F|\n|teampreview|4\n|inactive|Battle timer is ON: inactive players will automatically lose when time's up. (requested by dreamteachervr)\n|c|☆dreamteachervr|BRUH\ndreamteachervr has agreed to open team sheets.\n|c|☆Shay214354653625|uhhhhhhhhhhhhhhhhhh\n|c|☆Shay214354653625|lolllll\n|c|☆Shay214354653625|great minds think alike\n|inactive|Shay214354653625 has 60 seconds left.\n|inactive|dreamteachervr has 60 seconds left.\n|c|☆dreamteachervr|You are NOT gonna believe what im gonna do\n|c|☆Shay214354653625|neither will u\n|c|☆Shay214354653625|or mabye\n|\n|t:|1788305462\n|teamsize|p1|4\n|teamsize|p2|4\n|start\n|switch|p1a: Tyranitar|Tyranitar, L50, F|100/100\n|switch|p1b: Sandaconda|Sandaconda, L50, M|100/100\n|switch|p2a: Incineroar|Incineroar, L50, F|100/100\n|switch|p2b: Sandaconda|Sandaconda, L50, M|100/100\n|-weather|Sandstorm|[from] ability: Sand Stream|[of] p1a: Tyranitar\n|-ability|p2a: Incineroar|Intimidate|boost\n|-unboost|p1a: Tyranitar|atk|1\n|-unboost|p1b: Sandaconda|atk|1\n|turn|1\n|c|☆Shay214354653625|we both know\n|\n|t:|1788305480\n|move|p2a: Incineroar|Fake Out|p1b: Sandaconda\n|-damage|p1b: Sandaconda|89/100\n|cant|p1b: Sandaconda|flinch\n|move|p2b: Sandaconda|Minimize|p2b: Sandaconda\n|-boost|p2b: Sandaconda|evasion|2\n|move|p1a: Tyranitar|Knock Off|p2b: Sandaconda|[miss]\n|-miss|p1a: Tyranitar|p2b: Sandaconda\n|\n|-weather|Sandstorm|[upkeep]\n|-damage|p2a: Incineroar|94/100|[from] Sandstorm\n|upkeep\n|turn|2\n|c|☆Shay214354653625|AY\n|c|☆Shay214354653625|BAD BOI\n|\n|t:|1788305502\n|move|p2b: Sandaconda|Minimize|p2b: Sandaconda\n|-boost|p2b: Sandaconda|evasion|2\n|move|p1b: Sandaconda|Minimize|p1b: Sandaconda\n|-boost|p1b: Sandaconda|evasion|2\n|move|p1a: Tyranitar|Taunt|p2b: Sandaconda|[miss]\n|-miss|p1a: Tyranitar|p2b: Sandaconda\n|move|p2a: Incineroar|Flare Blitz|p1b: Sandaconda\n|-damage|p1b: Sandaconda|44/100\n|-damage|p2a: Incineroar|83/100|[from] Recoil\n|\n|-weather|Sandstorm|[upkeep]\n|-damage|p2a: Incineroar|77/100|[from] Sandstorm\n|upkeep\n|turn|3\n|c|☆dreamteachervr|So it begins\n|c|☆Shay214354653625|begings indeed\n|inactive|Shay214354653625 has 30 seconds left.\n|inactive|dreamteachervr has 30 seconds left.\n|c|☆Shay214354653625|who holds the better luck\n|\n|t:|1788305532\n|move|p1b: Sandaconda|Minimize|p1b: Sandaconda\n|-boost|p1b: Sandaconda|evasion|2\n|move|p2b: Sandaconda|Minimize|p2b: Sandaconda\n|-boost|p2b: Sandaconda|evasion|2\n|move|p1a: Tyranitar|Rock Slide|p2b: Sandaconda|[spread] p2a\n|-miss|p1a: Tyranitar|p2b: Sandaconda\n|-supereffective|p2a: Incineroar|1\n|-damage|p2a: Incineroar|38/100\n|-enditem|p2a: Incineroar|Sitrus Berry|[eat]\n|-heal|p2a: Incineroar|63/100|[from] item: Sitrus Berry\n|cant|p2a: Incineroar|flinch\n|\n|-weather|Sandstorm|[upkeep]\n|-damage|p2a: Incineroar|57/100|[from] Sandstorm\n|upkeep\n|turn|4\n|inactive|Shay214354653625 has 30 seconds left.\n|\n|t:|1788305565\n|move|p1b: Sandaconda|Minimize|p1b: Sandaconda\n|-boost|p1b: Sandaconda|evasion|2\n|move|p2b: Sandaconda|Substitute|p2b: Sandaconda\n|-start|p2b: Sandaconda|Substitute\n|-damage|p2b: Sandaconda|75/100\n|move|p1a: Tyranitar|Rock Slide|p2b: Sandaconda|[spread] p2a\n|-miss|p1a: Tyranitar|p2b: Sandaconda\n|-supereffective|p2a: Incineroar|1\n|-damage|p2a: Incineroar|12/100\n|move|p2a: Incineroar|Flare Blitz|p1b: Sandaconda|[miss]\n|-miss|p2a: Incineroar|p1b: Sandaconda\n|\n|-weather|Sandstorm|[upkeep]\n|-damage|p2a: Incineroar|6/100|[from] Sandstorm\n|upkeep\n|turn|5\n|\n|t:|1788305585\n|move|p2b: Sandaconda|Iron Defense|p2b: Sandaconda\n|-boost|p2b: Sandaconda|def|2\n|move|p1b: Sandaconda|Coil|p1b: Sandaconda\n|-boost|p1b: Sandaconda|atk|1\n|-boost|p1b: Sandaconda|def|1\n|-boost|p1b: Sandaconda|accuracy|1\n|move|p1a: Tyranitar|Knock Off|p2b: Sandaconda|[miss]\n|-miss|p1a: Tyranitar|p2b: Sandaconda\n|move|p2a: Incineroar|Flare Blitz|p1b: Sandaconda\n|-damage|p1b: Sandaconda|14/100\n|-damage|p2a: Incineroar|0 fnt|[from] Recoil\n|faint|p2a: Incineroar\n|\n|-weather|none\n|upkeep\n|c|☆Shay214354653625|theres no way gng\n|\n|t:|1788305602\n|switch|p2a: Tyranitar|Tyranitar, L50, F|100/100\n|-weather|Sandstorm|[from] ability: Sand Stream|[of] p2a: Tyranitar\n|turn|6\n|\n|t:|1788305615\n|switch|p1a: Goodra|Goodra-Hisui, L50, F|100/100\n|move|p1b: Sandaconda|Coil|p1b: Sandaconda\n|-boost|p1b: Sandaconda|atk|1\n|-boost|p1b: Sandaconda|def|1\n|-boost|p1b: Sandaconda|accuracy|1\n|move|p2b: Sandaconda|Body Press|p1a: Goodra\n|-supereffective|p1a: Goodra|1\n|-damage|p1a: Goodra|4/100\n|-ability|p1a: Goodra|Gooey\n|-unboost|p2b: Sandaconda|spe|1\n|move|p2a: Tyranitar|Rock Slide|p1b: Sandaconda|[spread] p1a\n|-miss|p2a: Tyranitar|p1b: Sandaconda\n|-resisted|p1a: Goodra|1\n|-damage|p1a: Goodra|0 fnt\n|faint|p1a: Goodra\n|\n|-weather|Sandstorm|[upkeep]\n|upkeep\n|c|☆Shay214354653625|damit\n|\n|t:|1788305636\n|switch|p1a: Tyranitar|Tyranitar, L50, F|100/100\n|turn|7\n|\n|t:|1788305649\n|detailschange|p1a: Tyranitar|Tyranitar-Mega, L50, F\n|-mega|p1a: Tyranitar|Tyranitar|Tyranitarite\n|move|p1a: Tyranitar|Rock Slide|p2a: Tyranitar|[spread] p2a\n|-miss|p1a: Tyranitar|p2b: Sandaconda\n|-damage|p2a: Tyranitar|69/100\n|move|p1b: Sandaconda|Coil|p1b: Sandaconda\n|-boost|p1b: Sandaconda|atk|1\n|-boost|p1b: Sandaconda|def|1\n|-boost|p1b: Sandaconda|accuracy|1\n|move|p2a: Tyranitar|Knock Off|p1b: Sandaconda|[miss]\n|-miss|p2a: Tyranitar|p1b: Sandaconda\n|move|p2b: Sandaconda|Body Press|p1b: Sandaconda|[miss]\n|-miss|p2b: Sandaconda|p1b: Sandaconda\n|\n|-weather|Sandstorm|[upkeep]\n|upkeep\n|turn|8\n|\n|t:|1788305671\n|move|p1a: Tyranitar|Knock Off|p2b: Sandaconda|[miss]\n|-miss|p1a: Tyranitar|p2b: Sandaconda\n|move|p1b: Sandaconda|Body Press|p2b: Sandaconda\n|-activate|p2b: Sandaconda|move: Substitute|[damage]\n|move|p2a: Tyranitar|Knock Off|p1b: Sandaconda|[miss]\n|-miss|p2a: Tyranitar|p1b: Sandaconda\n|move|p2b: Sandaconda|Body Press|p1a: Tyranitar\n|-supereffective|p1a: Tyranitar|2\n|-damage|p1a: Tyranitar|0 fnt\n|faint|p1a: Tyranitar\n|\n|-weather|Sandstorm|[upkeep]\n|upkeep\n|\n|t:|1788305683\n|switch|p1a: Klefki|Klefki, L50, M|100/100\n|turn|9\n|\n|t:|1788305707\n|switch|p2a: Clefable|Clefable, L50, F|100/100\n|move|p1b: Sandaconda|Coil|p1b: Sandaconda\n|-boost|p1b: Sandaconda|atk|1\n|-boost|p1b: Sandaconda|def|1\n|-boost|p1b: Sandaconda|accuracy|1\n|move|p2b: Sandaconda|Body Press|p1b: Sandaconda|[miss]\n|-miss|p2b: Sandaconda|p1b: Sandaconda\n|move|p1a: Klefki|Foul Play|p2b: Sandaconda|[miss]\n|-miss|p1a: Klefki|p2b: Sandaconda\n|\n|-weather|Sandstorm|[upkeep]\n|-damage|p2a: Clefable|94/100|[from] Sandstorm\n|-heal|p2a: Clefable|100/100|[from] item: Leftovers\n|upkeep\n|turn|10\n|\n|t:|1788305730\n|move|p2a: Clefable|Follow Me|p2a: Clefable\n|-singleturn|p2a: Clefable|move: Follow Me\n|move|p1a: Klefki|Thunder Wave|p2a: Clefable\n|-status|p2a: Clefable|par\n|move|p1b: Sandaconda|Body Press|p2a: Clefable\n|-resisted|p2a: Clefable|1\n|-damage|p2a: Clefable|64/100 par\n|move|p2b: Sandaconda|Body Press|p1a: Klefki\n|-damage|p1a: Klefki|42/100\n|\n|-weather|none\n|-heal|p2a: Clefable|70/100 par|[from] item: Leftovers\n|upkeep\n|turn|11\n|inactive|dreamteachervr has 30 seconds left.\n|c|☆dreamteachervr|Im gonna swap ttar in for clef\n|c|☆Shay214354653625|dw\n|c|☆dreamteachervr|To reset sand for both\n|inactive|dreamteachervr has 20 seconds left.\n|c|☆Shay214354653625|i got sandstorm\n|\n|t:|1788305770\n|switch|p2a: Tyranitar|Tyranitar, L50, F|69/100\n|-weather|Sandstorm|[from] ability: Sand Stream|[of] p2a: Tyranitar\n|move|p1a: Klefki|Sandstorm||[still]\n|-fail|p1a: Klefki\n|move|p1b: Sandaconda|Coil|p1b: Sandaconda\n|-boost|p1b: Sandaconda|atk|1\n|-boost|p1b: Sandaconda|def|1\n|-boost|p1b: Sandaconda|accuracy|1\n|move|p2b: Sandaconda|Body Press|p1a: Klefki\n|-damage|p1a: Klefki|0 fnt\n|faint|p1a: Klefki\n|\n|-weather|Sandstorm|[upkeep]\n|upkeep\n|turn|12\n|c|☆Shay214354653625|breh\n|c|☆Shay214354653625|and so\n|c|☆Shay214354653625|14 hp and a drea\n|c|☆Shay214354653625|m\n|\n|t:|1788305793\n|move|p1b: Sandaconda|Body Press|p2a: Tyranitar\n|-supereffective|p2a: Tyranitar|2\n|-damage|p2a: Tyranitar|0 fnt\n|faint|p2a: Tyranitar\n|move|p2b: Sandaconda|Body Press|p1b: Sandaconda\n|-damage|p1b: Sandaconda|1/100\n|\n|-weather|Sandstorm|[upkeep]\n|upkeep\n|c|☆Shay214354653625|HOLY\n|c|☆dreamteachervr|We fr gojo and sukuna\n|c|☆dreamteachervr|Oh\n|c|☆dreamteachervr|Thats anti climatic\n|c|☆Shay214354653625|GOJO AND TOJI\n|inactive|dreamteachervr has 30 seconds left.\n|c|☆dreamteachervr|Lol yrah\n|\n|t:|1788305826\n|switch|p2a: Clefable|Clefable, L50, F|70/100 par\n|turn|13\n|\n|t:|1788305832\n|cant|p2a: Clefable|par\n|move|p1b: Sandaconda|Coil|p1b: Sandaconda\n|-boost|p1b: Sandaconda|atk|1\n|-boost|p1b: Sandaconda|def|1\n|-boost|p1b: Sandaconda|accuracy|1\n|move|p2b: Sandaconda|Body Press|p1b: Sandaconda|[miss]\n|-miss|p2b: Sandaconda|p1b: Sandaconda\n|\n|-weather|Sandstorm|[upkeep]\n|-damage|p2a: Clefable|64/100 par|[from] Sandstorm\n|-heal|p2a: Clefable|70/100 par|[from] item: Leftovers\n|upkeep\n|turn|14\n|c|☆dreamteachervr|But you got the advantage\n|c|☆Shay214354653625|YOUR EVASION MEANS NOTHING AGAISTN ME\n|c|☆dreamteachervr|Cause the accuracy boost\n|c|☆Shay214354653625|HEHEHE\n|inactive|dreamteachervr has 30 seconds left.\n|\n|t:|1788305857\n|move|p1b: Sandaconda|Rock Slide|p2b: Sandaconda|[spread] p2a,p2b\n|-resisted|p2b: Sandaconda|1\n|-end|p2b: Sandaconda|Substitute\n|-damage|p2a: Clefable|16/100 par\n|move|p2b: Sandaconda|Body Press|p1b: Sandaconda|[miss]\n|-miss|p2b: Sandaconda|p1b: Sandaconda\n|move|p2a: Clefable|Moonblast|p1b: Sandaconda|[miss]\n|-miss|p2a: Clefable|p1b: Sandaconda\n|\n|-weather|Sandstorm|[upkeep]\n|-damage|p2a: Clefable|10/100 par|[from] Sandstorm\n|-heal|p2a: Clefable|16/100 par|[from] item: Leftovers\n|upkeep\n|turn|15\n|c|☆Shay214354653625|tru tru\n|c|☆Shay214354653625|EAT THIS\n|c|☆Shay214354653625|unless u land\n|inactive|dreamteachervr has 30 seconds left.\n|c|☆Shay214354653625|if u do ama cry\n|\n|t:|1788305886\n|move|p1b: Sandaconda|Rock Slide|p2a: Clefable|[spread] p2a,p2b\n|-resisted|p2b: Sandaconda|1\n|-damage|p2a: Clefable|0 fnt\n|-damage|p2b: Sandaconda|65/100\n|faint|p2a: Clefable\n|cant|p2b: Sandaconda|flinch\n|\n|-weather|none\n|upkeep\n|turn|16\n|c|☆Shay214354653625|whew\n|\n|t:|1788305896\n|move|p1b: Sandaconda|Body Press|p2b: Sandaconda\n|-damage|p2b: Sandaconda|31/100\n|move|p2b: Sandaconda|Body Press|p1b: Sandaconda|[miss]\n|-miss|p2b: Sandaconda|p1b: Sandaconda\n|\n|upkeep\n|turn|17\n|c|☆Shay214354653625|ruh roh\n|c|☆Shay214354653625|is this it?\n|c|☆dreamteachervr|Shit\n|c|☆dreamteachervr|I think it is\n|\n|t:|1788305916\n|move|p1b: Sandaconda|Body Press|p2b: Sandaconda\n|-damage|p2b: Sandaconda|0 fnt\n|faint|p2b: Sandaconda\n|\n|win|Shay214354653625\n|c|☆Shay214354653625|YEAAA BOIIIII\n|c|☆dreamteachervr|GG\n|c|☆Shay214354653625|THJATS HOW U DO IT\n|c|☆dreamteachervr|Im saving that\n|c|☆Shay214354653625|LOLLL\n|c|☆dreamteachervr|Gotta go now, but thanks for the matches\n|c|☆Shay214354653625|substitute is diabilcal\n|c|☆dreamteachervr|It is tho\n|c|☆Shay214354653625|but how will u hit flying\n|c|☆Shay214354653625|i got a swicheroo klef with iron ball\n|c|☆Shay214354653625|i mean not flying\n|c|☆dreamteachervr|Ghost\n|c|☆Shay214354653625|i ment ghost\n|c|☆Shay214354653625|yh\n|c|☆dreamteachervr|Ghost types i kinda give up\n|c|☆Shay214354653625|ttar got knockoff thats enough fr\n|c|☆dreamteachervr|Ttar and the rest help me with them\n|c|☆dreamteachervr|Yh\n|c|☆Shay214354653625|alright dreamtechervr\n|c|☆Shay214354653625|idk how to freind ppl but i would\n|c|☆Shay214354653625|oh wai i found it\n|c|☆Shay214354653625|accept the freind if u want\n|c|☆Shay214354653625|ama head out too\n|c|☆Shay214354653625|c ya\n","uploadtime":1788306077,"views":"13","formatid":"gen9championsvgc2026regmb","rating":null,"private":0,"password":null}