{"id":"gen9championsvgc2026regmbbo3-2673679244","format":"[Gen 9 Champions] VGC 2026 Reg M-B (Bo3)","players":["KinnatheKoa","DecorateWithDonuts"],"log":"|j|☆KinnatheKoa\n|j|☆DecorateWithDonuts\n|html|<table width=\"100%\"><tr><td align=\"left\">KinnatheKoa</td><td align=\"right\">DecorateWithDonuts</tr><tr><td align=\"left\"><i class=\"fa fa-circle-o\"></i> <i class=\"fa fa-circle-o\"></i> </td><td align=\"right\"><i class=\"fa fa-circle-o\"></i> <i class=\"fa fa-circle-o\"></i> </tr></table>\n|uhtml|bestof|<h2><strong>Game 1</strong> of <a href=\"/game-bestof3-gen9championsvgc2026regmbbo3-2673679243\">a best-of-3</a></h2>\n|t:|1788231861\n|gametype|doubles\n|player|p1|KinnatheKoa|102|\n|player|p2|DecorateWithDonuts|rosa|\n|gen|9\n|tier|[Gen 9 Champions] VGC 2026 Reg M-B (Bo3)\n|rule|Species Clause: Limit one of each Pokémon\n|rule|Item Clause: Limit 1 of each item\n|clearpoke\n|poke|p1|Raichu, L50, F|\n|poke|p1|Staraptor, L50, F|\n|poke|p1|Arcanine-Hisui, L50, M|\n|poke|p1|Farigiraf, L50, M|\n|poke|p1|Sylveon, L50, F|\n|poke|p1|Kingambit, L50, M|\n|poke|p2|Delphox, L50, M|\n|poke|p2|Kingambit, L50, F|\n|poke|p2|Incineroar, L50, M|\n|poke|p2|Sinistcha, L50|\n|poke|p2|Sneasler, L50, F|\n|poke|p2|Floette-Eternal, L50, F|\n|teampreview|4\n|showteam|p1|Raichu||RaichuniteY|LightningRod|ZapCannon,FocusBlast,FakeOut,Protect|Timid||F|||50|]Staraptor||Staraptite|Intimidate|CloseCombat,DualWingbeat,Tailwind,Protect|Jolly||F|||50|]Arcanine-Hisui||FocusSash|RockHead|FlareBlitz,HeadSmash,ExtremeSpeed,Protect|Jolly||M|||50|]Farigiraf||SitrusBerry|ArmorTail|Psychic,HelpingHand,TrickRoom,Protect|Calm||M|||50|]Sylveon||FairyFeather|Pixilate|HyperVoice,QuickAttack,HyperBeam,Detect|Modest||F|||50|]Kingambit||LifeOrb|Defiant|KowtowCleave,SuckerPunch,SwordsDance,Protect|Adamant||M|||50|\n|showteam|p2|Delphox||Delphoxite|Blaze|HeatWave,Psychic,NastyPlot,Protect|Timid||M|||50|]Kingambit||BlackGlasses|Defiant|KowtowCleave,SuckerPunch,SwordsDance,Protect|Adamant||F|||50|]Incineroar||SitrusBerry|Intimidate|FakeOut,FlareBlitz,ThroatChop,PartingShot|Careful||M|||50|]Sinistcha||ColburBerry|Hospitality|TrickRoom,MatchaGotcha,RagePowder,LifeDew|Bold|||||50|]Sneasler||FocusSash|PoisonTouch|QuickGuard,PoisonJab,FakeOut,CloseCombat|Adamant||F|||50|]Floette-Eternal||Floettite|FlowerVeil|DrainingKiss,DazzlingGleam,CalmMind,Protect|Timid||F|||50|\n|inactive|Battle timer is ON: inactive players will automatically lose when time's up. (requested by DecorateWithDonuts)\n|inactive|KinnatheKoa has 60 seconds left.\n|inactive|DecorateWithDonuts has 60 seconds left.\n|\n|t:|1788231934\n|teamsize|p1|4\n|teamsize|p2|4\n|start\n|switch|p1a: Farigiraf|Farigiraf, L50, M|100/100\n|switch|p1b: Sylveon|Sylveon, L50, F|100/100\n|switch|p2a: Delphox|Delphox, L50, M|100/100\n|switch|p2b: Sneasler|Sneasler, L50, F|100/100\n|turn|1\n|inactive|DecorateWithDonuts has 30 seconds left.\n|\n|t:|1788231963\n|detailschange|p2a: Delphox|Delphox-Mega, L50, M\n|-mega|p2a: Delphox|Delphox|Delphoxite\n|move|p1b: Sylveon|Quick Attack|p2b: Sneasler\n|-damage|p2b: Sneasler|77/100\n|move|p2a: Delphox|Nasty Plot|p2a: Delphox\n|-boost|p2a: Delphox|spa|2\n|move|p2b: Sneasler|Poison Jab|p1b: Sylveon\n|-supereffective|p1b: Sylveon|1\n|-damage|p1b: Sylveon|1/100\n|move|p1a: Farigiraf|Trick Room|p1a: Farigiraf\n|-fieldstart|move: Trick Room|[of] p1a: Farigiraf\n|\n|upkeep\n|turn|2\n|inactive|DecorateWithDonuts has 30 seconds left.\n|\n|t:|1788231990\n|switch|p2b: Sinistcha|Sinistcha, L50|100/100\n|move|p1a: Farigiraf|Helping Hand|p1b: Sylveon\n|-singleturn|p1b: Sylveon|Helping Hand|[of] p1a: Farigiraf\n|move|p2a: Delphox|Protect|p2a: Delphox\n|-singleturn|p2a: Delphox|Protect\n|move|p1b: Sylveon|Hyper Voice|p2a: Delphox|[spread] p2b\n|-activate|p2a: Delphox|move: Protect\n|-damage|p2b: Sinistcha|32/100\n|\n|upkeep\n|turn|3\n|inactive|DecorateWithDonuts has 30 seconds left.\n|inactive|DecorateWithDonuts has 20 seconds left.\n|inactive|DecorateWithDonuts has 15 seconds left.\n|\n|t:|1788232031\n|move|p1a: Farigiraf|Helping Hand|p1b: Sylveon\n|-singleturn|p1b: Sylveon|Helping Hand|[of] p1a: Farigiraf\n|move|p1b: Sylveon|Hyper Voice|p2b: Sinistcha|[spread] p2a,p2b\n|-resisted|p2a: Delphox|1\n|-damage|p2a: Delphox|70/100\n|-damage|p2b: Sinistcha|0 fnt\n|faint|p2b: Sinistcha\n|move|p2a: Delphox|Psychic|p1a: Farigiraf\n|-resisted|p1a: Farigiraf|1\n|-damage|p1a: Farigiraf|59/100\n|\n|upkeep\n|\n|t:|1788232041\n|switch|p2b: Incineroar|Incineroar, L50, M|100/100\n|-ability|p2b: Incineroar|Intimidate|boost\n|-unboost|p1a: Farigiraf|atk|1\n|-unboost|p1b: Sylveon|atk|1\n|turn|4\n|inactive|DecorateWithDonuts has 30 seconds left.\n|inactive|DecorateWithDonuts has 20 seconds left.\n|\n|t:|1788232080\n|move|p1a: Farigiraf|Helping Hand|p1b: Sylveon\n|-singleturn|p1b: Sylveon|Helping Hand|[of] p1a: Farigiraf\n|move|p2a: Delphox|Protect|p2a: Delphox\n|-singleturn|p2a: Delphox|Protect\n|move|p1b: Sylveon|Hyper Voice|p2b: Incineroar|[spread] p2b\n|-activate|p2a: Delphox|move: Protect\n|-damage|p2b: Incineroar|44/100\n|-enditem|p2b: Incineroar|Sitrus Berry|[eat]\n|-heal|p2b: Incineroar|69/100|[from] item: Sitrus Berry\n|move|p2b: Incineroar|Parting Shot|p1b: Sylveon\n|-unboost|p1b: Sylveon|atk|1\n|-unboost|p1b: Sylveon|spa|1\n|\n|t:|1788232096\n|switch|p2b: Sneasler|Sneasler, L50, F|77/100|[from] Parting Shot\n|\n|upkeep\n|turn|5\n|\n|t:|1788232103\n|switch|p2b: Incineroar|Incineroar, L50, M|69/100\n|-ability|p2b: Incineroar|Intimidate|boost\n|-unboost|p1a: Farigiraf|atk|1\n|-unboost|p1b: Sylveon|atk|1\n|move|p1a: Farigiraf|Helping Hand|p1b: Sylveon\n|-singleturn|p1b: Sylveon|Helping Hand|[of] p1a: Farigiraf\n|move|p1b: Sylveon|Hyper Beam|p2a: Delphox\n|-resisted|p2a: Delphox|1\n|-damage|p2a: Delphox|23/100\n|-mustrecharge|p1b: Sylveon\n|move|p2a: Delphox|Heat Wave|p1b: Sylveon|[spread] p1a,p1b\n|-damage|p1a: Farigiraf|0 fnt\n|-damage|p1b: Sylveon|0 fnt\n|faint|p1a: Farigiraf\n|faint|p1b: Sylveon\n|\n|-fieldend|move: Trick Room\n|upkeep\n|\n|t:|1788232117\n|switch|p1b: Arcanine|Arcanine-Hisui, L50, M|100/100\n|switch|p1a: Raichu|Raichu, L50, F|100/100\n|turn|6\n|\n|t:|1788232141\n|detailschange|p1a: Raichu|Raichu-Mega-Y, L50, F\n|-mega|p1a: Raichu|Raichu|Raichunite Y\n|move|p2a: Delphox|Protect|p2a: Delphox\n|-singleturn|p2a: Delphox|Protect\n|move|p1b: Arcanine|Extreme Speed|p2a: Delphox\n|-activate|p2a: Delphox|move: Protect\n|move|p1a: Raichu|Focus Blast|p2b: Incineroar\n|-supereffective|p2b: Incineroar|1\n|-damage|p2b: Incineroar|8/100\n|move|p2b: Incineroar|Parting Shot|p1a: Raichu\n|-unboost|p1a: Raichu|atk|1\n|-unboost|p1a: Raichu|spa|1\n|\n|t:|1788232152\n|switch|p2b: Sneasler|Sneasler, L50, F|77/100|[from] Parting Shot\n|\n|upkeep\n|turn|7\n|\n|t:|1788232170\n|move|p2b: Sneasler|Fake Out|p1b: Arcanine\n|-resisted|p1b: Arcanine|1\n|-damage|p1b: Arcanine|89/100\n|cant|p1b: Arcanine|flinch\n|move|p1a: Raichu|Focus Blast|p2b: Sneasler\n|-resisted|p2b: Sneasler|1\n|-damage|p2b: Sneasler|59/100\n|move|p2a: Delphox|Heat Wave|p1a: Raichu|[spread] p1a,p1b\n|-crit|p1a: Raichu\n|-resisted|p1b: Arcanine|2\n|-damage|p1a: Raichu|0 fnt\n|-damage|p1b: Arcanine|67/100\n|faint|p1a: Raichu\n|\n|upkeep\n|turn|8\n|inactive|DecorateWithDonuts has 30 seconds left.\n|inactive|DecorateWithDonuts has 20 seconds left.\n|inactive|DecorateWithDonuts has 15 seconds left.\n|\n|t:|1788232212\n|move|p2a: Delphox|Protect|p2a: Delphox\n|-singleturn|p2a: Delphox|Protect\n|move|p2b: Sneasler|Close Combat|p1b: Arcanine\n|-supereffective|p1b: Arcanine|1\n|-damage|p1b: Arcanine|0 fnt\n|-unboost|p2b: Sneasler|def|1\n|-unboost|p2b: Sneasler|spd|1\n|faint|p1b: Arcanine\n|\n|win|DecorateWithDonuts\n","uploadtime":1788231863,"views":"0","formatid":"gen9championsvgc2026regmbbo3","rating":null,"private":0,"password":null}