{"id":"gen9championsvgc2026regmb-2674829162","format":"[Gen 9 Champions] VGC 2026 Reg M-B","players":["trulantix","gingerlike"],"log":"|j|☆trulantix\n|j|☆gingerlike\n|t:|1788415742\n|gametype|doubles\n|player|p1|trulantix|roark|1524\n|player|p2|gingerlike|102|1427\n|gen|9\n|tier|[Gen 9 Champions] VGC 2026 Reg M-B\n|rated|\n|rule|Species Clause: Limit one of each Pokémon\n|rule|Item Clause: Limit 1 of each item\n|clearpoke\n|poke|p1|Sceptile, L50, M, shiny|\n|poke|p1|Kangaskhan, L50, F|\n|poke|p1|Farigiraf, L50, F|\n|poke|p1|Rotom-Wash, L50|\n|poke|p1|Aerodactyl, L50, M|\n|poke|p1|Annihilape, L50, F|\n|poke|p2|Tyranitar, L50, F|\n|poke|p2|Sneasler, L50, F|\n|poke|p2|Sinistcha, L50|\n|poke|p2|Milotic, L50, F|\n|poke|p2|Talonflame, L50, F|\n|poke|p2|Raichu, L50, M|\n|teampreview|4\n|inactive|Battle timer is ON: inactive players will automatically lose when time's up. (requested by gingerlike)\ngingerlike has agreed to open team sheets.\n|inactive|gingerlike has 60 seconds left.\n|inactive|gingerlike has 30 seconds left.\n|inactive|gingerlike has 20 seconds left.\n|\n|t:|1788415814\n|teamsize|p1|4\n|teamsize|p2|4\n|start\n|switch|p1a: Sceptile|Sceptile, L50, M, shiny|100/100\n|switch|p1b: Rotom|Rotom-Wash, L50|100/100\n|switch|p2a: Sneasler|Sneasler, L50, F|100/100\n|switch|p2b: Talonflame|Talonflame, L50, F|100/100\n|turn|1\n|inactive|trulantix has 30 seconds left.\n|\n|t:|1788415846\n|move|p1a: Sceptile|Protect|p1a: Sceptile\n|-singleturn|p1a: Sceptile|Protect\n|move|p2a: Sneasler|Fake Out|p1b: Rotom\n|-damage|p1b: Rotom|84/100\n|move|p2b: Talonflame|Dual Wingbeat|p1a: Sceptile\n|-activate|p1a: Sceptile|move: Protect\n|cant|p1b: Rotom|flinch\n|\n|upkeep\n|turn|2\n|\n|t:|1788415865\n|switch|p1a: Aerodactyl|Aerodactyl, L50, M|100/100\n|-ability|p1a: Aerodactyl|Unnerve\n|move|p2b: Talonflame|Protect|p2b: Talonflame\n|-singleturn|p2b: Talonflame|Protect\n|move|p1b: Rotom|Volt Switch|p2b: Talonflame\n|-activate|p2b: Talonflame|move: Protect\n|move|p2a: Sneasler|Dire Claw|p1a: Aerodactyl\n|-resisted|p1a: Aerodactyl|1\n|-damage|p1a: Aerodactyl|69/100\n|\n|upkeep\n|turn|3\n|\n|t:|1788415885\n|switch|p2b: Sinistcha|Sinistcha, L50|100/100\n|move|p2a: Sneasler|Protect|p2a: Sneasler\n|-singleturn|p2a: Sneasler|Protect\n|move|p1b: Rotom|Volt Switch|p2a: Sneasler\n|-activate|p2a: Sneasler|move: Protect\n|move|p1a: Aerodactyl|Rock Slide|p2b: Sinistcha|[spread] p2b\n|-activate|p2a: Sneasler|move: Protect\n|-damage|p2b: Sinistcha|79/100\n|\n|upkeep\n|turn|4\n|\n|t:|1788415908\n|move|p1a: Aerodactyl|Wide Guard|p1a: Aerodactyl\n|-singleturn|p1a: Aerodactyl|Wide Guard\n|move|p1b: Rotom|Volt Switch|p2a: Sneasler\n|-damage|p2a: Sneasler|54/100\n|\n|t:|1788415919\n|switch|p1b: Annihilape|Annihilape, L50, F|100/100|[from] Volt Switch\n|move|p2a: Sneasler|Close Combat|p1a: Aerodactyl\n|-damage|p1a: Aerodactyl|0 fnt\n|-unboost|p2a: Sneasler|def|1\n|-unboost|p2a: Sneasler|spd|1\n|faint|p1a: Aerodactyl\n|-enditem|p2a: Sneasler|White Herb\n|-clearnegativeboost|p2a: Sneasler|[silent]\n|move|p2b: Sinistcha|Matcha Gotcha|p1b: Annihilape\n|-activate|p1b: Annihilape|move: Wide Guard\n|\n|upkeep\n|\n|t:|1788415940\n|switch|p1a: Rotom|Rotom-Wash, L50|84/100\n|turn|5\n|inactive|trulantix has 30 seconds left.\n|\n|t:|1788415974\n|move|p2a: Sneasler|Close Combat|p1a: Rotom\n|-damage|p1a: Rotom|7/100\n|-unboost|p2a: Sneasler|def|1\n|-unboost|p2a: Sneasler|spd|1\n|move|p1a: Rotom|Shadow Ball|p2b: Sinistcha\n|-supereffective|p2b: Sinistcha|1\n|-damage|p2b: Sinistcha|25/100\n|-enditem|p2b: Sinistcha|Sitrus Berry|[eat]\n|-heal|p2b: Sinistcha|50/100g|[from] item: Sitrus Berry\n|move|p1b: Annihilape|Rage Fist|p2a: Sneasler\n|-damage|p2a: Sneasler|0 fnt\n|faint|p2a: Sneasler\n|move|p2b: Sinistcha|Shadow Ball|p1b: Annihilape\n|-supereffective|p1b: Annihilape|1\n|-damage|p1b: Annihilape|46/100\n|\n|-heal|p1b: Annihilape|52/100|[from] item: Leftovers\n|upkeep\n|\n|t:|1788415995\n|switch|p2a: Talonflame|Talonflame, L50, F|100/100\n|turn|6\n|\n|t:|1788416012\n|move|p1b: Annihilape|Protect|p1b: Annihilape\n|-singleturn|p1b: Annihilape|Protect\n|move|p2b: Sinistcha|Rage Powder|p2b: Sinistcha\n|-singleturn|p2b: Sinistcha|move: Rage Powder\n|move|p2a: Talonflame|Dual Wingbeat|p1b: Annihilape\n|-activate|p1b: Annihilape|move: Protect\n|move|p1a: Rotom|Shadow Ball|p2b: Sinistcha\n|-supereffective|p2b: Sinistcha|1\n|-damage|p2b: Sinistcha|3/100\n|\n|-heal|p1b: Annihilape|58/100|[from] item: Leftovers\n|upkeep\n|turn|7\n|\n|t:|1788416028\n|move|p2a: Talonflame|Dual Wingbeat|p1b: Annihilape\n|-supereffective|p1b: Annihilape|1\n|-damage|p1b: Annihilape|24/100\n|-supereffective|p1b: Annihilape|1\n|-damage|p1b: Annihilape|0 fnt\n|faint|p1b: Annihilape\n|-hitcount|p1: Annihilape|2\n|move|p1a: Rotom|Shadow Ball|p2b: Sinistcha\n|-supereffective|p2b: Sinistcha|1\n|-damage|p2b: Sinistcha|0 fnt\n|faint|p2b: Sinistcha\n|\n|upkeep\n|\n|t:|1788416038\n|switch|p1b: Sceptile|Sceptile, L50, M, shiny|100/100\n|switch|p2b: Raichu|Raichu, L50, M|100/100\n|turn|8\n|\n|t:|1788416047\n|detailschange|p1b: Sceptile|Sceptile-Mega, L50, M, shiny\n|-mega|p1b: Sceptile|Sceptile|Sceptilite\n|move|p1b: Sceptile|Protect|p1b: Sceptile\n|-singleturn|p1b: Sceptile|Protect\n|move|p2a: Talonflame|Protect|p2a: Talonflame\n|-singleturn|p2a: Talonflame|Protect\n|move|p2b: Raichu|Protect|p2b: Raichu\n|-singleturn|p2b: Raichu|Protect\n|move|p1a: Rotom|Shadow Ball|p2a: Talonflame\n|-activate|p2a: Talonflame|move: Protect\n|\n|upkeep\n|turn|9\n|\n|t:|1788416066\n|detailschange|p2b: Raichu|Raichu-Mega-Y, L50, M\n|-mega|p2b: Raichu|Raichu|Raichunite Y\n|move|p1b: Sceptile|Protect||[still]\n|-fail|p1b: Sceptile\n|move|p2a: Talonflame|Dual Wingbeat|p1b: Sceptile\n|-supereffective|p1b: Sceptile|1\n|-damage|p1b: Sceptile|46/100\n|-supereffective|p1b: Sceptile|1\n|-damage|p1b: Sceptile|0 fnt\n|faint|p1b: Sceptile\n|-hitcount|p1: Sceptile|2\n|move|p1a: Rotom|Shadow Ball|p2a: Talonflame\n|-damage|p2a: Talonflame|60/100\n|move|p2b: Raichu|Focus Blast|p1a: Rotom\n|-damage|p1a: Rotom|0 fnt\n|faint|p1a: Rotom\n|\n|win|gingerlike\n|raw|trulantix's rating: 1524 &rarr; <strong>1499</strong><br />(-25 for losing)\n|raw|gingerlike's rating: 1427 &rarr; <strong>1452</strong><br />(+25 for winning)\n","uploadtime":1788416066,"views":"0","formatid":"gen9championsvgc2026regmb","rating":1452,"private":0,"password":null}