{"id":"gen9championsvgc2026regmb-2674696025","format":"[Gen 9 Champions] VGC 2026 Reg M-B","players":["sulfricsun","SneakyEne"],"log":"|j|☆sulfricsun\n|j|☆SneakyEne\n|html|<table width=\"100%\"><tr><td align=\"left\">sulfricsun</td><td align=\"right\">SneakyEne</tr><tr><td align=\"left\"><i class=\"fa fa-circle-o\"></i> <i class=\"fa fa-circle-o\"></i> </td><td align=\"right\"><i class=\"fa fa-circle-o\"></i> <i class=\"fa fa-circle\"></i> </tr></table>\n|uhtml|bestof|<h2><strong>Game 2</strong> of <a href=\"/game-bestof3-gen9championsvgc2026regmb-2674693148\">a best-of-3</a></h2>\n|t:|1788391940\n|gametype|doubles\n|player|p1|sulfricsun|swimmer|\n|player|p2|SneakyEne|skyla-masters|\n|gen|9\n|tier|[Gen 9 Champions] VGC 2026 Reg M-B\n|rule|Species Clause: Limit one of each Pokémon\n|rule|Item Clause: Limit 1 of each item\n|raw|<div class=\"infobox\"><details class=\"readmore\" open><summary><strong>1 custom rule:</strong></summary> Best of = 3</details></div>\n|clearpoke\n|poke|p1|Kleavor, L50, F|\n|poke|p1|Staraptor, L50, M|\n|poke|p1|Whimsicott, L50, M|\n|poke|p1|Golurk, L50|\n|poke|p1|Ninetales, L50, M|\n|poke|p1|Garchomp, L50, F|\n|poke|p2|Talonflame, L50, M|\n|poke|p2|Kangaskhan, L50, F|\n|poke|p2|Spiritomb, L50, F|\n|poke|p2|Torkoal, L50, F|\n|poke|p2|Hydreigon, L50, M|\n|poke|p2|Mamoswine, L50, M|\n|teampreview|4\n|j| presidentperssson\nsulfricsun rejected open team sheets.\n|j| RunningRad\n|c|☆SneakyEne|didnt think about how weak I am to rocks tbh\n|\n|t:|1788391978\n|teamsize|p1|4\n|teamsize|p2|4\n|start\n|switch|p1a: Ninetales|Ninetales, L50, M|100/100\n|switch|p1b: Golurk|Golurk, L50|100/100\n|switch|p2a: Talonflame|Talonflame, L50, M|100/100\n|switch|p2b: Kangaskhan|Kangaskhan, L50, F|100/100\n|-weather|SunnyDay|[from] ability: Drought|[of] p1a: Ninetales\n|turn|1\n|\n|t:|1788392012\n|detailschange|p2b: Kangaskhan|Kangaskhan-Mega, L50, F\n|-mega|p2b: Kangaskhan|Kangaskhan|Kangaskhanite\n|detailschange|p1b: Golurk|Golurk-Mega, L50\n|-mega|p1b: Golurk|Golurk|Golurkite\n|move|p2b: Kangaskhan|Fake Out|p1a: Ninetales\n|-damage|p1a: Ninetales|63/100\n|-damage|p1a: Ninetales|55/100\n|-hitcount|p1a: Ninetales|2\n|move|p2a: Talonflame|Tailwind|p2a: Talonflame\n|-sidestart|p2: SneakyEne|move: Tailwind\n|cant|p1a: Ninetales|flinch\n|move|p1b: Golurk|Poltergeist|p2a: Talonflame\n|-activate|p2a: Talonflame|move: Poltergeist|Focus Sash\n|-enditem|p2a: Talonflame|Focus Sash\n|-damage|p2a: Talonflame|1/100\n|\n|-weather|SunnyDay|[upkeep]\n|upkeep\n|turn|2\n|c|☆sulfricsun|I lowkey dont even check I just low stone axe\n|\n|t:|1788392038\n|move|p2b: Kangaskhan|Protect|p2b: Kangaskhan\n|-singleturn|p2b: Kangaskhan|Protect\n|move|p2a: Talonflame|Will-O-Wisp|p1b: Golurk\n|-status|p1b: Golurk|brn\n|move|p1a: Ninetales|Will-O-Wisp|p2b: Kangaskhan\n|-activate|p2b: Kangaskhan|move: Protect\n|move|p1b: Golurk|Close Combat|p2b: Kangaskhan\n|-supereffective|p2b: Kangaskhan|1\n|-ability|p1b: Golurk|Unseen Fist\n|-zbroken|p2b: Kangaskhan\n|-damage|p2b: Kangaskhan|88/100\n|-unboost|p1b: Golurk|def|1\n|-unboost|p1b: Golurk|spd|1\n|\n|-weather|SunnyDay|[upkeep]\n|-damage|p1b: Golurk|93/100 brn|[from] brn\n|upkeep\n|turn|3\n|\n|t:|1788392055\n|move|p2a: Talonflame|Brave Bird|p1a: Ninetales\n|-damage|p1a: Ninetales|0 fnt\n|faint|p1a: Ninetales\n|-damage|p2a: Talonflame|0 fnt|[from] Recoil\n|faint|p2a: Talonflame\n|move|p2b: Kangaskhan|Ice Punch|p1b: Golurk\n|-supereffective|p1b: Golurk|1\n|-damage|p1b: Golurk|14/100 brn\n|-supereffective|p1b: Golurk|1\n|-damage|p1b: Golurk|0 fnt\n|faint|p1b: Golurk\n|-hitcount|p1: Golurk|2\n|\n|-weather|SunnyDay|[upkeep]\n|upkeep\n|c|☆sulfricsun|im so cooked\n|\n|t:|1788392070\n|switch|p2a: Hydreigon|Hydreigon, L50, M|100/100\n|switch|p1a: Garchomp|Garchomp, L50, F|100/100\n|switch|p1b: Kleavor|Kleavor, L50, F|100/100\n|turn|4\n|c|☆SneakyEne|kanga is slept on\n|\n|t:|1788392094\n|move|p1a: Garchomp|Protect|p1a: Garchomp\n|-singleturn|p1a: Garchomp|Protect\n|move|p2a: Hydreigon|Heat Wave|p1a: Garchomp|[spread] p1b\n|-activate|p1a: Garchomp|move: Protect\n|-damage|p1b: Kleavor|10/100\n|-damage|p2a: Hydreigon|90/100|[from] item: Life Orb\n|move|p2b: Kangaskhan|Hammer Arm|p1b: Kleavor\n|-damage|p1b: Kleavor|0 fnt\n|-unboost|p2b: Kangaskhan|spe|1\n|faint|p1b: Kleavor\n|\n|-weather|SunnyDay|[upkeep]\n|-sideend|p2: SneakyEne|move: Tailwind\n|upkeep\n|turn|5\n|\n|t:|1788392111\n|move|p2a: Hydreigon|Protect|p2a: Hydreigon\n|-singleturn|p2a: Hydreigon|Protect\n|move|p1a: Garchomp|Dragon Claw|p2a: Hydreigon\n|-activate|p2a: Hydreigon|move: Protect\n|move|p2b: Kangaskhan|Ice Punch|p1a: Garchomp\n|-supereffective|p1a: Garchomp|2\n|-damage|p1a: Garchomp|0 fnt\n|-damage|p2b: Kangaskhan|75/100|[from] ability: Rough Skin|[of] p1a: Garchomp\n|faint|p1a: Garchomp\n|\n|win|SneakyEne\n|c|☆sulfricsun|gg wp\n|c|☆SneakyEne|im bringing back chalk\n|c|☆SneakyEne|ggs\n|c|☆sulfricsun|cooked me\n|c|☆sulfricsun|oh hell nah\n|c|☆SneakyEne|your team is scary im saying\n|c|☆sulfricsun|leave that int he past\n|c|☆sulfricsun|I was on a winning streak\n|c|☆SneakyEne|i gotta keep the nostalgia glasses on\n|c|☆SneakyEne|>.<\n|c|☆sulfricsun|You were my first loss\n|c|☆SneakyEne|well I hope to see you in playoffs\n|c|☆sulfricsun|aye same to you\n|l|☆sulfricsun\n|player|p1|\n|c|☆SneakyEne|ggs big dawg\n","uploadtime":1788392175,"views":"24","formatid":"gen9championsvgc2026regmb","rating":null,"private":0,"password":null}