{"id":"gen9championsvgc2026regmb-2674164781","format":"[Gen 9 Champions] VGC 2026 Reg M-B","players":["heatfre3ze","qazoo"],"log":"|j|☆heatfre3ze\n|j|☆qazoo\n|html|<table width=\"100%\"><tr><td align=\"left\">heatfre3ze</td><td align=\"right\">qazoo</tr><tr><td align=\"left\"><i class=\"fa fa-circle-o\"></i> <i class=\"fa fa-circle-o\"></i> </td><td align=\"right\"><i class=\"fa fa-circle-o\"></i> <i class=\"fa fa-circle-o\"></i> </tr></table>\n|uhtml|bestof|<h2><strong>Game 1</strong> of <a href=\"/game-bestof3-gen9championsvgc2026regmb-2674164780\">a best-of-3</a></h2>\n|t:|1788308844\n|gametype|doubles\n|player|p1|heatfre3ze|caitlin|\n|player|p2|qazoo|170|\n|gen|9\n|tier|[Gen 9 Champions] VGC 2026 Reg M-B\n|rule|Species Clause: Limit one of each Pokémon\n|rule|Item Clause: Limit 1 of each item\n|raw|<div class=\"infobox\"><details class=\"readmore\" open><summary><strong>1 custom rule:</strong></summary> Best of = 3</details></div>\n|clearpoke\n|poke|p1|Oranguru, L50, F, shiny|\n|poke|p1|Clawitzer, L50, F, shiny|\n|poke|p1|Politoed, L50, M, shiny|\n|poke|p1|Raichu, L50, M|\n|poke|p1|Basculegion, L50, M, shiny|\n|poke|p1|Metagross, L50|\n|poke|p2|Whimsicott, L50, M|\n|poke|p2|Raichu, L50, F|\n|poke|p2|Toxapex, L50, F|\n|poke|p2|Gardevoir, L50, F|\n|poke|p2|Gyarados, L50, F|\n|poke|p2|Aegislash, L50, F|\n|teampreview|4\nqazoo rejected open team sheets.\n|c|☆heatfre3ze|You got link?\n|j| Mr.Koontzie.\n|j| SBMalus\n|c|☆heatfre3ze|Not having Aggron shivers mi timbers a bit, but I should be fine\n|j| Iamnothilarious\n|j| sslothh\n|c| Iamnothilarious|Big Sloth fan\n|j| naon_500\n|j| gus_ssbu\n|c|☆qazoo|ok, glhf fr this time\n|c|☆heatfre3ze|glhf lol\n|c| gus_ssbu|Good luck guys\n|c|☆heatfre3ze|This time should be in your favor hopefully\n|j| Moon1Ight197\n|\n|t:|1788309011\n|teamsize|p1|4\n|teamsize|p2|4\n|start\n|switch|p1a: Scott^3|Politoed, L50, M, shiny|100/100\n|switch|p1b: Scott^5|Basculegion, L50, M, shiny|100/100\n|switch|p2a: garden envoy|Gardevoir, L50, F|100/100\n|switch|p2b: Ray Chew|Raichu, L50, F|100/100\n|-ability|p2a: garden envoy|Drizzle|Trace|[from] ability: Trace|[of] p1a: Scott^3\n|-weather|RainDance|[from] ability: Drizzle|[of] p2a: garden envoy\n|turn|1\n|l| Moon1Ight197\n|\n|t:|1788309050\n|detailschange|p2a: garden envoy|Gardevoir-Mega, L50, F\n|-mega|p2a: garden envoy|Gardevoir|Gardevoirite\n|move|p2a: garden envoy|Protect|p2a: garden envoy\n|-singleturn|p2a: garden envoy|Protect\n|move|p1b: Scott^5|Phantom Force||[still]\n|-prepare|p1b: Scott^5|Phantom Force\n|move|p2b: Ray Chew|Thunderbolt|p1a: Scott^3\n|-supereffective|p1a: Scott^3|1\n|-damage|p1a: Scott^3|33/100\n|move|p1a: Scott^3|Weather Ball|p2b: Ray Chew\n|-enditem|p2b: Ray Chew|Focus Sash\n|-damage|p2b: Ray Chew|1/100\n|\n|-weather|RainDance|[upkeep]\n|upkeep\n|turn|2\n|\n|t:|1788309088\n|switch|p2a: Whimsical Me|Whimsicott, L50, M|100/100\n|move|p1b: Scott^5|Phantom Force|p2a: Whimsical Me|[from] lockedmove\n|-damage|p2a: Whimsical Me|29/100\n|move|p2b: Ray Chew|Thunderbolt|p1a: Scott^3\n|-supereffective|p1a: Scott^3|1\n|-crit|p1a: Scott^3\n|-damage|p1a: Scott^3|0 fnt\n|faint|p1a: Scott^3\n|\n|-weather|RainDance|[upkeep]\n|upkeep\n|c| Iamnothilarious|Scott when he hates using slightly inaccurate moves\n|\n|t:|1788309101\n|switch|p1a: Scott^4|Raichu, L50, M|100/100\n|turn|3\n|j| Moon1Ight197\n|\n|t:|1788309119\n|switch|p2b: age as lash|Aegislash, L50, F|100/100\n|detailschange|p1a: Scott^4|Raichu-Mega-X, L50, M\n|-mega|p1a: Scott^4|Raichu|Raichunite X\n|-fieldstart|move: Electric Terrain|[from] ability: Electric Surge|[of] p1a: Scott^4\n|move|p1a: Scott^4|Fake Out|p2a: Whimsical Me\n|-damage|p2a: Whimsical Me|9/100\n|cant|p2a: Whimsical Me|flinch\n|move|p1b: Scott^5|Phantom Force||[still]\n|-prepare|p1b: Scott^5|Phantom Force\n|\n|-weather|RainDance|[upkeep]\n|upkeep\n|turn|4\n|c| Moon1Ight197|Hello, so what’s going on\n|\n|t:|1788309149\n|move|p1a: Scott^4|Protect|p1a: Scott^4\n|-singleturn|p1a: Scott^4|Protect\n|move|p2a: Whimsical Me|Encore|p1a: Scott^4\n|-activate|p1a: Scott^4|move: Protect\n|move|p1b: Scott^5|Phantom Force|p2b: age as lash|[from] lockedmove\n|-supereffective|p2b: age as lash|1\n|-damage|p2b: age as lash|11/100\n|-formechange|p2b: age as lash|Aegislash-Blade|\n|move|p2b: age as lash|Poltergeist|p1b: Scott^5\n|-activate|p1b: Scott^5|move: Poltergeist|Choice Scarf\n|-supereffective|p1b: Scott^5|1\n|-damage|p1b: Scott^5|0 fnt\n|faint|p1b: Scott^5\n|\n|-weather|RainDance|[upkeep]\n|upkeep\n|c| SBMalus|pokey man\n|\n|t:|1788309162\n|switch|p1b: Scott scott|Clawitzer, L50, F, shiny|100/100\n|turn|5\n|c| Iamnothilarious|Heatfreeze and Scott playing their match now\n|c| Moon1Ight197|Okay\n|c| Iamnothilarious|Since HF didn't have Aggron and brought Aggron to the matchb initially\n|c| Iamnothilarious|Due to miscommunication\n|\n|t:|1788309194\n|move|p2a: Whimsical Me|Encore|p1a: Scott^4\n|-start|p1a: Scott^4|Encore\n|move|p1a: Scott^4|Protect|p1a: Scott^4\n|-singleturn|p1a: Scott^4|Protect\n|move|p1b: Scott scott|Dark Pulse|p2b: age as lash\n|-supereffective|p2b: age as lash|1\n|-damage|p2b: age as lash|0 fnt\n|faint|p2b: age as lash\n|\n|-weather|none\n|upkeep\n|c| Moon1Ight197|Heatfre3ze ran out of budget for his names\n|\n|t:|1788309210\n|switch|p2b: garden envoy|Gardevoir-Mega, L50, F|100/100\n|turn|6\n|\n|t:|1788309235\n|move|p1a: Scott^4|Protect||[still]\n|-fail|p1a: Scott^4\n|move|p2a: Whimsical Me|Encore|p1b: Scott scott\n|-start|p1b: Scott scott|Encore\n|move|p2b: garden envoy|Thunderbolt|p1b: Scott scott\n|-supereffective|p1b: Scott scott|1\n|-damage|p1b: Scott scott|0 fnt\n|faint|p1b: Scott scott\n|\n|upkeep\n|turn|7\n|\n|t:|1788309249\n|move|p1a: Scott^4|Protect|p1a: Scott^4\n|-singleturn|p1a: Scott^4|Protect\n|move|p2a: Whimsical Me|Energy Ball|p1a: Scott^4\n|-activate|p1a: Scott^4|move: Protect\n|move|p2b: garden envoy|Hyper Voice|p1a: Scott^4\n|-activate|p1a: Scott^4|move: Protect\n|\n|-end|p1a: Scott^4|Encore\n|-fieldend|move: Electric Terrain\n|upkeep\n|turn|8\n|-message|heatfre3ze forfeited.\n|\n|win|qazoo\n||heatfre3ze is ready for game 2.\n|inactive|qazoo has 30 seconds to confirm battle start!\n||qazoo is ready for game 2.\n|uhtml|next|Next: <a href=\"/battle-gen9championsvgc2026regmb-2674167422\"><strong>Game 2 of 3</strong></a>\n|l| sslothh\n|l| SBMalus\n|l| naon_500\n|l|☆heatfre3ze\n|player|p1|\n|l| Moon1Ight197\n|l| Iamnothilarious\n","uploadtime":1788309258,"views":"3","formatid":"gen9championsvgc2026regmb","rating":null,"private":0,"password":null}