{"id":"gen9championsvgc2026regmb-2674339737","format":"[Gen 9 Champions] VGC 2026 Reg M-B","players":["alexismydog","Lei41"],"log":"|j|☆alexismydog\n|j|☆Lei41\n|t:|1788344562\n|gametype|doubles\n|player|p1|alexismydog|265|1557\n|player|p2|Lei41|102|1652\n|gen|9\n|tier|[Gen 9 Champions] VGC 2026 Reg M-B\n|rated|\n|rule|Species Clause: Limit one of each Pokémon\n|rule|Item Clause: Limit 1 of each item\n|clearpoke\n|poke|p1|Tyranitar, L50, F|\n|poke|p1|Excadrill, L50, M|\n|poke|p1|Sinistcha, L50|\n|poke|p1|Gholdengo, L50|\n|poke|p1|Staraptor, L50, M|\n|poke|p1|Milotic, L50, F|\n|poke|p2|Venusaur, L50, F|\n|poke|p2|Charizard, L50, F|\n|poke|p2|Mawile, L50, F|\n|poke|p2|Archaludon, L50, F|\n|poke|p2|Pelipper, L50, F|\n|poke|p2|Farigiraf, L50, M|\n|teampreview|4\n|inactive|Battle timer is ON: inactive players will automatically lose when time's up. (requested by alexismydog)\n|\n|t:|1788344574\n|teamsize|p1|4\n|teamsize|p2|4\n|start\n|switch|p1a: Staraptor|Staraptor, L50, M|100/100\n|switch|p1b: Gholdengo|Gholdengo, L50|100/100\n|switch|p2a: Venusaur|Venusaur, L50, F|100/100\n|switch|p2b: Charizard|Charizard, L50, F|100/100\n|-ability|p1a: Staraptor|Intimidate|boost\n|-unboost|p2a: Venusaur|atk|1\n|-unboost|p2b: Charizard|atk|1\n|turn|1\n|\n|t:|1788344588\n|detailschange|p2b: Charizard|Charizard-Mega-Y, L50, F\n|-mega|p2b: Charizard|Charizard|Charizardite Y\n|-weather|SunnyDay|[from] ability: Drought|[of] p2b: Charizard\n|detailschange|p1a: Staraptor|Staraptor-Mega, L50, M\n|-mega|p1a: Staraptor|Staraptor|Staraptite\n|move|p1b: Gholdengo|Protect|p1b: Gholdengo\n|-singleturn|p1b: Gholdengo|Protect\n|move|p2a: Venusaur|Sleep Powder|p1a: Staraptor|[miss]\n|-miss|p2a: Venusaur|p1a: Staraptor\n|move|p2b: Charizard|Weather Ball|p1b: Gholdengo\n|-activate|p1b: Gholdengo|move: Protect\n|move|p1a: Staraptor|Tailwind|p1a: Staraptor\n|-sidestart|p1: alexismydog|move: Tailwind\n|\n|-weather|SunnyDay|[upkeep]\n|upkeep\n|turn|2\n|inactive|Lei41 has 30 seconds left.\n|\n|t:|1788344618\n|move|p2b: Charizard|Protect|p2b: Charizard\n|-singleturn|p2b: Charizard|Protect\n|move|p1a: Staraptor|Brave Bird|p2a: Venusaur\n|-supereffective|p2a: Venusaur|1\n|-damage|p2a: Venusaur|0 fnt\n|faint|p2a: Venusaur\n|-damage|p1a: Staraptor|71/100|[from] Recoil\n|move|p1b: Gholdengo|Shadow Ball|p2b: Charizard\n|-activate|p2b: Charizard|move: Protect\n|\n|-weather|SunnyDay|[upkeep]\n|upkeep\n|\n|t:|1788344626\n|switch|p2a: Archaludon|Archaludon, L50, F|100/100\n|turn|3\n|\n|t:|1788344638\n|move|p2a: Archaludon|Protect|p2a: Archaludon\n|-singleturn|p2a: Archaludon|Protect\n|move|p1a: Staraptor|Close Combat|p2a: Archaludon\n|-activate|p2a: Archaludon|move: Protect\n|move|p1b: Gholdengo|Nasty Plot|p1b: Gholdengo\n|-boost|p1b: Gholdengo|spa|2\n|move|p2b: Charizard|Weather Ball|p1b: Gholdengo\n|-supereffective|p1b: Gholdengo|1\n|-enditem|p1b: Gholdengo|Focus Sash\n|-damage|p1b: Gholdengo|1/100\n|\n|-weather|SunnyDay|[upkeep]\n|upkeep\n|turn|4\n|inactive|Lei41 has 30 seconds left.\n|\n|t:|1788344666\n|move|p2b: Charizard|Protect|p2b: Charizard\n|-singleturn|p2b: Charizard|Protect\n|move|p2a: Archaludon|Protect||[still]\n|-fail|p2a: Archaludon\n|move|p1a: Staraptor|Close Combat|p2a: Archaludon\n|-supereffective|p2a: Archaludon|1\n|-ability|p2a: Archaludon|Sturdy\n|-damage|p2a: Archaludon|1/100\n|-boost|p1a: Staraptor|def|1\n|-boost|p1a: Staraptor|spd|1\n|move|p1b: Gholdengo|Make It Rain|p2b: Charizard|[spread] \n|-activate|p2b: Charizard|move: Protect\n|-miss|p1b: Gholdengo|p2a: Archaludon\n|\n|-weather|SunnyDay|[upkeep]\n|-sideend|p1: alexismydog|move: Tailwind\n|upkeep\n|turn|5\n|\n|t:|1788344685\n|move|p1b: Gholdengo|Protect|p1b: Gholdengo\n|-singleturn|p1b: Gholdengo|Protect\n|move|p2b: Charizard|Heat Wave|p1a: Staraptor|[spread] p1a\n|-activate|p1b: Gholdengo|move: Protect\n|-damage|p1a: Staraptor|30/100\n|move|p1a: Staraptor|Tailwind|p1a: Staraptor\n|-sidestart|p1: alexismydog|move: Tailwind\n|move|p2a: Archaludon|Draco Meteor|p1a: Staraptor\n|-damage|p1a: Staraptor|0 fnt\n|-unboost|p2a: Archaludon|spa|2\n|faint|p1a: Staraptor\n|\n|-weather|none\n|upkeep\n|\n|t:|1788344699\n|switch|p1a: Tyranitar|Tyranitar, L50, F|100/100\n|-weather|Sandstorm|[from] ability: Sand Stream|[of] p1a: Tyranitar\n|turn|6\n|\n|t:|1788344721\n|switch|p2b: Pelipper|Pelipper, L50, F|100/100\n|-weather|RainDance|[from] ability: Drizzle|[of] p2b: Pelipper\n|move|p2a: Archaludon|Protect|p2a: Archaludon\n|-singleturn|p2a: Archaludon|Protect\n|move|p1b: Gholdengo|Shadow Ball|p2a: Archaludon\n|-activate|p2a: Archaludon|move: Protect\n|move|p1a: Tyranitar|Dragon Dance|p1a: Tyranitar\n|-boost|p1a: Tyranitar|atk|1\n|-boost|p1a: Tyranitar|spe|1\n|\n|-weather|RainDance|[upkeep]\n|upkeep\n|turn|7\n|\n|t:|1788344738\n|move|p1a: Tyranitar|Rock Slide|p2b: Pelipper|[spread] p2a,p2b\n|-resisted|p2a: Archaludon|1\n|-supereffective|p2b: Pelipper|1\n|-damage|p2a: Archaludon|0 fnt\n|-damage|p2b: Pelipper|0 fnt\n|faint|p2a: Archaludon\n|faint|p2b: Pelipper\n|move|p1b: Gholdengo|Shadow Ball|p2: Archaludon|[notarget]\n|-fail|p1b: Gholdengo\n|\n|-weather|RainDance|[upkeep]\n|upkeep\n|-message|Lei41 forfeited.\n|\n|win|alexismydog\n|raw|alexismydog's rating: 1557 &rarr; <strong>1582</strong><br />(+25 for winning)\n|raw|Lei41's rating: 1652 &rarr; <strong>1627</strong><br />(-25 for losing)\n|l|☆Lei41\n|player|p2|\n","uploadtime":1788344749,"views":"2","formatid":"gen9championsvgc2026regmb","rating":1582,"private":0,"password":null}