{"id":"gen9championsvgc2026regmb-2674169536","format":"[Gen 9 Champions] VGC 2026 Reg M-B","players":["PKMNSGaming!","Donjozo"],"log":"|j|☆PKMNSGaming!\n|j|☆Donjozo\n|html|<table width=\"100%\"><tr><td align=\"left\">PKMNSGaming!</td><td align=\"right\">Donjozo</tr><tr><td align=\"left\"><i class=\"fa fa-circle-o\"></i> <i class=\"fa fa-circle-o\"></i> </td><td align=\"right\"><i class=\"fa fa-circle-o\"></i> <i class=\"fa fa-circle-o\"></i> </tr></table>\n|uhtml|bestof|<h2><strong>Game 1</strong> of <a href=\"/game-bestof3-gen9championsvgc2026regmb-2674169535\">a best-of-3</a></h2>\n|t:|1788309591\n|gametype|doubles\n|player|p1|PKMNSGaming!|hilda|\n|player|p2|Donjozo|guzma|\n|gen|9\n|tier|[Gen 9 Champions] VGC 2026 Reg M-B\n|rule|Species Clause: Limit one of each Pokémon\n|rule|Item Clause: Limit 1 of each item\n|raw|<div class=\"infobox\"><details class=\"readmore\" open><summary><strong>2 custom rules:</strong></summary> Best of = 3, !OpenTeamSheets</details></div>\n|clearpoke\n|poke|p1|Aerodactyl, L50, F|\n|poke|p1|Milotic, L50, M|\n|poke|p1|Clefable, L50, F|\n|poke|p1|Floette-Eternal, L50, F|\n|poke|p1|Kangaskhan, L50, F|\n|poke|p1|Krookodile, L50, M|\n|poke|p2|Charizard, L50, M|\n|poke|p2|Aerodactyl, L50, M|\n|poke|p2|Sableye, L50, F|\n|poke|p2|Venusaur, L50, F|\n|poke|p2|Alakazam, L50, M|\n|poke|p2|Oranguru, L50, M|\n|teampreview|4\n|\n|t:|1788309633\n|teamsize|p1|4\n|teamsize|p2|4\n|start\n|switch|p1a: Floette|Floette-Eternal, L50, F|100/100\n|switch|p1b: Krookodile|Krookodile, L50, M|100/100\n|switch|p2a: Charizard|Charizard, L50, M|100/100\n|switch|p2b: Venusaur|Venusaur, L50, F|100/100\n|-ability|p1b: Krookodile|Intimidate|boost\n|-unboost|p2a: Charizard|atk|1\n|-unboost|p2b: Venusaur|atk|1\n|turn|1\n|\n|t:|1788309654\n|switch|p1a: Aerodactyl|Aerodactyl, L50, F|100/100\n|-ability|p1a: Aerodactyl|Unnerve\n|detailschange|p2a: Charizard|Charizard-Mega-Y, L50, M\n|-mega|p2a: Charizard|Charizard|Charizardite Y\n|-weather|SunnyDay|[from] ability: Drought|[of] p2a: Charizard\n|move|p2b: Venusaur|Sleep Powder|p1b: Krookodile\n|-status|p1b: Krookodile|slp|[from] move: Sleep Powder\n|cant|p1b: Krookodile|slp\n|move|p2a: Charizard|Weather Ball|p1a: Aerodactyl\n|-resisted|p1a: Aerodactyl|1\n|-damage|p1a: Aerodactyl|29/100\n|\n|-weather|SunnyDay|[upkeep]\n|upkeep\n|turn|2\n|\n|t:|1788309707\n|detailschange|p1a: Aerodactyl|Aerodactyl-Mega, L50, F\n|-mega|p1a: Aerodactyl|Aerodactyl|Aerodactylite\n|move|p2b: Venusaur|Weather Ball|p1a: Aerodactyl\n|-resisted|p1a: Aerodactyl|1\n|-damage|p1a: Aerodactyl|1/100\n|move|p1a: Aerodactyl|Dual Wingbeat|p2b: Venusaur\n|-supereffective|p2b: Venusaur|1\n|-damage|p2b: Venusaur|36/100\n|-supereffective|p2b: Venusaur|1\n|-damage|p2b: Venusaur|0 fnt\n|faint|p2b: Venusaur\n|-hitcount|p2: Venusaur|2\n|cant|p1b: Krookodile|slp\n|move|p2a: Charizard|Solar Beam||[still]\n|-prepare|p2a: Charizard|Solar Beam\n|-anim|p2a: Charizard|Solar Beam|p1b: Krookodile\n|-supereffective|p1b: Krookodile|1\n|-damage|p1b: Krookodile|0 fnt\n|faint|p1b: Krookodile\n|\n|-weather|SunnyDay|[upkeep]\n|upkeep\n|\n|t:|1788309716\n|switch|p1b: Kangaskhan|Kangaskhan, L50, F|100/100\n|switch|p2b: Sableye|Sableye, L50, F|100/100\n|turn|3\n|\n|t:|1788309732\n|move|p2a: Charizard|Protect|p2a: Charizard\n|-singleturn|p2a: Charizard|Protect\n|move|p1b: Kangaskhan|Fake Out|p2b: Sableye\n|-crit|p2b: Sableye\n|-damage|p2b: Sableye|69/100\n|cant|p2b: Sableye|flinch\n|move|p1a: Aerodactyl|Dual Wingbeat|p2b: Sableye\n|-damage|p2b: Sableye|42/100\n|-damage|p2b: Sableye|13/100\n|-hitcount|p2b: Sableye|2\n|\n|-weather|SunnyDay|[upkeep]\n|upkeep\n|turn|4\n|\n|t:|1788309763\n|move|p2a: Charizard|Protect||[still]\n|-fail|p2a: Charizard\n|move|p2b: Sableye|Will-O-Wisp|p1a: Aerodactyl\n|-status|p1a: Aerodactyl|brn\n|move|p1a: Aerodactyl|Rock Slide|p2a: Charizard|[spread] p2a,p2b\n|-supereffective|p2a: Charizard|2\n|-damage|p2a: Charizard|13/100\n|-damage|p2b: Sableye|0 fnt\n|faint|p2b: Sableye\n|move|p1b: Kangaskhan|Double-Edge|p2a: Charizard\n|-damage|p2a: Charizard|0 fnt\n|faint|p2a: Charizard\n|-damage|p1b: Kangaskhan|96/100|[from] Recoil\n|\n|-weather|SunnyDay|[upkeep]\n|-damage|p1a: Aerodactyl|0 fnt|[from] brn\n|faint|p1a: Aerodactyl\n|upkeep\n|\n|t:|1788309771\n|switch|p1a: Floette|Floette-Eternal, L50, F|100/100\n|switch|p2b: Alakazam|Alakazam, L50, M|100/100\n|turn|5\n|\n|t:|1788309778\n|move|p2b: Alakazam|Focus Blast|p1b: Kangaskhan|[miss]\n|-miss|p2b: Alakazam|p1b: Kangaskhan\n|move|p1a: Floette|Moonblast|p2b: Alakazam\n|-damage|p2b: Alakazam|30/100\n|move|p1b: Kangaskhan|Double-Edge|p2b: Alakazam\n|-damage|p2b: Alakazam|0 fnt\n|faint|p2b: Alakazam\n|-damage|p1b: Kangaskhan|89/100|[from] Recoil\n|\n|win|PKMNSGaming!\n||Donjozo is ready for game 2.\n","uploadtime":1788309784,"views":"2","formatid":"gen9championsvgc2026regmb","rating":null,"private":0,"password":null}