{"id":"gen9championsvgc2026regmb-2674559486","format":"[Gen 9 Champions] VGC 2026 Reg M-B","players":["slackerang","Clncy"],"log":"|j|☆slackerang\n|j|☆Clncy\n|t:|1788373913\n|gametype|doubles\n|player|p1|slackerang|rocketgrunt|1202\n|player|p2|Clncy|2|1263\n|gen|9\n|tier|[Gen 9 Champions] VGC 2026 Reg M-B\n|rated|\n|rule|Species Clause: Limit one of each Pokémon\n|rule|Item Clause: Limit 1 of each item\n|clearpoke\n|poke|p1|Gourgeist-Super, L50, M|\n|poke|p1|Goodra-Hisui, L50, M|\n|poke|p1|Tyranitar, L50, M, shiny|\n|poke|p1|Mawile, L50, F, shiny|\n|poke|p1|Sinistcha-Masterpiece, L50|\n|poke|p1|Azumarill, L50, M|\n|poke|p2|Talonflame, L50, M|\n|poke|p2|Gardevoir, L50, M|\n|poke|p2|Basculegion, L50, M|\n|poke|p2|Kingambit, L50, M|\n|poke|p2|Maushold-Four, L50|\n|poke|p2|Kommo-o, L50, M|\n|teampreview|4\n|inactive|Battle timer is ON: inactive players will automatically lose when time's up. (requested by Clncy)\n|inactive|slackerang has 60 seconds left.\n|inactive|Clncy has 60 seconds left.\nslackerang rejected open team sheets.\n|inactive|Clncy has 30 seconds left.\n|\n|t:|1788373978\n|teamsize|p1|4\n|teamsize|p2|4\n|start\n|switch|p1a: Gourgeist|Gourgeist-Super, L50, M|100/100\n|switch|p1b: Goodra|Goodra-Hisui, L50, M|100/100\n|switch|p2a: Talonflame|Talonflame, L50, M|100/100\n|switch|p2b: Basculegion|Basculegion, L50, M|100/100\n|-item|p2a: Talonflame|Sharp Beak|[from] ability: Frisk|[of] p1a: Gourgeist\n|-item|p2b: Basculegion|Choice Scarf|[from] ability: Frisk|[of] p1a: Gourgeist\n|turn|1\n|inactive|slackerang has 30 seconds left.\n|c|☆slackerang|this thing has TRICK\n|inactive|slackerang has 20 seconds left.\n|\n|t:|1788374015\n|move|p2a: Talonflame|Dual Wingbeat|p1a: Gourgeist\n|-supereffective|p1a: Gourgeist|1\n|-crit|p1a: Gourgeist\n|-damage|p1a: Gourgeist|58/100\n|-supereffective|p1a: Gourgeist|1\n|-damage|p1a: Gourgeist|30/100\n|-hitcount|p1a: Gourgeist|2\n|move|p2b: Basculegion|Last Respects|p1a: Gourgeist\n|-supereffective|p1a: Gourgeist|1\n|-damage|p1a: Gourgeist|0 fnt\n|faint|p1a: Gourgeist\n|move|p1b: Goodra|Shelter|p1b: Goodra\n|-boost|p1b: Goodra|def|2\n|\n|upkeep\n|\n|t:|1788374034\n|switch|p1a: Tyranitar|Tyranitar, L50, M, shiny|100/100\n|-weather|Sandstorm|[from] ability: Sand Stream|[of] p1a: Tyranitar\n|turn|2\n|\n|t:|1788374046\n|switch|p2b: Kommo-o|Kommo-o, L50, M|100/100\n|detailschange|p1a: Tyranitar|Tyranitar-Mega, L50, M, shiny\n|-mega|p1a: Tyranitar|Tyranitar|Tyranitarite\n|move|p2a: Talonflame|Tailwind|p2a: Talonflame\n|-sidestart|p2: Clncy|move: Tailwind\n|move|p1a: Tyranitar|Rock Slide|p2a: Talonflame|[spread] p2a,p2b\n|-supereffective|p2a: Talonflame|2\n|-resisted|p2b: Kommo-o|1\n|-damage|p2a: Talonflame|0 fnt\n|-damage|p2b: Kommo-o|86/100\n|faint|p2a: Talonflame\n|move|p1b: Goodra|Shelter|p1b: Goodra\n|-boost|p1b: Goodra|def|2\n|\n|-weather|Sandstorm|[upkeep]\n|-damage|p2b: Kommo-o|80/100|[from] Sandstorm\n|-heal|p2b: Kommo-o|86/100|[from] item: Leftovers\n|upkeep\n|\n|t:|1788374056\n|switch|p2a: Gardevoir|Gardevoir, L50, M|100/100\n|-ability|p2a: Gardevoir|Sap Sipper|Trace|[from] ability: Trace|[of] p1b: Goodra\n|turn|3\n|\n|t:|1788374069\n|detailschange|p2a: Gardevoir|Gardevoir-Mega, L50, M\n|-mega|p2a: Gardevoir|Gardevoir|Gardevoirite\n|move|p2a: Gardevoir|Hyper Voice|p1a: Tyranitar|[spread] p1a,p1b\n|-supereffective|p1a: Tyranitar|1\n|-damage|p1a: Tyranitar|56/100\n|-damage|p1b: Goodra|63/100\n|move|p2b: Kommo-o|Aura Sphere|p1b: Goodra\n|-supereffective|p1b: Goodra|1\n|-damage|p1b: Goodra|5/100\n|move|p1a: Tyranitar|Knock Off|p2b: Kommo-o\n|-resisted|p2b: Kommo-o|1\n|-damage|p2b: Kommo-o|63/100\n|-enditem|p2b: Kommo-o|Leftovers|[from] move: Knock Off|[of] p1a: Tyranitar\n|move|p1b: Goodra|Heavy Slam|p2a: Gardevoir\n|-supereffective|p2a: Gardevoir|1\n|-damage|p2a: Gardevoir|0 fnt\n|faint|p2a: Gardevoir\n|\n|-weather|Sandstorm|[upkeep]\n|-damage|p2b: Kommo-o|57/100|[from] Sandstorm\n|-heal|p1b: Goodra|11/100|[from] item: Leftovers\n|upkeep\n|\n|t:|1788374078\n|switch|p2a: Basculegion|Basculegion, L50, M|100/100\n|turn|4\n|\n|t:|1788374091\n|move|p1a: Tyranitar|Protect|p1a: Tyranitar\n|-singleturn|p1a: Tyranitar|Protect\n|move|p2a: Basculegion|Wave Crash|p1a: Tyranitar\n|-activate|p1a: Tyranitar|move: Protect\n|move|p2b: Kommo-o|Aura Sphere|p1b: Goodra\n|-supereffective|p1b: Goodra|1\n|-damage|p1b: Goodra|0 fnt\n|faint|p1b: Goodra\n|\n|-weather|Sandstorm|[upkeep]\n|-damage|p2a: Basculegion|93/100|[from] Sandstorm\n|-damage|p2b: Kommo-o|51/100|[from] Sandstorm\n|upkeep\n|\n|t:|1788374098\n|switch|p1b: Azumarill|Azumarill, L50, M|100/100\n|turn|5\n|\n|t:|1788374113\n|move|p2a: Basculegion|Wave Crash|p1b: Azumarill\n|-resisted|p1b: Azumarill|1\n|-damage|p1b: Azumarill|62/100\n|-damage|p2a: Basculegion|81/100|[from] Recoil\n|move|p2b: Kommo-o|Aura Sphere|p1a: Tyranitar\n|-supereffective|p1a: Tyranitar|2\n|-damage|p1a: Tyranitar|0 fnt\n|faint|p1a: Tyranitar\n|move|p1b: Azumarill|Play Rough|p2b: Kommo-o|[miss]\n|-miss|p1b: Azumarill|p2b: Kommo-o\n|\n|-weather|Sandstorm|[upkeep]\n|-damage|p2a: Basculegion|74/100|[from] Sandstorm\n|-damage|p2b: Kommo-o|45/100|[from] Sandstorm\n|-damage|p1b: Azumarill|56/100|[from] Sandstorm\n|-sideend|p2: Clncy|move: Tailwind\n|upkeep\n|turn|6\n|\n|t:|1788374135\n|move|p2a: Basculegion|Wave Crash|p1b: Azumarill\n|-resisted|p1b: Azumarill|1\n|-damage|p1b: Azumarill|14/100\n|-enditem|p1b: Azumarill|Sitrus Berry|[eat]\n|-heal|p1b: Azumarill|39/100|[from] item: Sitrus Berry\n|-damage|p2a: Basculegion|60/100|[from] Recoil\n|move|p2b: Kommo-o|Aura Sphere|p1b: Azumarill\n|-resisted|p1b: Azumarill|1\n|-damage|p1b: Azumarill|18/100\n|move|p1b: Azumarill|Play Rough|p2b: Kommo-o\n|-supereffective|p2b: Kommo-o|2\n|-damage|p2b: Kommo-o|0 fnt\n|faint|p2b: Kommo-o\n|\n|-weather|none\n|upkeep\n|turn|7\n|\n|t:|1788374151\n|move|p2a: Basculegion|Wave Crash|p1b: Azumarill\n|-resisted|p1b: Azumarill|1\n|-damage|p1b: Azumarill|0 fnt\n|faint|p1b: Azumarill\n|-damage|p2a: Basculegion|53/100|[from] Recoil\n|\n|win|Clncy\n|raw|slackerang's rating: 1202 &rarr; <strong>1181</strong><br />(-21 for losing)\n|raw|Clncy's rating: 1263 &rarr; <strong>1284</strong><br />(+21 for winning)\n","uploadtime":1788374158,"views":"0","formatid":"gen9championsvgc2026regmb","rating":1181,"private":0,"password":null}