{"id":"gen9championsvgc2026regmb-2674579455","format":"[Gen 9 Champions] VGC 2026 Reg M-B","players":["matheusmes","RinaldoTemp"],"log":"|j|☆matheusmes\n|j|‽RinaldoTemp\n|t:|1788376239\n|gametype|doubles\n|player|p1|matheusmes|2|\n|player|p2|RinaldoTemp|pilot|\n|gen|9\n|tier|[Gen 9 Champions] VGC 2026 Reg M-B\n|rule|Species Clause: Limit one of each Pokémon\n|rule|Item Clause: Limit 1 of each item\n|clearpoke\n|poke|p1|Weavile, L50, F|\n|poke|p1|Tsareena, L50, F|\n|poke|p1|Clawitzer, L50, F|\n|poke|p1|Trevenant, L50, M|\n|poke|p1|Dragalge, L50, M|\n|poke|p1|Emboar, L50, M|\n|poke|p2|Blastoise, L50, M|\n|poke|p2|Gengar, L50, M|\n|poke|p2|Blaziken, L50, M|\n|poke|p2|Ampharos, L50, M|\n|poke|p2|Meganium, L50, F|\n|poke|p2|Rampardos, L50, M, shiny|\n|teampreview|4\n|j| Vhplays\nmatheusmes rejected open team sheets.\n|\n|t:|1788376301\n|teamsize|p1|4\n|teamsize|p2|4\n|start\n|switch|p1a: HP Lovecat|Weavile, L50, F|100/100\n|switch|p1b: Camarão Prensado|Dragalge, L50, M|100/100\n|switch|p2a: Ampharos|Ampharos, L50, M|100/100\n|switch|p2b: Rampardos|Rampardos, L50, M, shiny|100/100\n|turn|1\n|j| shoklcs\n|\n|t:|1788376383\n|move|p2b: Rampardos|Protect|p2b: Rampardos\n|-singleturn|p2b: Rampardos|Protect\n|move|p1a: HP Lovecat|Fake Out|p2a: Ampharos\n|-damage|p2a: Ampharos|89/100\n|cant|p2a: Ampharos|flinch\n|move|p1b: Camarão Prensado|Draco Meteor|p2b: Rampardos\n|-activate|p2b: Rampardos|move: Protect\n|\n|upkeep\n|turn|2\n|\n|t:|1788376520\n|move|p1a: HP Lovecat|Triple Axel|p2b: Rampardos\n|-damage|p2b: Rampardos|86/100\n|-damage|p2b: Rampardos|59/100\n|-damage|p2b: Rampardos|22/100\n|-hitcount|p2b: Rampardos|3\n|move|p2b: Rampardos|Zen Headbutt|p1b: Camarão Prensado|[miss]\n|-miss|p2b: Rampardos|p1b: Camarão Prensado\n|move|p2a: Ampharos|Reflect|p2a: Ampharos\n|-sidestart|p2: RinaldoTemp|Reflect\n|move|p1b: Camarão Prensado|Flip Turn|p2b: Rampardos\n|-supereffective|p2b: Rampardos|1\n|-damage|p2b: Rampardos|0 fnt\n|faint|p2b: Rampardos\n|-damage|p1b: Camarão Prensado|90/100|[from] item: Life Orb\n|\n|t:|1788376544\n|switch|p1b: Rita Cadillac|Tsareena, L50, F|100/100|[from] Flip Turn\n|\n|upkeep\n|\n|t:|1788376582\n|switch|p2b: Blaziken|Blaziken, L50, M|100/100\n|turn|3\n|\n|t:|1788376639\n|move|p1a: HP Lovecat|Feint|p2b: Blaziken\n|-damage|p2b: Blaziken|91/100\n|move|p1b: Rita Cadillac|Zen Headbutt|p2b: Blaziken\n|-supereffective|p2b: Blaziken|1\n|-damage|p2b: Blaziken|50/100g\n|cant|p2b: Blaziken|flinch\n|move|p2a: Ampharos|Breaking Swipe|p1a: HP Lovecat|[spread] p1a,p1b\n|-damage|p1a: HP Lovecat|86/100\n|-damage|p1b: Rita Cadillac|90/100\n|-unboost|p1a: HP Lovecat|atk|1\n|-unboost|p1b: Rita Cadillac|atk|1\n|\n|-ability|p2b: Blaziken|Speed Boost|boost\n|-boost|p2b: Blaziken|spe|1\n|upkeep\n|turn|4\n|\n|t:|1788376699\n|move|p1a: HP Lovecat|Triple Axel|p2a: Ampharos\n|-damage|p2a: Ampharos|85/100\n|-status|p1a: HP Lovecat|par|[from] ability: Static|[of] p2a: Ampharos\n|-damage|p2a: Ampharos|78/100\n|-damage|p2a: Ampharos|67/100\n|-hitcount|p2a: Ampharos|3\n|move|p2b: Blaziken|Flare Blitz|p1a: HP Lovecat\n|-supereffective|p1a: HP Lovecat|1\n|-damage|p1a: HP Lovecat|0 fnt\n|faint|p1a: HP Lovecat\n|-damage|p2b: Blaziken|28/100|[from] Recoil\n|-enditem|p2b: Blaziken|Sitrus Berry|[eat]\n|-heal|p2b: Blaziken|52/100|[from] item: Sitrus Berry\n|move|p1b: Rita Cadillac|Zen Headbutt|p2b: Blaziken\n|-supereffective|p2b: Blaziken|1\n|-damage|p2b: Blaziken|24/100\n|move|p2a: Ampharos|Volt Switch|p1b: Rita Cadillac\n|-resisted|p1b: Rita Cadillac|1\n|-damage|p1b: Rita Cadillac|74/100\n|\n|t:|1788376716\n|switch|p2a: Blastoise|Blastoise, L50, M|100/100|[from] Volt Switch\n|\n|-ability|p2b: Blaziken|Speed Boost|boost\n|-boost|p2b: Blaziken|spe|1\n|upkeep\n|\n|t:|1788376737\n|switch|p1a: Camarão Prensado|Dragalge, L50, M|90/100\n|turn|5\n|\n|t:|1788376854\n|switch|p1b: Beico|Emboar, L50, M|100/100\n|detailschange|p2a: Blastoise|Blastoise-Mega, L50, M\n|-mega|p2a: Blastoise|Blastoise|Blastoisinite\n|move|p2b: Blaziken|Detect|p2b: Blaziken\n|-singleturn|p2b: Blaziken|Protect\n|move|p2a: Blastoise|Life Dew||[still]|[spread] p2a,p2b\n|-fail|p2a: Blastoise|heal\n|-heal|p2b: Blaziken|49/100\n|move|p1a: Camarão Prensado|Draco Meteor|p2a: Blastoise\n|-damage|p2a: Blastoise|25/100\n|-unboost|p1a: Camarão Prensado|spa|2\n|-damage|p1a: Camarão Prensado|80/100|[from] item: Life Orb\n|\n|-ability|p2b: Blaziken|Speed Boost|boost\n|-boost|p2b: Blaziken|spe|1\n|upkeep\n|turn|6\n|\n|t:|1788376922\n|switch|p1a: Rita Cadillac|Tsareena, L50, F|74/100\n|move|p2b: Blaziken|Bulk Up|p2b: Blaziken\n|-boost|p2b: Blaziken|atk|1\n|-boost|p2b: Blaziken|def|1\n|move|p1b: Beico|High Horsepower|p2b: Blaziken\n|-supereffective|p2b: Blaziken|1\n|-damage|p2b: Blaziken|11/100\n|move|p2a: Blastoise|Life Dew|p2a: Blastoise|[spread] p2a,p2b\n|-heal|p2a: Blastoise|50/100g\n|-heal|p2b: Blaziken|36/100\n|\n|-ability|p2b: Blaziken|Speed Boost|boost\n|-boost|p2b: Blaziken|spe|1\n|upkeep\n|turn|7\n|\n|t:|1788376979\n|switch|p2a: Ampharos|Ampharos, L50, M|67/100\n|move|p2b: Blaziken|Detect|p2b: Blaziken\n|-singleturn|p2b: Blaziken|Protect\n|move|p1b: Beico|High Horsepower|p2b: Blaziken\n|-activate|p2b: Blaziken|move: Protect\n|move|p1a: Rita Cadillac|Trop Kick|p2a: Ampharos\n|-damage|p2a: Ampharos|43/100\n|-unboost|p2a: Ampharos|atk|1\n|\n|-ability|p2b: Blaziken|Speed Boost|boost\n|-boost|p2b: Blaziken|spe|1\n|upkeep\n|turn|8\n|\n|t:|1788377058\n|move|p2b: Blaziken|Close Combat|p1b: Beico\n|-damage|p1b: Beico|0 fnt\n|-unboost|p2b: Blaziken|def|1\n|-unboost|p2b: Blaziken|spd|1\n|faint|p1b: Beico\n|move|p1a: Rita Cadillac|Zen Headbutt|p2b: Blaziken\n|-supereffective|p2b: Blaziken|1\n|-damage|p2b: Blaziken|0 fnt\n|faint|p2b: Blaziken\n|move|p2a: Ampharos|Breaking Swipe|p1a: Rita Cadillac\n|-damage|p1a: Rita Cadillac|66/100\n|-unboost|p1a: Rita Cadillac|atk|1\n|\n|upkeep\n|\n|t:|1788377073\n|switch|p1b: Camarão Prensado|Dragalge, L50, M|80/100\n|switch|p2b: Blastoise|Blastoise-Mega, L50, M|50/100g\n|turn|9\n|\n|t:|1788377170\n|move|p1a: Rita Cadillac|Trop Kick|p2a: Ampharos\n|-damage|p2a: Ampharos|27/100\n|-unboost|p2a: Ampharos|atk|1\n|-status|p1a: Rita Cadillac|par|[from] ability: Static|[of] p2a: Ampharos\n|move|p2b: Blastoise|Dragon Pulse|p1a: Rita Cadillac\n|-damage|p1a: Rita Cadillac|17/100 par\n|move|p2a: Ampharos|Eerie Impulse|p1b: Camarão Prensado\n|-unboost|p1b: Camarão Prensado|spa|2\n|move|p1b: Camarão Prensado|Sludge Bomb|p2a: Ampharos\n|-damage|p2a: Ampharos|0 fnt\n|faint|p2a: Ampharos\n|-damage|p1b: Camarão Prensado|70/100|[from] item: Life Orb\n|\n|-sideend|p2: RinaldoTemp|Reflect\n|upkeep\n|turn|10\n|l| Vhplays\n|j| Vhplays\n|\n|t:|1788377223\n|move|p2b: Blastoise|Dragon Pulse|p1a: Rita Cadillac\n|-damage|p1a: Rita Cadillac|0 fnt\n|faint|p1a: Rita Cadillac\n|move|p1b: Camarão Prensado|Draco Meteor|p2b: Blastoise|[miss]\n|-miss|p1b: Camarão Prensado|p2b: Blastoise\n|\n|upkeep\n|turn|11\n|j| victorjls21\n|c| victorjls21|brutal\n|\n|t:|1788377271\n|move|p2b: Blastoise|Dragon Pulse|p1b: Camarão Prensado\n|-supereffective|p1b: Camarão Prensado|1\n|-damage|p1b: Camarão Prensado|9/100\n|move|p1b: Camarão Prensado|Draco Meteor|p2b: Blastoise\n|-damage|p2b: Blastoise|10/100\n|-unboost|p1b: Camarão Prensado|spa|2\n|-damage|p1b: Camarão Prensado|0 fnt|[from] item: Life Orb\n|faint|p1b: Camarão Prensado\n|\n|win|RinaldoTemp\n","uploadtime":1788377281,"views":"17","formatid":"gen9championsvgc2026regmb","rating":null,"private":0,"password":null}