{"id":"gen9championsvgc2026regmb-2674251858","format":"[Gen 9 Champions] VGC 2026 Reg M-B","players":["thundertuna","Ill Will the 1st"],"log":"|j|☆thundertuna\n|j|☆Ill Will the 1st\n|t:|1788323734\n|gametype|doubles\n|player|p1|thundertuna|170|1171\n|player|p2|Ill Will the 1st|hooligans|1096\n|gen|9\n|tier|[Gen 9 Champions] VGC 2026 Reg M-B\n|rated|\n|rule|Species Clause: Limit one of each Pokémon\n|rule|Item Clause: Limit 1 of each item\n|clearpoke\n|poke|p1|Swampert, L50, F|\n|poke|p1|Pelipper, L50, F|\n|poke|p1|Archaludon, L50, M|\n|poke|p1|Sableye, L50, F|\n|poke|p1|Sinistcha, L50|\n|poke|p1|Basculegion, L50, M|\n|poke|p2|Raichu, L50, M|\n|poke|p2|Incineroar, L50, M|\n|poke|p2|Sinistcha-Masterpiece, L50|\n|poke|p2|Sneasler, L50, M|\n|poke|p2|Ditto, L50|\n|poke|p2|Whimsicott, L50, M|\n|teampreview|4\n|inactive|Battle timer is ON: inactive players will automatically lose when time's up. (requested by thundertuna)\n|\n|t:|1788323779\n|teamsize|p1|4\n|teamsize|p2|4\n|start\n|switch|p1a: Pelipper|Pelipper, L50, F|100/100\n|switch|p1b: Archaludon|Archaludon, L50, M|100/100\n|switch|p2a: plagg|Incineroar, L50, M|100/100\n|switch|p2b: Raichu|Raichu, L50, M|100/100\n|-weather|RainDance|[from] ability: Drizzle|[of] p1a: Pelipper\n|-ability|p2a: plagg|Intimidate|boost\n|-unboost|p1a: Pelipper|atk|1\n|-unboost|p1b: Archaludon|atk|1\n|turn|1\n|inactive|thundertuna has 30 seconds left.\n|\n|t:|1788323809\n|switch|p1a: Swampert|Swampert, L50, F|100/100\n|detailschange|p2b: Raichu|Raichu-Mega-Y, L50, M\n|-mega|p2b: Raichu|Raichu|Raichunite Y\n|move|p2a: plagg|Fake Out|p1b: Archaludon\n|-resisted|p1b: Archaludon|1\n|-damage|p1b: Archaludon|95/100\n|-ability|p1b: Archaludon|Stamina|boost\n|-boost|p1b: Archaludon|def|1\n|move|p2b: Raichu|Zap Cannon|p1a: Swampert\n|-immune|p1a: Swampert\n|cant|p1b: Archaludon|flinch\n|\n|-weather|RainDance|[upkeep]\n|-heal|p1b: Archaludon|100/100|[from] item: Leftovers\n|upkeep\n|turn|2\n|inactive|thundertuna has 30 seconds left.\n|\n|t:|1788323836\n|switch|p2a: wayzz|Sinistcha-Masterpiece, L50|100/100\n|detailschange|p1a: Swampert|Swampert-Mega, L50, F\n|-mega|p1a: Swampert|Swampert|Swampertite\n|move|p1a: Swampert|Protect|p1a: Swampert\n|-singleturn|p1a: Swampert|Protect\n|move|p2b: Raichu|Protect|p2b: Raichu\n|-singleturn|p2b: Raichu|Protect\n|move|p1b: Archaludon|Aura Sphere|p2a: wayzz\n|-immune|p2a: wayzz\n|\n|-weather|RainDance|[upkeep]\n|upkeep\n|turn|3\n|inactive|thundertuna has 30 seconds left.\n|inactive|thundertuna has 20 seconds left.\n|inactive|Ill Will the 1st has 30 seconds left.\n|inactive|thundertuna has 15 seconds left.\n|inactive|Ill Will the 1st has 20 seconds left.\n|inactive|Ill Will the 1st has 15 seconds left.\n|\n|t:|1788323889\n|move|p2a: wayzz|Rage Powder|p2a: wayzz\n|-singleturn|p2a: wayzz|move: Rage Powder\n|move|p1a: Swampert|Rock Slide|p2b: Raichu|[spread] p2a,p2b\n|-damage|p2a: wayzz|82/100\n|-damage|p2b: Raichu|56/100\n|move|p2b: Raichu|Focus Blast|p1b: Archaludon\n|-supereffective|p1b: Archaludon|1\n|-damage|p1b: Archaludon|6/100\n|-ability|p1b: Archaludon|Stamina|boost\n|-boost|p1b: Archaludon|def|1\n|move|p1b: Archaludon|Electro Shot||[still]\n|-prepare|p1b: Archaludon|Electro Shot\n|-boost|p1b: Archaludon|spa|1\n|-anim|p1b: Archaludon|Electro Shot|p2a: wayzz\n|-resisted|p2a: wayzz|1\n|-damage|p2a: wayzz|40/100\n|\n|-weather|RainDance|[upkeep]\n|-heal|p1b: Archaludon|12/100|[from] item: Leftovers\n|upkeep\n|turn|4\n|\n|t:|1788323910\n|move|p2b: Raichu|Protect|p2b: Raichu\n|-singleturn|p2b: Raichu|Protect\n|move|p1a: Swampert|Rock Slide|p2b: Raichu|[spread] p2a\n|-activate|p2b: Raichu|move: Protect\n|-damage|p2a: wayzz|21/100\n|move|p1b: Archaludon|Dark Pulse|p2a: wayzz\n|-supereffective|p2a: wayzz|1\n|-damage|p2a: wayzz|0 fnt\n|faint|p2a: wayzz\n|\n|-weather|RainDance|[upkeep]\n|-heal|p1b: Archaludon|18/100|[from] item: Leftovers\n|upkeep\n|\n|t:|1788323924\n|switch|p2a: plagg|Incineroar, L50, M|100/100\n|-ability|p2a: plagg|Intimidate|boost\n|-unboost|p1a: Swampert|atk|1\n|-unboost|p1b: Archaludon|atk|1\n|turn|5\n|\n|t:|1788323947\n|switch|p1a: Basculegion|Basculegion, L50, M|100/100\n|move|p2a: plagg|Fake Out|p1a: Basculegion\n|-immune|p1a: Basculegion\n|move|p2b: Raichu|Focus Blast|p1b: Archaludon\n|-supereffective|p1b: Archaludon|1\n|-damage|p1b: Archaludon|0 fnt\n|faint|p1b: Archaludon\n|\n|-weather|none\n|upkeep\n|\n|t:|1788323957\n|switch|p1b: Pelipper|Pelipper, L50, F|100/100\n|-weather|RainDance|[from] ability: Drizzle|[of] p1b: Pelipper\n|turn|6\n|\n|t:|1788323970\n|switch|p1b: Swampert|Swampert-Mega, L50, F|100/100\n|switch|p2a: Whimsicott|Whimsicott, L50, M|100/100\n|move|p2b: Raichu|Protect|p2b: Raichu\n|-singleturn|p2b: Raichu|Protect\n|move|p1a: Basculegion|Last Respects|p2b: Raichu\n|-activate|p2b: Raichu|move: Protect\n|\n|-weather|RainDance|[upkeep]\n|upkeep\n|turn|7\n|\n|t:|1788323987\n|switch|p1b: Pelipper|Pelipper, L50, F|100/100\n|move|p2a: Whimsicott|Sunny Day|p2a: Whimsicott\n|-weather|SunnyDay\n|move|p2b: Raichu|Zap Cannon|p1a: Basculegion\n|-supereffective|p1a: Basculegion|1\n|-damage|p1a: Basculegion|0 fnt\n|faint|p1a: Basculegion\n|\n|-weather|SunnyDay|[upkeep]\n|upkeep\n|\n|t:|1788323996\n|switch|p1a: Swampert|Swampert-Mega, L50, F|100/100\n|turn|8\n|\n|t:|1788324006\n|switch|p2a: plagg|Incineroar, L50, M|100/100\n|-ability|p2a: plagg|Intimidate|boost\n|-unboost|p1a: Swampert|atk|1\n|-unboost|p1b: Pelipper|atk|1\n|move|p2b: Raichu|Zap Cannon|p1b: Pelipper\n|-supereffective|p1b: Pelipper|2\n|-damage|p1b: Pelipper|0 fnt\n|faint|p1b: Pelipper\n|move|p1a: Swampert|Rock Slide|p2a: plagg|[spread] p2a,p2b\n|-supereffective|p2a: plagg|1\n|-damage|p2a: plagg|72/100\n|-damage|p2b: Raichu|27/100\n|\n|-weather|SunnyDay|[upkeep]\n|upkeep\n|turn|9\n|\n|t:|1788324019\n|move|p2a: plagg|Fake Out|p1a: Swampert\n|-damage|p1a: Swampert|90/100\n|move|p2b: Raichu|Focus Blast|p1a: Swampert\n|-crit|p1a: Swampert\n|-damage|p1a: Swampert|15/100\n|cant|p1a: Swampert|flinch\n|\n|-weather|SunnyDay|[upkeep]\n|upkeep\n|turn|10\n|\n|t:|1788324027\n|move|p2b: Raichu|Focus Blast|p1a: Swampert\n|-damage|p1a: Swampert|0 fnt\n|faint|p1a: Swampert\n|\n|win|Ill Will the 1st\n|raw|thundertuna's rating: 1171 &rarr; <strong>1141</strong><br />(-30 for losing)\n|raw|Ill Will the 1st's rating: 1096 &rarr; <strong>1127</strong><br />(+31 for winning)\n|l|☆thundertuna\n|player|p1|\n|c|☆Ill Will the 1st|surprise sunny day\n","uploadtime":1788324041,"views":"7","formatid":"gen9championsvgc2026regmb","rating":1127,"private":0,"password":null}