{"id":"gen9championsvgc2026regmb-2674003168","format":"[Gen 9 Champions] VGC 2026 Reg M-B","players":["KogaAF1219","Ind0mitableWillVGC"],"log":"|j|☆KogaAF1219\n|j|☆Ind0mitableWillVGC\n|t:|1788287020\n|gametype|doubles\n|player|p1|KogaAF1219|266|1415\n|player|p2|Ind0mitableWillVGC|sada|1472\n|gen|9\n|tier|[Gen 9 Champions] VGC 2026 Reg M-B\n|rated|\n|rule|Species Clause: Limit one of each Pokémon\n|rule|Item Clause: Limit 1 of each item\n|clearpoke\n|poke|p1|Raichu, L50, F|\n|poke|p1|Farigiraf, L50, F|\n|poke|p1|Torkoal, L50, M|\n|poke|p1|Venusaur, L50, F|\n|poke|p1|Staraptor, L50, F|\n|poke|p1|Ceruledge, L50, M|\n|poke|p2|Dragonite, L50, M|\n|poke|p2|Floette-Eternal, L50, F|\n|poke|p2|Sneasler, L50, F|\n|poke|p2|Kingambit, L50, F|\n|poke|p2|Basculegion, L50, M|\n|poke|p2|Garchomp, L50, F|\n|teampreview|4\n|\n|t:|1788287057\n|teamsize|p1|4\n|teamsize|p2|4\n|start\n|switch|p1a: Venusaur|Venusaur, L50, F|100/100\n|switch|p1b: Torkoal|Torkoal, L50, M|100/100\n|switch|p2a: Dragonite|Dragonite, L50, M|100/100\n|switch|p2b: Sneasler|Sneasler, L50, F|100/100\n|-weather|SunnyDay|[from] ability: Drought|[of] p1b: Torkoal\n|turn|1\n|\n|t:|1788287065\n|switch|p1a: Farigiraf|Farigiraf, L50, F|100/100\n|detailschange|p2a: Dragonite|Dragonite-Mega, L50, M\n|-mega|p2a: Dragonite|Dragonite|Dragoninite\n|move|p2b: Sneasler|Fake Out||[still]\n|cant|p1a: Farigiraf|ability: Armor Tail|Fake Out|[of] p2b: Sneasler\n|move|p2a: Dragonite|Dragon Pulse|p1b: Torkoal\n|-damage|p1b: Torkoal|28/100\n|move|p1b: Torkoal|Earth Power|p2b: Sneasler\n|-supereffective|p2b: Sneasler|1\n|-damage|p2b: Sneasler|24/100\n|\n|-weather|SunnyDay|[upkeep]\n|upkeep\n|turn|2\n|\n|t:|1788287083\n|move|p2b: Sneasler|Close Combat|p1a: Farigiraf\n|-damage|p1a: Farigiraf|40/100\n|-unboost|p2b: Sneasler|def|1\n|-unboost|p2b: Sneasler|spd|1\n|move|p2a: Dragonite|Dragon Pulse|p1a: Farigiraf\n|-damage|p1a: Farigiraf|0 fnt\n|faint|p1a: Farigiraf\n|move|p1b: Torkoal|Heat Wave|p2b: Sneasler|[spread] p2a\n|-miss|p1b: Torkoal|p2b: Sneasler\n|-resisted|p2a: Dragonite|1\n|-damage|p2a: Dragonite|89/100\n|\n|-weather|SunnyDay|[upkeep]\n|upkeep\n|\n|t:|1788287092\n|switch|p1a: Ceruledge|Ceruledge, L50, M|100/100\n|turn|3\n|inactive|Battle timer is ON: inactive players will automatically lose when time's up. (requested by KogaAF1219)\n|\n|t:|1788287104\n|move|p2b: Sneasler|Feint|p1b: Torkoal\n|-damage|p1b: Torkoal|20/100y\n|move|p1a: Ceruledge|Shadow Sneak|p2b: Sneasler\n|-damage|p2b: Sneasler|0 fnt\n|faint|p2b: Sneasler\n|move|p2a: Dragonite|Dragon Pulse|p1b: Torkoal\n|-damage|p1b: Torkoal|0 fnt\n|faint|p1b: Torkoal\n|\n|-weather|SunnyDay|[upkeep]\n|upkeep\n|\n|t:|1788287116\n|switch|p2b: Kingambit|Kingambit, L50, F|100/100\n|switch|p1b: Venusaur|Venusaur, L50, F|100/100\n|turn|4\n|\n|t:|1788287127\n|detailschange|p1b: Venusaur|Venusaur-Mega, L50, F\n|-mega|p1b: Venusaur|Venusaur|Venusaurite\n|move|p2b: Kingambit|Sucker Punch|p1a: Ceruledge\n|-supereffective|p1a: Ceruledge|1\n|-damage|p1a: Ceruledge|7/100\n|move|p2a: Dragonite|Heat Wave|p1b: Venusaur|[spread] p1b\n|-start|p1a: Ceruledge|ability: Flash Fire\n|-supereffective|p1b: Venusaur|1\n|-damage|p1b: Venusaur|62/100\n|move|p1b: Venusaur|Sludge Bomb|p2a: Dragonite\n|-damage|p2a: Dragonite|52/100\n|-status|p2a: Dragonite|psn\n|move|p1a: Ceruledge|Bitter Blade|p2b: Kingambit\n|-supereffective|p2b: Kingambit|1\n|-damage|p2b: Kingambit|0 fnt\n|-heal|p1a: Ceruledge|64/100|[from] drain|[of] p2b: Kingambit\n|faint|p2b: Kingambit\n|\n|-weather|SunnyDay|[upkeep]\n|-damage|p2a: Dragonite|39/100 psn|[from] psn\n|upkeep\n|\n|t:|1788287136\n|switch|p2b: Basculegion|Basculegion, L50, M|100/100\n|turn|5\n|\n|t:|1788287146\n|move|p1a: Ceruledge|Protect|p1a: Ceruledge\n|-singleturn|p1a: Ceruledge|Protect\n|move|p2b: Basculegion|Aqua Jet|p1a: Ceruledge\n|-activate|p1a: Ceruledge|move: Protect\n|move|p2a: Dragonite|Dragon Pulse|p1b: Venusaur\n|-damage|p1b: Venusaur|17/100\n|move|p1b: Venusaur|Giga Drain|p2b: Basculegion\n|-supereffective|p2b: Basculegion|1\n|-damage|p2b: Basculegion|0 fnt\n|-heal|p1b: Venusaur|70/100|[from] drain|[of] p2b: Basculegion\n|faint|p2b: Basculegion\n|\n|-weather|none\n|-damage|p2a: Dragonite|27/100 psn|[from] psn\n|upkeep\n|turn|6\n|-message|Ind0mitableWillVGC forfeited.\n|\n|win|KogaAF1219\n|raw|KogaAF1219's rating: 1415 &rarr; <strong>1438</strong><br />(+23 for winning)\n|raw|Ind0mitableWillVGC's rating: 1472 &rarr; <strong>1449</strong><br />(-23 for losing)\n|l|☆Ind0mitableWillVGC\n|player|p2|\n","uploadtime":1788287158,"views":"10","formatid":"gen9championsvgc2026regmb","rating":1438,"private":0,"password":null}