{"id":"gen9championsvgc2026regmbbo3-2673481518","format":"[Gen 9 Champions] VGC 2026 Reg M-B (Bo3)","players":["Lucidificadora2","shibikanon"],"log":"|j|☆Lucidificadora2\n|j|☆shibikanon\n|html|<table width=\"100%\"><tr><td align=\"left\">Lucidificadora2</td><td align=\"right\">shibikanon</tr><tr><td align=\"left\"><i class=\"fa fa-circle-o\"></i> <i class=\"fa fa-circle-o\"></i> </td><td align=\"right\"><i class=\"fa fa-circle-o\"></i> <i class=\"fa fa-circle-o\"></i> </tr></table>\n|uhtml|bestof|<h2><strong>Game 1</strong> of <a href=\"/game-bestof3-gen9championsvgc2026regmbbo3-2673481517\">a best-of-3</a></h2>\n|t:|1788203004\n|gametype|doubles\n|player|p1|Lucidificadora2|rosa|1030\n|player|p2|shibikanon|skyla-masters3|1000\n|gen|9\n|tier|[Gen 9 Champions] VGC 2026 Reg M-B (Bo3)\n|rated|\n|rule|Species Clause: Limit one of each Pokémon\n|rule|Item Clause: Limit 1 of each item\n|clearpoke\n|poke|p1|Mawile, L50, F|\n|poke|p1|Alcremie, L50, F|\n|poke|p1|Farigiraf, L50, F|\n|poke|p1|Araquanid, L50, F|\n|poke|p1|Kingambit, L50, F|\n|poke|p1|Sneasler, L50, M|\n|poke|p2|Blaziken, L50, F|\n|poke|p2|Froslass, L50, F|\n|poke|p2|Kingambit, L50, M|\n|poke|p2|Dragonite, L50, M|\n|poke|p2|Basculegion, L50, M|\n|poke|p2|Sneasler, L50, M|\n|teampreview|4\n|showteam|p1|Mawile||Mawilite|HyperCutter|PlayRough,SuckerPunch,Protect,PsychicFangs|Adamant||F|||50|]Alcremie||FocusSash|SweetVeil|Protect,Decorate,PainSplit,Encore|Calm||F|||50|]Farigiraf||SitrusBerry|ArmorTail|DazzlingGleam,TrickRoom,Psychic,HelpingHand|Quiet||F|||50|]Araquanid||Leftovers|WaterBubble|WideGuard,Liquidation,Lunge,Protect|Adamant||F|||50|]Kingambit||BlackGlasses|Defiant|SuckerPunch,Protect,KowtowCleave,IronHead|Adamant||F|||50|]Sneasler||WhiteHerb|PoisonTouch|DireClaw,FakeOut,Protect,CloseCombat|Jolly||M|||50|\n|showteam|p2|Blaziken||Blazikenite|SpeedBoost|CloseCombat,FlareBlitz,RockSlide,Detect|Adamant||F|||50|]Froslass||Froslassite|SnowCloak|Blizzard,ShadowBall,AuroraVeil,Protect|Modest||F|||50|]Kingambit||LifeOrb|Defiant|KowtowCleave,SuckerPunch,SwordsDance,Protect|Adamant||M|||50|]Dragonite||DragonFang|InnerFocus|DragonClaw,LowKick,ExtremeSpeed,Protect|Adamant||M|||50|]Basculegion||SitrusBerry|Adaptability|WaveCrash,LastRespects,AquaJet,Protect|Adamant||M|||50|]Sneasler||FocusSash|PoisonTouch|CloseCombat,PoisonJab,FakeOut,Protect|Jolly||M|||50|\n|inactive|Battle timer is ON: inactive players will automatically lose when time's up. (requested by shibikanon)\n|inactive|shibikanon has 60 seconds left.\n|\n|t:|1788203049\n|teamsize|p1|4\n|teamsize|p2|4\n|start\n|switch|p1a: Farigiraf|Farigiraf, L50, F|100/100\n|switch|p1b: Sneasler|Sneasler, L50, M|100/100\n|switch|p2a: Kingambit|Kingambit, L50, M|100/100\n|switch|p2b: Basculegion|Basculegion, L50, M|100/100\n|turn|1\n|\n|t:|1788203074\n|move|p2a: Kingambit|Protect|p2a: Kingambit\n|-singleturn|p2a: Kingambit|Protect\n|move|p1b: Sneasler|Close Combat|p2a: Kingambit\n|-activate|p2a: Kingambit|move: Protect\n|move|p2b: Basculegion|Wave Crash|p1a: Farigiraf\n|-damage|p1a: Farigiraf|17/100\n|-enditem|p1a: Farigiraf|Sitrus Berry|[eat]\n|-heal|p1a: Farigiraf|41/100|[from] item: Sitrus Berry\n|-damage|p2b: Basculegion|71/100|[from] Recoil\n|move|p1a: Farigiraf|Trick Room|p1a: Farigiraf\n|-fieldstart|move: Trick Room|[of] p1a: Farigiraf\n|\n|upkeep\n|turn|2\n|\n|t:|1788203093\n|move|p1a: Farigiraf|Helping Hand|p1b: Sneasler\n|-singleturn|p1b: Sneasler|Helping Hand|[of] p1a: Farigiraf\n|move|p2a: Kingambit|Kowtow Cleave|p1a: Farigiraf\n|-supereffective|p1a: Farigiraf|1\n|-damage|p1a: Farigiraf|0 fnt\n|faint|p1a: Farigiraf\n|-damage|p2a: Kingambit|90/100|[from] item: Life Orb\n|move|p2b: Basculegion|Wave Crash|p1b: Sneasler\n|-damage|p1b: Sneasler|0 fnt\n|faint|p1b: Sneasler\n|-damage|p2b: Basculegion|47/100|[from] Recoil\n|-enditem|p2b: Basculegion|Sitrus Berry|[eat]\n|-heal|p2b: Basculegion|72/100|[from] item: Sitrus Berry\n|\n|upkeep\n|\n|t:|1788203107\n|switch|p1a: Mawile|Mawile, L50, F|100/100\n|switch|p1b: Alcremie|Alcremie, L50, F|100/100\n|turn|3\n|inactive|Lucidificadora2 has 30 seconds left.\n|\n|t:|1788203136\n|switch|p2b: Dragonite|Dragonite, L50, M|100/100\n|detailschange|p1a: Mawile|Mawile-Mega, L50, F\n|-mega|p1a: Mawile|Mawile|Mawilite\n|move|p1a: Mawile|Protect|p1a: Mawile\n|-singleturn|p1a: Mawile|Protect\n|move|p2a: Kingambit|Kowtow Cleave|p1b: Alcremie\n|-resisted|p1b: Alcremie|1\n|-damage|p1b: Alcremie|59/100\n|-damage|p2a: Kingambit|80/100|[from] item: Life Orb\n|move|p1b: Alcremie|Decorate|p1a: Mawile\n|-boost|p1a: Mawile|atk|2\n|-boost|p1a: Mawile|spa|2\n|\n|upkeep\n|turn|4\n|inactive|Lucidificadora2 has 30 seconds left.\n|inactive|Lucidificadora2 has 20 seconds left.\n|\n|t:|1788203174\n|move|p2b: Dragonite|Extreme Speed|p1b: Alcremie\n|-damage|p1b: Alcremie|20/100y\n|move|p1a: Mawile|Play Rough|p2a: Kingambit\n|-damage|p2a: Kingambit|0 fnt\n|faint|p2a: Kingambit\n|move|p1b: Alcremie|Pain Split|p2b: Dragonite\n|-sethp|p2b: Dragonite|60/100|[from] move: Pain Split|[silent]\n|-sethp|p1b: Alcremie|58/100|[from] move: Pain Split\n|\n|upkeep\n|\n|t:|1788203185\n|switch|p2a: Blaziken|Blaziken, L50, F|100/100\n|turn|5\n|\n|t:|1788203200\n|move|p2a: Blaziken|Detect|p2a: Blaziken\n|-singleturn|p2a: Blaziken|Protect\n|move|p2b: Dragonite|Extreme Speed|p1b: Alcremie\n|-damage|p1b: Alcremie|19/100\n|move|p1a: Mawile|Play Rough|p2b: Dragonite\n|-supereffective|p2b: Dragonite|1\n|-damage|p2b: Dragonite|0 fnt\n|faint|p2b: Dragonite\n|move|p1b: Alcremie|Decorate|p1a: Mawile\n|-boost|p1a: Mawile|atk|2\n|-boost|p1a: Mawile|spa|2\n|\n|-fieldend|move: Trick Room\n|-ability|p2a: Blaziken|Speed Boost|boost\n|-boost|p2a: Blaziken|spe|1\n|upkeep\n|\n|t:|1788203208\n|switch|p2b: Basculegion|Basculegion, L50, M|72/100\n|turn|6\n|\n|t:|1788203233\n|detailschange|p2a: Blaziken|Blaziken-Mega, L50, F\n|-mega|p2a: Blaziken|Blaziken|Blazikenite\n|move|p1b: Alcremie|Protect|p1b: Alcremie\n|-singleturn|p1b: Alcremie|Protect\n|move|p2b: Basculegion|Aqua Jet|p1b: Alcremie\n|-activate|p1b: Alcremie|move: Protect\n|move|p1a: Mawile|Sucker Punch|p2a: Blaziken\n|-resisted|p2a: Blaziken|1\n|-damage|p2a: Blaziken|7/100\n|move|p2a: Blaziken|Flare Blitz|p1a: Mawile\n|-supereffective|p1a: Mawile|1\n|-damage|p1a: Mawile|0 fnt\n|faint|p1a: Mawile\n|-damage|p2a: Blaziken|0 fnt|[from] Recoil\n|faint|p2a: Blaziken\n|\n|upkeep\n|turn|7\n|inactive|Lucidificadora2 has 30 seconds left.\n|inactive|Lucidificadora2 has 20 seconds left.\n|inactive|Lucidificadora2 has 15 seconds left.\n|\n|t:|1788203274\n|move|p1b: Alcremie|Protect||[still]\n|-fail|p1b: Alcremie\n|move|p2b: Basculegion|Last Respects|p1b: Alcremie\n|-damage|p1b: Alcremie|0 fnt\n|faint|p1b: Alcremie\n|\n|win|shibikanon\n","uploadtime":1788203278,"views":"6","formatid":"gen9championsvgc2026regmbbo3","rating":null,"private":0,"password":null}