{"id":"gen9championsvgc2026regmb-2673936936","format":"[Gen 9 Champions] VGC 2026 Reg M-B","players":["victory_star2","prealpha7"],"log":"|j|☆victory_star2\n|j|☆prealpha7\n|t:|1788279275\n|gametype|doubles\n|player|p1|victory_star2|101|1300\n|player|p2|prealpha7|ghetsis|1213\n|gen|9\n|tier|[Gen 9 Champions] VGC 2026 Reg M-B\n|rated|\n|rule|Species Clause: Limit one of each Pokémon\n|rule|Item Clause: Limit 1 of each item\n|clearpoke\n|poke|p1|Raichu, L50, F|\n|poke|p1|Rotom-Frost, L50|\n|poke|p1|Ninetales-Alola, L50, F|\n|poke|p1|Farigiraf, L50, F|\n|poke|p1|Froslass, L50, F|\n|poke|p1|Arcanine-Hisui, L50, M|\n|poke|p2|Charizard, L50, M|\n|poke|p2|Venusaur, L50, M|\n|poke|p2|Pelipper, L50, M|\n|poke|p2|Archaludon, L50, M|\n|poke|p2|Grimmsnarl, L50, M|\n|poke|p2|Swampert, L50, M|\n|teampreview|4\n|inactive|Battle timer is ON: inactive players will automatically lose when time's up. (requested by victory_star2)\n|inactive|victory_star2 has 60 seconds left.\n|inactive|victory_star2 has 30 seconds left.\n|inactive|prealpha7 has 60 seconds left.\n|inactive|victory_star2 has 20 seconds left.\n|inactive|victory_star2 has 15 seconds left.\n|inactive|victory_star2 has 10 seconds left.\n|inactive|victory_star2 has 5 seconds left.\n|\n|t:|1788279366\n|teamsize|p1|4\n|teamsize|p2|4\n|start\n|switch|p1a: Raichu|Raichu, L50, F|100/100\n|switch|p1b: Rotom|Rotom-Frost, L50|100/100\n|switch|p2a: Charizard|Charizard, L50, M|100/100\n|switch|p2b: Venusaur|Venusaur, L50, M|100/100\n|turn|1\n|inactive|victory_star2 has 30 seconds left.\n|\n|t:|1788279397\n|detailschange|p1a: Raichu|Raichu-Mega-X, L50, F\n|-mega|p1a: Raichu|Raichu|Raichunite X\n|-fieldstart|move: Electric Terrain|[from] ability: Electric Surge|[of] p1a: Raichu\n|detailschange|p2a: Charizard|Charizard-Mega-Y, L50, M\n|-mega|p2a: Charizard|Charizard|Charizardite Y\n|-weather|SunnyDay|[from] ability: Drought|[of] p2a: Charizard\n|move|p1a: Raichu|Fake Out|p2b: Venusaur\n|-damage|p2b: Venusaur|80/100\n|cant|p2b: Venusaur|flinch\n|move|p1b: Rotom|Electroweb|p2b: Venusaur|[spread] p2a,p2b\n|-supereffective|p2a: Charizard|1\n|-resisted|p2b: Venusaur|1\n|-damage|p2a: Charizard|64/100\n|-damage|p2b: Venusaur|69/100\n|-unboost|p2a: Charizard|spe|1\n|-unboost|p2b: Venusaur|spe|1\n|move|p2a: Charizard|Heat Wave|p1b: Rotom|[spread] p1a,p1b\n|-supereffective|p1b: Rotom|1\n|-damage|p1a: Raichu|24/100\n|-damage|p1b: Rotom|0 fnt\n|faint|p1b: Rotom\n|\n|-weather|SunnyDay|[upkeep]\n|upkeep\n|\n|t:|1788279420\n|switch|p1b: Ninetales|Ninetales-Alola, L50, F|100/100\n|-weather|Snowscape|[from] ability: Snow Warning|[of] p1b: Ninetales\n|turn|2\n|\n|t:|1788279442\n|switch|p2a: Pelipper|Pelipper, L50, M|100/100\n|-weather|RainDance|[from] ability: Drizzle|[of] p2a: Pelipper\n|switch|p2b: Archaludon|Archaludon, L50, M|100/100\n|move|p1a: Raichu|Volt Switch|p2a: Pelipper\n|-supereffective|p2a: Pelipper|2\n|-damage|p2a: Pelipper|0 fnt\n|faint|p2a: Pelipper\n|\n|t:|1788279454\n|switch|p1a: Farigiraf|Farigiraf, L50, F|100/100|[from] Volt Switch\n|move|p1b: Ninetales|Blizzard|p2b: Archaludon|[miss]\n|-miss|p1b: Ninetales|p2b: Archaludon\n|\n|-weather|RainDance|[upkeep]\n|upkeep\n|\n|t:|1788279463\n|switch|p2a: Venusaur|Venusaur, L50, M|69/100\n|turn|3\n|\n|t:|1788279484\n|move|p1b: Ninetales|Protect|p1b: Ninetales\n|-singleturn|p1b: Ninetales|Protect\n|move|p2a: Venusaur|Sleep Powder|p1a: Farigiraf\n|-activate|p1a: Farigiraf|move: Electric Terrain\n|move|p2b: Archaludon|Electro Shot||[still]\n|-prepare|p2b: Archaludon|Electro Shot\n|-boost|p2b: Archaludon|spa|1\n|-anim|p2b: Archaludon|Electro Shot|p1b: Ninetales\n|-activate|p1b: Ninetales|move: Protect\n|move|p1a: Farigiraf|Psychic Noise|p2a: Venusaur\n|-supereffective|p2a: Venusaur|1\n|-damage|p2a: Venusaur|0 fnt\n|faint|p2a: Venusaur\n|\n|-weather|RainDance|[upkeep]\n|upkeep\n|\n|t:|1788279496\n|switch|p2a: Charizard|Charizard-Mega-Y, L50, M|64/100\n|-weather|SunnyDay|[from] ability: Drought|[of] p2a: Charizard\n|turn|4\n|inactive|victory_star2 has 30 seconds left.\n|inactive|victory_star2 has 20 seconds left.\n|inactive|victory_star2 has 15 seconds left.\n|inactive|victory_star2 has 10 seconds left.\n|\n|t:|1788279541\n|move|p1b: Ninetales|Protect|p1b: Ninetales\n|-singleturn|p1b: Ninetales|Protect\n|move|p2a: Charizard|Heat Wave|p1a: Farigiraf|[spread] p1a\n|-activate|p1b: Ninetales|move: Protect\n|-damage|p1a: Farigiraf|38/100\n|move|p2b: Archaludon|Flash Cannon|p1b: Ninetales\n|-activate|p1b: Ninetales|move: Protect\n|move|p1a: Farigiraf|Hyper Voice|p2b: Archaludon|[spread] p2a,p2b\n|-resisted|p2b: Archaludon|1\n|-crit|p2b: Archaludon\n|-damage|p2a: Charizard|32/100\n|-damage|p2b: Archaludon|76/100\n|-ability|p2b: Archaludon|Stamina|boost\n|-boost|p2b: Archaludon|def|1\n|\n|-weather|SunnyDay|[upkeep]\n|-heal|p2b: Archaludon|82/100|[from] item: Leftovers\n|upkeep\n|turn|5\n|inactive|victory_star2 has 30 seconds left.\n|\n|t:|1788279574\n|move|p2a: Charizard|Protect|p2a: Charizard\n|-singleturn|p2a: Charizard|Protect\n|move|p1b: Ninetales|Blizzard|p2a: Charizard|[spread] p2b\n|-activate|p2a: Charizard|move: Protect\n|-crit|p2b: Archaludon\n|-damage|p2b: Archaludon|35/100\n|-ability|p2b: Archaludon|Stamina|boost\n|-boost|p2b: Archaludon|def|1\n|move|p2b: Archaludon|Dragon Pulse|p1a: Farigiraf\n|-damage|p1a: Farigiraf|0 fnt\n|faint|p1a: Farigiraf\n|\n|-weather|SunnyDay|[upkeep]\n|-heal|p2b: Archaludon|41/100|[from] item: Leftovers\n|-fieldend|move: Electric Terrain\n|upkeep\n|\n|t:|1788279589\n|switch|p1a: Raichu|Raichu-Mega-X, L50, F|24/100\n|-fieldstart|move: Electric Terrain|[from] ability: Electric Surge|[of] p1a: Raichu\n|turn|6\n|\n|t:|1788279603\n|move|p1a: Raichu|Fake Out|p2a: Charizard\n|-damage|p2a: Charizard|15/100\n|move|p1b: Ninetales|Blizzard|p2a: Charizard|[spread] p2a\n|-miss|p1b: Ninetales|p2b: Archaludon\n|-damage|p2a: Charizard|0 fnt\n|faint|p2a: Charizard\n|move|p2b: Archaludon|Flash Cannon|p1b: Ninetales\n|-supereffective|p1b: Ninetales|2\n|-damage|p1b: Ninetales|0 fnt\n|faint|p1b: Ninetales\n|\n|-weather|SunnyDay|[upkeep]\n|-heal|p2b: Archaludon|47/100|[from] item: Leftovers\n|upkeep\n|turn|7\n|\n|t:|1788279622\n|move|p1a: Raichu|Volt Switch|p2b: Archaludon\n|-resisted|p2b: Archaludon|1\n|-damage|p2b: Archaludon|36/100\n|-ability|p2b: Archaludon|Stamina|boost\n|-boost|p2b: Archaludon|def|1\n|move|p2b: Archaludon|Dragon Pulse|p1a: Raichu\n|-damage|p1a: Raichu|0 fnt\n|faint|p1a: Raichu\n|\n|win|prealpha7\n|raw|victory_star2's rating: 1300 &rarr; <strong>1269</strong><br />(-31 for losing)\n|raw|prealpha7's rating: 1213 &rarr; <strong>1244</strong><br />(+31 for winning)\n","uploadtime":1788279628,"views":"2","formatid":"gen9championsvgc2026regmb","rating":1244,"private":0,"password":null}