{"id":"gen9championsvgc2026regmbbo3-2674449276","format":"[Gen 9 Champions] VGC 2026 Reg M-B (Bo3)","players":["vilan333","MoonEnthusiast"],"log":"|j|☆vilan333\n|j|☆MoonEnthusiast\n|html|<table width=\"100%\"><tr><td align=\"left\">vilan333</td><td align=\"right\">MoonEnthusiast</tr><tr><td align=\"left\"><i class=\"fa fa-circle\"></i> <i class=\"fa fa-circle-o\"></i> </td><td align=\"right\"><i class=\"fa fa-circle-o\"></i> <i class=\"fa fa-circle-o\"></i> </tr></table>\n|uhtml|bestof|<h2><strong>Game 2</strong> of <a href=\"/game-bestof3-gen9championsvgc2026regmbbo3-2674447227\">a best-of-3</a></h2>\n|t:|1788361150\n|gametype|doubles\n|player|p1|vilan333|marshal|1260\n|player|p2|MoonEnthusiast|169|1244\n|gen|9\n|tier|[Gen 9 Champions] VGC 2026 Reg M-B (Bo3)\n|rated|\n|rule|Species Clause: Limit one of each Pokémon\n|rule|Item Clause: Limit 1 of each item\n|clearpoke\n|poke|p1|Raichu, L50, M|\n|poke|p1|Staraptor, L50, M, shiny|\n|poke|p1|Glimmora, L50, M, shiny|\n|poke|p1|Kingambit, L50, M, shiny|\n|poke|p1|Sylveon, L50, M|\n|poke|p1|Farigiraf, L50, F|\n|poke|p2|Basculegion, L50, M|\n|poke|p2|Froslass, L50, F|\n|poke|p2|Kingambit, L50, M|\n|poke|p2|Scovillain, L50, M|\n|poke|p2|Sneasler, L50, M|\n|poke|p2|Lycanroc-Dusk, L50, M|\n|teampreview|4\n|showteam|p1|Raichu||RaichuniteY|LightningRod|Protect,FakeOut,ZapCannon,FocusBlast|Timid||M|||50|]Staraptor||Staraptite|Intimidate|Protect,CloseCombat,BraveBird,Tailwind|Jolly||M|||50|]Glimmora||FocusSash|ToxicDebris|SpikyShield,PowerGem,EarthPower,SludgeBomb|Timid||M|||50|]Kingambit||ChopleBerry|Defiant|Protect,KowtowCleave,SuckerPunch,SwordsDance|Adamant||M|||50|]Sylveon||FairyFeather|Pixilate|Detect,HyperBeam,HyperVoice,QuickAttack|Modest||M|||50|]Farigiraf||SitrusBerry|ArmorTail|Protect,Psyshock,HelpingHand,TrickRoom|Calm||F|||50|\n|showteam|p2|Basculegion||LifeOrb|Adaptability|WaveCrash,AquaJet,LastRespects,Protect|Adamant||M|||50|]Froslass||Froslassite|SnowCloak|Protect,Blizzard,ShadowBall,AuroraVeil|Timid||F|||50|]Kingambit||BlackGlasses|Defiant|KowtowCleave,SuckerPunch,SwordsDance,Protect|Adamant||M|||50|]Scovillain||Scovillainite|Moody|GigaDrain,Overheat,RagePowder,Protect|Bold||M|||50|]Sneasler||WhiteHerb|Unburden|CloseCombat,GunkShot,FakeOut,Protect|Jolly||M|||50|]Lycanroc-Dusk||FocusSash|ToughClaws|Protect,Accelerock,RockSlide,CloseCombat|Adamant||M|||50|\n|inactive|Battle timer is ON: inactive players will automatically lose when time's up. (requested by MoonEnthusiast)\n|inactive|vilan333 has 60 seconds left.\n|\n|t:|1788361180\n|teamsize|p1|4\n|teamsize|p2|4\n|start\n|switch|p1a: Raichu|Raichu, L50, M|100/100\n|switch|p1b: Kingambit|Kingambit, L50, M, shiny|100/100\n|switch|p2a: Scovillain|Scovillain, L50, M|100/100\n|switch|p2b: Basculegion|Basculegion, L50, M|100/100\n|turn|1\n|\n|t:|1788361199\n|detailschange|p1a: Raichu|Raichu-Mega-Y, L50, M\n|-mega|p1a: Raichu|Raichu|Raichunite Y\n|detailschange|p2a: Scovillain|Scovillain-Mega, L50, M\n|-mega|p2a: Scovillain|Scovillain|Scovillainite\n|move|p1a: Raichu|Fake Out|p2a: Scovillain\n|-crit|p2a: Scovillain\n|-damage|p2a: Scovillain|88/100\n|-status|p1a: Raichu|brn|[from] ability: Spicy Spray|[of] p2a: Scovillain\n|move|p2b: Basculegion|Wave Crash|p1b: Kingambit\n|-damage|p1b: Kingambit|16/100\n|-damage|p2b: Basculegion|71/100|[from] Recoil\n|-damage|p2b: Basculegion|61/100|[from] item: Life Orb\n|cant|p2a: Scovillain|flinch\n|move|p1b: Kingambit|Swords Dance|p1b: Kingambit\n|-boost|p1b: Kingambit|atk|2\n|\n|-damage|p1a: Raichu|93/100 brn|[from] brn\n|upkeep\n|turn|2\n|\n|t:|1788361224\n|switch|p1a: Farigiraf|Farigiraf, L50, F|100/100\n|move|p2b: Basculegion|Protect|p2b: Basculegion\n|-singleturn|p2b: Basculegion|Protect\n|move|p2a: Scovillain|Protect|p2a: Scovillain\n|-singleturn|p2a: Scovillain|Protect\n|move|p1b: Kingambit|Sucker Punch||[still]\n|-fail|p1b: Kingambit\n|\n|upkeep\n|turn|3\n|\n|t:|1788361246\n|switch|p2b: Kingambit|Kingambit, L50, M|100/100\n|move|p1b: Kingambit|Protect|p1b: Kingambit\n|-singleturn|p1b: Kingambit|Protect\n|move|p2a: Scovillain|Rage Powder|p2a: Scovillain\n|-singleturn|p2a: Scovillain|move: Rage Powder\n|move|p1a: Farigiraf|Trick Room|p1a: Farigiraf\n|-fieldstart|move: Trick Room|[of] p1a: Farigiraf\n|\n|upkeep\n|turn|4\n|\n|t:|1788361261\n|switch|p1a: Glimmora|Glimmora, L50, M, shiny|100/100\n|move|p2a: Scovillain|Rage Powder|p2a: Scovillain\n|-singleturn|p2a: Scovillain|move: Rage Powder\n|move|p1b: Kingambit|Kowtow Cleave|p2a: Scovillain\n|-damage|p2a: Scovillain|4/100\n|-status|p1b: Kingambit|brn|[from] ability: Spicy Spray|[of] p2a: Scovillain\n|move|p2b: Kingambit|Kowtow Cleave|p1a: Glimmora\n|-damage|p1a: Glimmora|33/100\n|-activate|p1a: Glimmora|ability: Toxic Debris\n|-sidestart|p2: MoonEnthusiast|move: Toxic Spikes\n|\n|-damage|p1b: Kingambit|11/100 brn|[from] brn\n|upkeep\n|turn|5\n|\n|t:|1788361283\n|move|p2a: Scovillain|Protect|p2a: Scovillain\n|-singleturn|p2a: Scovillain|Protect\n|move|p1a: Glimmora|Spiky Shield|p1a: Glimmora\n|-singleturn|p1a: Glimmora|move: Protect\n|move|p1b: Kingambit|Kowtow Cleave|p2a: Scovillain\n|-activate|p2a: Scovillain|move: Protect\n|move|p2b: Kingambit|Kowtow Cleave|p1a: Glimmora\n|-activate|p1a: Glimmora|move: Protect\n|-damage|p2b: Kingambit|87/100|[from] Spiky Shield|[of] p1a: Glimmora\n|\n|-damage|p1b: Kingambit|5/100 brn|[from] brn\n|upkeep\n|turn|6\n|\n|t:|1788361307\n|switch|p2a: Sneasler|Sneasler, L50, M|100/100\n|-sideend|p2: MoonEnthusiast|move: Toxic Spikes|[of] p2a: Sneasler\n|switch|p1a: Farigiraf|Farigiraf, L50, F|100/100\n|move|p1b: Kingambit|Kowtow Cleave|p2b: Kingambit\n|-resisted|p2b: Kingambit|1\n|-damage|p2b: Kingambit|71/100\n|move|p2b: Kingambit|Kowtow Cleave|p1a: Farigiraf\n|-supereffective|p1a: Farigiraf|1\n|-damage|p1a: Farigiraf|10/100\n|-enditem|p1a: Farigiraf|Sitrus Berry|[eat]\n|-heal|p1a: Farigiraf|34/100|[from] item: Sitrus Berry\n|\n|-damage|p1b: Kingambit|0 fnt|[from] brn\n|faint|p1b: Kingambit\n|upkeep\n|\n|t:|1788361325\n|switch|p1b: Raichu|Raichu-Mega-Y, L50, M|93/100 brn\n|turn|7\n|\n|t:|1788361343\n|move|p2a: Sneasler|Protect|p2a: Sneasler\n|-singleturn|p2a: Sneasler|Protect\n|move|p1b: Raichu|Fake Out|p2b: Kingambit\n|-resisted|p2b: Kingambit|1\n|-damage|p2b: Kingambit|70/100\n|cant|p2b: Kingambit|flinch\n|move|p1a: Farigiraf|Psyshock|p2a: Sneasler\n|-activate|p2a: Sneasler|move: Protect\n|\n|-damage|p1b: Raichu|87/100 brn|[from] brn\n|-fieldend|move: Trick Room\n|upkeep\n|turn|8\n|inactive|vilan333 has 30 seconds left.\n|inactive|MoonEnthusiast has 30 seconds left.\n|\n|t:|1788361370\n|switch|p2b: Basculegion|Basculegion, L50, M|61/100\n|move|p1b: Raichu|Zap Cannon|p2a: Sneasler\n|-damage|p2a: Sneasler|26/100\n|-status|p2a: Sneasler|par\n|move|p2a: Sneasler|Close Combat|p1b: Raichu\n|-damage|p1b: Raichu|6/100 brn\n|-unboost|p2a: Sneasler|def|1\n|-unboost|p2a: Sneasler|spd|1\n|-enditem|p2a: Sneasler|White Herb\n|-clearnegativeboost|p2a: Sneasler|[silent]\n|move|p1a: Farigiraf|Psyshock|p2a: Sneasler\n|-supereffective|p2a: Sneasler|2\n|-damage|p2a: Sneasler|0 fnt\n|faint|p2a: Sneasler\n|\n|-damage|p1b: Raichu|0 fnt|[from] brn\n|faint|p1b: Raichu\n|upkeep\n|\n|t:|1788361390\n|switch|p1b: Glimmora|Glimmora, L50, M, shiny|33/100\n|switch|p2a: Scovillain|Scovillain-Mega, L50, M|4/100\n|turn|9\n|-message|vilan333 forfeited.\n|\n|win|MoonEnthusiast\n|l|☆vilan333\n|player|p1|\n||vilan333 is ready for game 3.\n||MoonEnthusiast is ready for game 3.\n|uhtml|next|Next: <a href=\"/battle-gen9championsvgc2026regmbbo3-2674451311\"><strong>Game 3 of 3</strong></a>\n|l|☆MoonEnthusiast\n|player|p2|\n|j|☆vilan333\n|player|p1|vilan333|marshal|\n","uploadtime":1788361730,"views":"5","formatid":"gen9championsvgc2026regmbbo3","rating":null,"private":0,"password":null}