{"id":"gen9championsvgc2026regmb-2674031629","format":"[Gen 9 Champions] VGC 2026 Reg M-B","players":["chaosregen","rapidzaf"],"log":"|j|☆chaosregen\n|j|☆rapidzaf\n|t:|1788290400\n|gametype|doubles\n|player|p1|chaosregen|1|\n|player|p2|rapidzaf|dawn|\n|gen|9\n|tier|[Gen 9 Champions] VGC 2026 Reg M-B\n|rule|Species Clause: Limit one of each Pokémon\n|rule|Item Clause: Limit 1 of each item\n|clearpoke\n|poke|p1|Staraptor, L50, F|\n|poke|p1|Incineroar, L50, F|\n|poke|p1|Metagross, L50|\n|poke|p1|Skeledirge, L50, F|\n|poke|p1|Swampert, L50, M|\n|poke|p1|Hydreigon, L50, F|\n|poke|p2|Decidueye-Hisui, L50, F, shiny|\n|poke|p2|Kingambit, L50, F|\n|poke|p2|Vaporeon, L50, F|\n|poke|p2|Kangaskhan, L50, F|\n|poke|p2|Chandelure, L50, F|\n|poke|p2|Farigiraf, L50, F, shiny|\n|teampreview|4\nrapidzaf rejected open team sheets.\n|\n|t:|1788290465\n|teamsize|p1|4\n|teamsize|p2|4\n|start\n|switch|p1a: Staraptor|Staraptor, L50, F|100/100\n|switch|p1b: Incineroar|Incineroar, L50, F|100/100\n|switch|p2a: Kangaskhan|Kangaskhan, L50, F|100/100\n|switch|p2b: Farigiraf|Farigiraf, L50, F, shiny|100/100\n|-ability|p1b: Incineroar|Intimidate|boost\n|-fail|p2a: Kangaskhan|unboost|Attack|[from] ability: Inner Focus|[of] p2a: Kangaskhan\n|-unboost|p2b: Farigiraf|atk|1\n|turn|1\n|\n|t:|1788290498\n|detailschange|p2a: Kangaskhan|Kangaskhan-Mega, L50, F\n|-mega|p2a: Kangaskhan|Kangaskhan|Kangaskhanite\n|move|p2a: Kangaskhan|Fake Out|p1b: Incineroar\n|-damage|p1b: Incineroar|75/100\n|-damage|p1b: Incineroar|69/100\n|-hitcount|p1b: Incineroar|2\n|move|p1a: Staraptor|Tailwind|p1a: Staraptor\n|-sidestart|p1: chaosregen|move: Tailwind\n|cant|p1b: Incineroar|flinch\n|move|p2b: Farigiraf|Trick Room|p2b: Farigiraf\n|-fieldstart|move: Trick Room|[of] p2b: Farigiraf\n|\n|-heal|p1b: Incineroar|75/100|[from] item: Leftovers\n|upkeep\n|turn|2\n|\n|t:|1788290534\n|move|p2b: Farigiraf|Helping Hand|p2a: Kangaskhan\n|-singleturn|p2a: Kangaskhan|Helping Hand|[of] p2b: Farigiraf\n|move|p2a: Kangaskhan|Thunder Punch|p1a: Staraptor\n|-supereffective|p1a: Staraptor|1\n|-enditem|p1a: Staraptor|Focus Sash\n|-damage|p1a: Staraptor|1/100\n|-supereffective|p1a: Staraptor|1\n|-damage|p1a: Staraptor|0 fnt\n|faint|p1a: Staraptor\n|-hitcount|p1: Staraptor|2\n|move|p1b: Incineroar|Parting Shot|p2b: Farigiraf\n|-unboost|p2b: Farigiraf|atk|1\n|-unboost|p2b: Farigiraf|spa|1\n|\n|t:|1788290554\n|switch|p1b: Swampert|Swampert, L50, M|100/100|[from] Parting Shot\n|\n|upkeep\n|\n|t:|1788290559\n|switch|p1a: Incineroar|Incineroar, L50, F|75/100\n|-ability|p1a: Incineroar|Intimidate|boost\n|-unboost|p2a: Kangaskhan|atk|1\n|-unboost|p2b: Farigiraf|atk|1\n|turn|3\n|\n|t:|1788290591\n|switch|p2b: Vaporeon|Vaporeon, L50, F|100/100\n|move|p2a: Kangaskhan|Drain Punch|p1a: Incineroar\n|-supereffective|p1a: Incineroar|1\n|-damage|p1a: Incineroar|36/100\n|-supereffective|p1a: Incineroar|1\n|-damage|p1a: Incineroar|26/100\n|-hitcount|p1a: Incineroar|2\n|move|p1b: Swampert|Waterfall|p2a: Kangaskhan\n|-damage|p2a: Kangaskhan|73/100\n|move|p1a: Incineroar|Dark Pulse|p2b: Vaporeon\n|-damage|p2b: Vaporeon|76/100\n|\n|-heal|p2b: Vaporeon|82/100|[from] item: Leftovers\n|-heal|p1a: Incineroar|32/100|[from] item: Leftovers\n|upkeep\n|turn|4\n|\n|t:|1788290622\n|switch|p2a: Farigiraf|Farigiraf, L50, F, shiny|100/100\n|move|p1b: Swampert|Protect|p1b: Swampert\n|-singleturn|p1b: Swampert|Protect\n|move|p2b: Vaporeon|Yawn|p1b: Swampert\n|-activate|p1b: Swampert|move: Protect\n|move|p1a: Incineroar|Thunder Punch|p2b: Vaporeon\n|-supereffective|p2b: Vaporeon|1\n|-damage|p2b: Vaporeon|42/100\n|\n|-heal|p2b: Vaporeon|49/100|[from] item: Leftovers\n|-heal|p1a: Incineroar|38/100|[from] item: Leftovers\n|-sideend|p1: chaosregen|move: Tailwind\n|upkeep\n|turn|5\n|\n|t:|1788290655\n|switch|p1a: Metagross|Metagross, L50|100/100\n|move|p2a: Farigiraf|Helping Hand|p2b: Vaporeon\n|-singleturn|p2b: Vaporeon|Helping Hand|[of] p2a: Farigiraf\n|move|p1b: Swampert|Poison Jab|p2a: Farigiraf\n|-damage|p2a: Farigiraf|80/100\n|move|p2b: Vaporeon|Scald|p1b: Swampert\n|-damage|p1b: Swampert|52/100\n|\n|-heal|p2b: Vaporeon|55/100|[from] item: Leftovers\n|-fieldend|move: Trick Room\n|upkeep\n|turn|6\n|\n|t:|1788290693\n|detailschange|p1a: Metagross|Metagross-Mega, L50\n|-mega|p1a: Metagross|Metagross|Metagrossite\n|move|p2b: Vaporeon|Protect|p2b: Vaporeon\n|-singleturn|p2b: Vaporeon|Protect\n|move|p1a: Metagross|Iron Head|p2b: Vaporeon\n|-activate|p2b: Vaporeon|move: Protect\n|move|p1b: Swampert|Poison Jab|p2a: Farigiraf\n|-damage|p2a: Farigiraf|62/100\n|move|p2a: Farigiraf|Trick Room|p2a: Farigiraf\n|-fieldstart|move: Trick Room|[of] p2a: Farigiraf\n|\n|-heal|p2b: Vaporeon|61/100|[from] item: Leftovers\n|upkeep\n|turn|7\n|\n|t:|1788290729\n|switch|p2a: Kangaskhan|Kangaskhan-Mega, L50, F|73/100\n|move|p1b: Swampert|Protect|p1b: Swampert\n|-singleturn|p1b: Swampert|Protect\n|move|p1a: Metagross|Protect|p1a: Metagross\n|-singleturn|p1a: Metagross|Protect\n|move|p2b: Vaporeon|Yawn|p1a: Metagross\n|-activate|p1a: Metagross|move: Protect\n|\n|-heal|p2b: Vaporeon|67/100|[from] item: Leftovers\n|upkeep\n|turn|8\n|\n|t:|1788290753\n|switch|p1a: Incineroar|Incineroar, L50, F|38/100\n|-ability|p1a: Incineroar|Intimidate|boost\n|-unboost|p2a: Kangaskhan|atk|1\n|-unboost|p2b: Vaporeon|atk|1\n|move|p1b: Swampert|Poison Jab|p2b: Vaporeon\n|-damage|p2b: Vaporeon|48/100\n|-status|p2b: Vaporeon|psn\n|move|p2b: Vaporeon|Yawn|p1a: Incineroar\n|-start|p1a: Incineroar|move: Yawn|[of] p2b: Vaporeon\n|move|p2a: Kangaskhan|Drain Punch|p1a: Incineroar\n|-supereffective|p1a: Incineroar|1\n|-damage|p1a: Incineroar|0 fnt\n|-heal|p2a: Kangaskhan|89/100|[from] drain|[of] p1a: Incineroar\n|faint|p1a: Incineroar\n|\n|-heal|p2b: Vaporeon|54/100 psn|[from] item: Leftovers\n|-damage|p2b: Vaporeon|42/100 psn|[from] psn\n|upkeep\n|\n|t:|1788290770\n|switch|p1a: Metagross|Metagross-Mega, L50|100/100\n|turn|9\n|\n|t:|1788290799\n|move|p1b: Swampert|Protect|p1b: Swampert\n|-singleturn|p1b: Swampert|Protect\n|move|p2b: Vaporeon|Scald|p1a: Metagross\n|-damage|p1a: Metagross|62/100\n|move|p2a: Kangaskhan|Drain Punch|p1b: Swampert\n|-activate|p1b: Swampert|move: Protect\n|move|p1a: Metagross|Psychic Fangs|p2a: Kangaskhan\n|-damage|p2a: Kangaskhan|38/100\n|\n|-heal|p2b: Vaporeon|48/100 psn|[from] item: Leftovers\n|-damage|p2b: Vaporeon|35/100 psn|[from] psn\n|upkeep\n|turn|10\n|\n|t:|1788290841\n|switch|p2b: Farigiraf|Farigiraf, L50, F, shiny|62/100\n|move|p1a: Metagross|Protect|p1a: Metagross\n|-singleturn|p1a: Metagross|Protect\n|move|p1b: Swampert|Waterfall|p2a: Kangaskhan\n|-damage|p2a: Kangaskhan|13/100\n|move|p2a: Kangaskhan|Drain Punch|p1b: Swampert\n|-damage|p1b: Swampert|36/100\n|-heal|p2a: Kangaskhan|21/100|[from] drain|[of] p1b: Swampert\n|-enditem|p1b: Swampert|Sitrus Berry|[eat]\n|-heal|p1b: Swampert|61/100|[from] item: Sitrus Berry\n|-damage|p1b: Swampert|57/100\n|-heal|p2a: Kangaskhan|23/100|[from] drain|[of] p1b: Swampert\n|-hitcount|p1b: Swampert|2\n|\n|-fieldend|move: Trick Room\n|upkeep\n|turn|11\n|\n|t:|1788290872\n|move|p2b: Farigiraf|Protect|p2b: Farigiraf\n|-singleturn|p2b: Farigiraf|Protect\n|move|p2a: Kangaskhan|Sucker Punch|p1a: Metagross\n|-supereffective|p1a: Metagross|1\n|-damage|p1a: Metagross|39/100\n|-supereffective|p1a: Metagross|1\n|-damage|p1a: Metagross|33/100\n|-hitcount|p1a: Metagross|2\n|move|p1a: Metagross|Iron Head|p2b: Farigiraf\n|-activate|p2b: Farigiraf|move: Protect\n|move|p1b: Swampert|Ice Beam|p2a: Kangaskhan\n|-damage|p2a: Kangaskhan|5/100\n|\n|upkeep\n|turn|12\n|\n|t:|1788290897\n|move|p2a: Kangaskhan|Sucker Punch|p1a: Metagross\n|-supereffective|p1a: Metagross|1\n|-damage|p1a: Metagross|9/100\n|-supereffective|p1a: Metagross|1\n|-crit|p1a: Metagross\n|-damage|p1a: Metagross|0 fnt\n|faint|p1a: Metagross\n|-hitcount|p1: Metagross|2\n|move|p1b: Swampert|Waterfall|p2b: Farigiraf\n|-damage|p2b: Farigiraf|35/100\n|-enditem|p2b: Farigiraf|Sitrus Berry|[eat]\n|-heal|p2b: Farigiraf|60/100|[from] item: Sitrus Berry\n|move|p2b: Farigiraf|Trick Room|p2b: Farigiraf\n|-fieldstart|move: Trick Room|[of] p2b: Farigiraf\n|\n|upkeep\n|turn|13\n|\n|t:|1788290927\n|move|p2b: Farigiraf|Helping Hand|p2a: Kangaskhan\n|-singleturn|p2a: Kangaskhan|Helping Hand|[of] p2b: Farigiraf\n|move|p1b: Swampert|Protect|p1b: Swampert\n|-singleturn|p1b: Swampert|Protect\n|move|p2a: Kangaskhan|Drain Punch|p1b: Swampert\n|-activate|p1b: Swampert|move: Protect\n|\n|upkeep\n|turn|14\n|\n|t:|1788290941\n|move|p2b: Farigiraf|Helping Hand|p2a: Kangaskhan\n|-singleturn|p2a: Kangaskhan|Helping Hand|[of] p2b: Farigiraf\n|move|p1b: Swampert|Waterfall|p2a: Kangaskhan\n|-damage|p2a: Kangaskhan|0 fnt\n|faint|p2a: Kangaskhan\n|\n|upkeep\n|\n|t:|1788290968\n|switch|p2a: Vaporeon|Vaporeon, L50, F|35/100 psn\n|turn|15\n|\n|t:|1788290983\n|move|p2b: Farigiraf|Helping Hand|p2a: Vaporeon\n|-singleturn|p2a: Vaporeon|Helping Hand|[of] p2b: Farigiraf\n|move|p1b: Swampert|Waterfall|p2b: Farigiraf\n|-damage|p2b: Farigiraf|30/100\n|move|p2a: Vaporeon|Scald|p1b: Swampert\n|-damage|p1b: Swampert|5/100\n|\n|-heal|p2a: Vaporeon|42/100 psn|[from] item: Leftovers\n|-damage|p2a: Vaporeon|29/100 psn|[from] psn\n|upkeep\n|turn|16\n|\n|t:|1788291006\n|move|p2b: Farigiraf|Protect|p2b: Farigiraf\n|-singleturn|p2b: Farigiraf|Protect\n|move|p1b: Swampert|Protect|p1b: Swampert\n|-singleturn|p1b: Swampert|Protect\n|move|p2a: Vaporeon|Protect||[still]\n|-fail|p2a: Vaporeon\n|\n|-heal|p2a: Vaporeon|35/100 psn|[from] item: Leftovers\n|-damage|p2a: Vaporeon|23/100 psn|[from] psn\n|-fieldend|move: Trick Room\n|upkeep\n|turn|17\n|\n|t:|1788291022\n|move|p2b: Farigiraf|Helping Hand|p2a: Vaporeon\n|-singleturn|p2a: Vaporeon|Helping Hand|[of] p2b: Farigiraf\n|move|p1b: Swampert|Protect||[still]\n|-fail|p1b: Swampert\n|move|p2a: Vaporeon|Scald|p1b: Swampert\n|-damage|p1b: Swampert|0 fnt\n|faint|p1b: Swampert\n|\n|win|rapidzaf\n","uploadtime":1788291030,"views":"7","formatid":"gen9championsvgc2026regmb","rating":null,"private":0,"password":null}