{"id":"gen9championsvgc2026regmbbo3-2674023195","format":"[Gen 9 Champions] VGC 2026 Reg M-B (Bo3)","players":["Alvinplays12","dim_chandelure"],"log":"|j|☆Alvinplays12\n|j|☆dim_chandelure\n|html|<table width=\"100%\"><tr><td align=\"left\">Alvinplays12</td><td align=\"right\">dim_chandelure</tr><tr><td align=\"left\"><i class=\"fa fa-circle\"></i> <i class=\"fa fa-circle-o\"></i> </td><td align=\"right\"><i class=\"fa fa-circle-o\"></i> <i class=\"fa fa-circle\"></i> </tr></table>\n|uhtml|bestof|<h2><strong>Game 3</strong> of <a href=\"/game-bestof3-gen9championsvgc2026regmbbo3-2674019559\">a best-of-3</a></h2>\n|t:|1788289386\n|gametype|doubles\n|player|p1|Alvinplays12|102|1127\n|player|p2|dim_chandelure|cilan|1000\n|gen|9\n|tier|[Gen 9 Champions] VGC 2026 Reg M-B (Bo3)\n|rated|\n|rule|Species Clause: Limit one of each Pokémon\n|rule|Item Clause: Limit 1 of each item\n|clearpoke\n|poke|p1|Garchomp, L50, F|\n|poke|p1|Kingambit, L50, M|\n|poke|p1|Basculegion, L50, M|\n|poke|p1|Dragonite, L50, M|\n|poke|p1|Sneasler, L50, M|\n|poke|p1|Gardevoir, L50, F|\n|poke|p2|Froslass, L50, F|\n|poke|p2|Garchomp, L50, F|\n|poke|p2|Dragonite, L50, M|\n|poke|p2|Tyranitar, L50, F|\n|poke|p2|Basculegion, L50, M|\n|poke|p2|Sneasler, L50, F|\n|teampreview|4\n|showteam|p1|Garchomp||SitrusBerry|RoughSkin|DragonClaw,Protect,Earthquake,RockSlide|Jolly||F|||50|]Kingambit||ChopleBerry|Defiant|SuckerPunch,KowtowCleave,Protect,IronHead|Adamant||M|||50|]Basculegion||LifeOrb|Adaptability|LastRespects,AquaJet,WaveCrash,Protect|Adamant||M|||50|]Dragonite||Dragoninite|Multiscale|Protect,ExtremeSpeed,HeatWave,DragonPulse|Modest||M|||50|]Sneasler||FocusSash|PoisonTouch|CloseCombat,FakeOut,DireClaw,Protect|Jolly||M|||50|]Gardevoir||Gardevoirite|Trace|Protect,HyperVoice,Psychic,Moonblast|Modest||F|||50|\n|showteam|p2|Froslass||Froslassite|SnowCloak|Blizzard,ShadowBall,AuroraVeil,Protect|Modest||F|||50|]Garchomp||Garchompite|SandVeil|EarthPower,DracoMeteor,PowerGem,Protect|Timid||F|||50|]Dragonite||SitrusBerry|InnerFocus|Tailwind,ThunderWave,HelpingHand,BreakingSwipe|Careful||M|||50|]Tyranitar||ChopleBerry|SandStream|DragonDance,Crunch,RockSlide,Protect|Jolly||F|||50|]Basculegion||LifeOrb|Adaptability|WaveCrash,AquaJet,LastRespects,Protect|Adamant||M|||50|]Sneasler||FocusSash|Unburden|FakeOut,CloseCombat,DireClaw,Feint|Adamant||F|||50|\n|\n|t:|1788289430\n|teamsize|p1|4\n|teamsize|p2|4\n|start\n|switch|p1a: Kingambit|Kingambit, L50, M|100/100\n|switch|p1b: Sneasler|Sneasler, L50, M|100/100\n|switch|p2a: Sneasler|Sneasler, L50, F|100/100\n|switch|p2b: Basculegion|Basculegion, L50, M|100/100\n|turn|1\n|\n|t:|1788289467\n|move|p2b: Basculegion|Protect|p2b: Basculegion\n|-singleturn|p2b: Basculegion|Protect\n|move|p1b: Sneasler|Fake Out|p2a: Sneasler\n|-damage|p2a: Sneasler|73/100\n|cant|p2a: Sneasler|flinch\n|move|p1a: Kingambit|Kowtow Cleave|p2b: Basculegion\n|-activate|p2b: Basculegion|move: Protect\n|\n|upkeep\n|turn|2\n|\n|t:|1788289491\n|switch|p2b: Garchomp|Garchomp, L50, F|100/100\n|switch|p1a: Basculegion|Basculegion, L50, M|100/100\n|move|p1b: Sneasler|Dire Claw|p2a: Sneasler\n|-resisted|p2a: Sneasler|1\n|-damage|p2a: Sneasler|36/100\n|move|p2a: Sneasler|Close Combat|p1a: Basculegion\n|-immune|p1a: Basculegion\n|\n|upkeep\n|turn|3\n|\n|t:|1788289512\n|detailschange|p2b: Garchomp|Garchomp-Mega, L50, F\n|-mega|p2b: Garchomp|Garchomp|Garchompite\n|move|p2a: Sneasler|Feint|p1b: Sneasler\n|-damage|p1b: Sneasler|81/100\n|move|p1b: Sneasler|Close Combat|p2b: Garchomp\n|-damage|p2b: Garchomp|44/100\n|-unboost|p1b: Sneasler|def|1\n|-unboost|p1b: Sneasler|spd|1\n|move|p2b: Garchomp|Earth Power|p1b: Sneasler\n|-supereffective|p1b: Sneasler|1\n|-damage|p1b: Sneasler|0 fnt\n|faint|p1b: Sneasler\n|move|p1a: Basculegion|Wave Crash|p2b: Garchomp\n|-damage|p2b: Garchomp|0 fnt\n|faint|p2b: Garchomp\n|-damage|p1a: Basculegion|86/100|[from] Recoil\n|-damage|p1a: Basculegion|76/100|[from] item: Life Orb\n|\n|upkeep\n|\n|t:|1788289529\n|switch|p1b: Gardevoir|Gardevoir, L50, F|100/100\n|switch|p2b: Basculegion|Basculegion, L50, M|100/100\n|-ability|p1b: Gardevoir|Adaptability|Trace|[from] ability: Trace|[of] p2b: Basculegion\n|turn|4\n|\n|t:|1788289543\n|switch|p1a: Kingambit|Kingambit, L50, M|100/100\n|detailschange|p1b: Gardevoir|Gardevoir-Mega, L50, F\n|-mega|p1b: Gardevoir|Gardevoir|Gardevoirite\n|move|p2a: Sneasler|Dire Claw|p1b: Gardevoir\n|-supereffective|p1b: Gardevoir|1\n|-damage|p1b: Gardevoir|0 fnt\n|faint|p1b: Gardevoir\n|move|p2b: Basculegion|Last Respects|p1a: Kingambit\n|-resisted|p1a: Kingambit|1\n|-damage|p1a: Kingambit|70/100\n|-damage|p2b: Basculegion|90/100|[from] item: Life Orb\n|\n|upkeep\n|\n|t:|1788289554\n|switch|p1b: Basculegion|Basculegion, L50, M|76/100\n|turn|5\n|\n|t:|1788289569\n|move|p1b: Basculegion|Protect|p1b: Basculegion\n|-singleturn|p1b: Basculegion|Protect\n|move|p2b: Basculegion|Aqua Jet|p1a: Kingambit\n|-damage|p1a: Kingambit|45/100\n|-damage|p2b: Basculegion|80/100|[from] item: Life Orb\n|move|p1a: Kingambit|Sucker Punch||[still]\n|-fail|p1a: Kingambit\n|move|p2a: Sneasler|Close Combat|p1a: Kingambit\n|-supereffective|p1a: Kingambit|2\n|-enditem|p1a: Kingambit|Chople Berry|[eat]\n|-enditem|p1a: Kingambit|Chople Berry|[weaken]\n|-damage|p1a: Kingambit|0 fnt\n|-unboost|p2a: Sneasler|def|1\n|-unboost|p2a: Sneasler|spd|1\n|faint|p1a: Kingambit\n|\n|upkeep\n|turn|6\n|\n|t:|1788289591\n|move|p2a: Sneasler|Dire Claw|p1b: Basculegion\n|-resisted|p1b: Basculegion|1\n|-damage|p1b: Basculegion|44/100\n|-status|p1b: Basculegion|psn\n|move|p1b: Basculegion|Last Respects|p2b: Basculegion\n|-supereffective|p2b: Basculegion|1\n|-damage|p2b: Basculegion|0 fnt\n|faint|p2b: Basculegion\n|-damage|p1b: Basculegion|35/100 psn|[from] item: Life Orb\n|\n|-damage|p1b: Basculegion|22/100 psn|[from] psn\n|upkeep\n|\n|t:|1788289597\n|switch|p2b: Tyranitar|Tyranitar, L50, F|100/100\n|-weather|Sandstorm|[from] ability: Sand Stream|[of] p2b: Tyranitar\n|turn|7\n|\n|t:|1788289608\n|move|p2a: Sneasler|Dire Claw|p1b: Basculegion\n|-resisted|p1b: Basculegion|1\n|-damage|p1b: Basculegion|0 fnt\n|faint|p1b: Basculegion\n|\n|win|dim_chandelure\n|raw|Alvinplays12's rating: 1127 &rarr; <strong>1093</strong><br />(-34 for losing)\n|raw|dim_chandelure's rating: 1000 &rarr; <strong>1054</strong><br />(+54 for winning)\n","uploadtime":1788289617,"views":"1","formatid":"gen9championsvgc2026regmbbo3","rating":1054,"private":0,"password":null}