{"id":"gen9championsvgc2026regmb-2674240702","format":"[Gen 9 Champions] VGC 2026 Reg M-B","players":["qmantra","ShrimpGun"],"log":"|j|☆qmantra\n|j|☆ShrimpGun\n|t:|1788321377\n|gametype|doubles\n|player|p1|qmantra|101|1332\n|player|p2|ShrimpGun|fisherman-gen4|1251\n|gen|9\n|tier|[Gen 9 Champions] VGC 2026 Reg M-B\n|rated|\n|rule|Species Clause: Limit one of each Pokémon\n|rule|Item Clause: Limit 1 of each item\n|clearpoke\n|poke|p1|Mawile, L50, F|\n|poke|p1|Dragonite, L50, M|\n|poke|p1|Annihilape, L50, M|\n|poke|p1|Pelipper, L50, M|\n|poke|p1|Incineroar, L50, M|\n|poke|p1|Sinistcha, L50|\n|poke|p2|Staraptor, L50, F|\n|poke|p2|Farigiraf, L50, F, shiny|\n|poke|p2|Clawitzer, L50, F|\n|poke|p2|Arcanine-Hisui, L50, M|\n|poke|p2|Sylveon, L50, F|\n|poke|p2|Vivillon, L50, F|\n|teampreview|4\n|inactive|Battle timer is ON: inactive players will automatically lose when time's up. (requested by qmantra)\n|inactive|ShrimpGun also wants the timer to be on.\n|\n|t:|1788321405\n|teamsize|p1|4\n|teamsize|p2|4\n|start\n|switch|p1a: Incineroar|Incineroar, L50, M|100/100\n|switch|p1b: Mawile|Mawile, L50, F|100/100\n|switch|p2a: Vivillon|Vivillon, L50, F|100/100\n|switch|p2b: Farigiraf|Farigiraf, L50, F, shiny|100/100\n|-ability|p1a: Incineroar|Intimidate|boost\n|-unboost|p2a: Vivillon|atk|1\n|-unboost|p2b: Farigiraf|atk|1\n|-ability|p1b: Mawile|Intimidate|boost\n|-unboost|p2a: Vivillon|atk|1\n|-unboost|p2b: Farigiraf|atk|1\n|turn|1\n|\n|t:|1788321422\n|move|p1b: Mawile|Protect|p1b: Mawile\n|-singleturn|p1b: Mawile|Protect\n|move|p2a: Vivillon|Sleep Powder|p1a: Incineroar\n|-status|p1a: Incineroar|slp|[from] move: Sleep Powder\n|move|p2b: Farigiraf|Nasty Plot|p2b: Farigiraf\n|-boost|p2b: Farigiraf|spa|2\n|cant|p1a: Incineroar|slp\n|\n|upkeep\n|turn|2\n|\n|t:|1788321438\n|switch|p1b: Pelipper|Pelipper, L50, M|100/100\n|-weather|RainDance|[from] ability: Drizzle|[of] p1b: Pelipper\n|move|p2a: Vivillon|Sleep Powder|p1b: Pelipper\n|-status|p1b: Pelipper|slp|[from] move: Sleep Powder\n|move|p2b: Farigiraf|Hyper Voice|p1b: Pelipper|[spread] p1a,p1b\n|-crit|p1a: Incineroar\n|-crit|p1b: Pelipper\n|-damage|p1a: Incineroar|38/100 slp\n|-enditem|p1b: Pelipper|Focus Sash\n|-damage|p1b: Pelipper|1/100 slp\n|cant|p1a: Incineroar|slp\n|\n|-weather|RainDance|[upkeep]\n|upkeep\n|turn|3\n|inactive|qmantra has 30 seconds left.\n|\n|t:|1788321463\n|switch|p2a: Staraptor|Staraptor, L50, F|100/100\n|-ability|p2a: Staraptor|Intimidate|boost\n|-unboost|p1a: Incineroar|atk|1\n|-unboost|p1b: Pelipper|atk|1\n|cant|p1b: Pelipper|slp\n|move|p2b: Farigiraf|Hyper Voice|p1b: Pelipper|[spread] p1a,p1b\n|-damage|p1a: Incineroar|0 fnt\n|-damage|p1b: Pelipper|0 fnt\n|faint|p1a: Incineroar\n|faint|p1b: Pelipper\n|\n|-weather|RainDance|[upkeep]\n|upkeep\n|\n|t:|1788321471\n|switch|p1b: Mawile|Mawile, L50, F|100/100\n|switch|p1a: Annihilape|Annihilape, L50, M|100/100\n|-ability|p1b: Mawile|Intimidate|boost\n|-unboost|p2a: Staraptor|atk|1\n|-unboost|p2b: Farigiraf|atk|1\n|turn|4\n|\n|t:|1788321485\n|detailschange|p2a: Staraptor|Staraptor-Mega, L50, F\n|-mega|p2a: Staraptor|Staraptor|Staraptite\n|detailschange|p1b: Mawile|Mawile-Mega, L50, F\n|-mega|p1b: Mawile|Mawile|Mawilite\n|move|p2a: Staraptor|Tailwind|p2a: Staraptor\n|-sidestart|p2: ShrimpGun|move: Tailwind\n|move|p2b: Farigiraf|Thunderbolt|p1b: Mawile\n|-damage|p1b: Mawile|45/100\n|move|p1a: Annihilape|Bulk Up|p1a: Annihilape\n|-boost|p1a: Annihilape|atk|1\n|-boost|p1a: Annihilape|def|1\n|move|p1b: Mawile|Play Rough|p2b: Farigiraf\n|-damage|p2b: Farigiraf|12/100\n|-enditem|p2b: Farigiraf|Sitrus Berry|[eat]\n|-heal|p2b: Farigiraf|37/100|[from] item: Sitrus Berry\n|\n|-weather|RainDance|[upkeep]\n|upkeep\n|turn|5\n|inactive|qmantra has 30 seconds left.\n|\n|t:|1788321513\n|move|p1a: Annihilape|Protect|p1a: Annihilape\n|-singleturn|p1a: Annihilape|Protect\n|move|p2a: Staraptor|Brave Bird|p1a: Annihilape\n|-activate|p1a: Annihilape|move: Protect\n|move|p2b: Farigiraf|Thunderbolt|p1a: Annihilape\n|-activate|p1a: Annihilape|move: Protect\n|move|p1b: Mawile|Iron Head|p2b: Farigiraf\n|-damage|p2b: Farigiraf|0 fnt\n|faint|p2b: Farigiraf\n|\n|-weather|RainDance|[upkeep]\n|upkeep\n|\n|t:|1788321525\n|switch|p2b: Old Yeller|Sylveon, L50, F|100/100\n|turn|6\n|\n|t:|1788321542\n|move|p2a: Staraptor|Brave Bird|p1a: Annihilape\n|-supereffective|p1a: Annihilape|1\n|-damage|p1a: Annihilape|49/100\n|-damage|p2a: Staraptor|81/100|[from] Recoil\n|move|p2b: Old Yeller|Hyper Voice|p1a: Annihilape|[spread] p1a,p1b\n|-supereffective|p1a: Annihilape|1\n|-resisted|p1b: Mawile|1\n|-damage|p1a: Annihilape|0 fnt\n|-damage|p1b: Mawile|17/100\n|faint|p1a: Annihilape\n|move|p1b: Mawile|Play Rough|p2a: Staraptor\n|-supereffective|p2a: Staraptor|1\n|-damage|p2a: Staraptor|0 fnt\n|faint|p2a: Staraptor\n|\n|-weather|none\n|upkeep\n|\n|t:|1788321545\n|switch|p2a: Vivillon|Vivillon, L50, F|100/100\n|turn|7\n|\n|t:|1788321558\n|move|p2a: Vivillon|Hurricane|p1b: Mawile\n|-resisted|p1b: Mawile|1\n|-damage|p1b: Mawile|0 fnt\n|faint|p1b: Mawile\n|\n|win|ShrimpGun\n|raw|qmantra's rating: 1332 &rarr; <strong>1307</strong><br />(-25 for losing)\n|raw|ShrimpGun's rating: 1251 &rarr; <strong>1282</strong><br />(+31 for winning)\n|l|☆qmantra\n|player|p1|\n","uploadtime":1788321561,"views":"2","formatid":"gen9championsvgc2026regmb","rating":1282,"private":0,"password":null}