{"id":"gen9championsvgc2026regmbbo3-2673687123","format":"[Gen 9 Champions] VGC 2026 Reg M-B (Bo3)","players":["DecorateWithDonuts","KinnatheKoa"],"log":"|j|☆DecorateWithDonuts\n|j|☆KinnatheKoa\n|html|<table width=\"100%\"><tr><td align=\"left\">DecorateWithDonuts</td><td align=\"right\">KinnatheKoa</tr><tr><td align=\"left\"><i class=\"fa fa-circle\"></i> <i class=\"fa fa-circle-o\"></i> </td><td align=\"right\"><i class=\"fa fa-circle-o\"></i> <i class=\"fa fa-circle-o\"></i> </tr></table>\n|uhtml|bestof|<h2><strong>Game 2</strong> of <a href=\"/game-bestof3-gen9championsvgc2026regmbbo3-2673684784\">a best-of-3</a></h2>\n|t:|1788233281\n|gametype|doubles\n|player|p1|DecorateWithDonuts|rosa|\n|player|p2|KinnatheKoa|102|\n|gen|9\n|tier|[Gen 9 Champions] VGC 2026 Reg M-B (Bo3)\n|rule|Species Clause: Limit one of each Pokémon\n|rule|Item Clause: Limit 1 of each item\n|clearpoke\n|poke|p1|Alcremie-Ruby-Swirl, L50, F|\n|poke|p1|Camerupt, L50, F|\n|poke|p1|Farigiraf, L50, M|\n|poke|p1|Blastoise, L50, F|\n|poke|p1|Vivillon-Pokeball, L50, M|\n|poke|p1|Hatterene, L50, F|\n|poke|p2|Raichu, L50, F|\n|poke|p2|Staraptor, L50, F|\n|poke|p2|Arcanine-Hisui, L50, M|\n|poke|p2|Farigiraf, L50, M|\n|poke|p2|Sylveon, L50, F|\n|poke|p2|Kingambit, L50, M|\n|teampreview|4\n|showteam|p1|Alcremie-Ruby-Swirl||IronBall|SweetVeil|Decorate,AlluringVoice,HelpingHand,Protect|Relaxed||F|||50|]Camerupt||Cameruptite|SolidRock|HeatWave,AncientPower,EarthPower,Protect|Modest||F|||50|]Farigiraf||SitrusBerry|ArmorTail|TrickRoom,LowKick,Thunderbolt,Psyshock|Relaxed||M|||50|]Blastoise||Blastoisinite|RainDish|FakeOut,WaterSpout,AuraSphere,DarkPulse|Quiet||F|||50|]Vivillon-Pokeball||FocusSash|CompoundEyes|Hurricane,SleepPowder,RagePowder,Protect|Timid||M|||50|]Hatterene||LifeOrb|MagicBounce|TrickRoom,DazzlingGleam,StoredPower,Protect|Quiet||F|||50|\n|showteam|p2|Raichu||RaichuniteY|LightningRod|ZapCannon,FocusBlast,FakeOut,Protect|Timid||F|||50|]Staraptor||Staraptite|Intimidate|CloseCombat,DualWingbeat,Tailwind,Protect|Jolly||F|||50|]Arcanine-Hisui||FocusSash|RockHead|FlareBlitz,HeadSmash,ExtremeSpeed,Protect|Jolly||M|||50|]Farigiraf||SitrusBerry|ArmorTail|Psychic,HelpingHand,TrickRoom,Protect|Calm||M|||50|]Sylveon||FairyFeather|Pixilate|HyperVoice,QuickAttack,HyperBeam,Detect|Modest||F|||50|]Kingambit||LifeOrb|Defiant|KowtowCleave,SuckerPunch,SwordsDance,Protect|Adamant||M|||50|\n|\n|t:|1788233366\n|teamsize|p1|4\n|teamsize|p2|4\n|start\n|switch|p1a: Vivillon|Vivillon-Pokeball, L50, M|100/100\n|switch|p1b: Farigiraf|Farigiraf, L50, M|100/100\n|switch|p2a: Arcanine|Arcanine-Hisui, L50, M|100/100\n|switch|p2b: Staraptor|Staraptor, L50, F|100/100\n|-ability|p2b: Staraptor|Intimidate|boost\n|-unboost|p1a: Vivillon|atk|1\n|-unboost|p1b: Farigiraf|atk|1\n|turn|1\n|\n|t:|1788233401\n|detailschange|p2b: Staraptor|Staraptor-Mega, L50, F\n|-mega|p2b: Staraptor|Staraptor|Staraptite\n|move|p1a: Vivillon|Rage Powder|p1a: Vivillon\n|-singleturn|p1a: Vivillon|move: Rage Powder\n|move|p2b: Staraptor|Close Combat|p1a: Vivillon\n|-resisted|p1a: Vivillon|2\n|-damage|p1a: Vivillon|68/100\n|-boost|p2b: Staraptor|def|1\n|-boost|p2b: Staraptor|spd|1\n|move|p2a: Arcanine|Head Smash|p1a: Vivillon\n|-supereffective|p1a: Vivillon|2\n|-damage|p1a: Vivillon|0 fnt\n|faint|p1a: Vivillon\n|move|p1b: Farigiraf|Trick Room|p1b: Farigiraf\n|-fieldstart|move: Trick Room|[of] p1b: Farigiraf\n|\n|upkeep\n|\n|t:|1788233414\n|switch|p1a: Camerupt|Camerupt, L50, F|100/100\n|turn|2\n|inactive|Battle timer is ON: inactive players will automatically lose when time's up. (requested by DecorateWithDonuts)\n|\n|t:|1788233447\n|detailschange|p1a: Camerupt|Camerupt-Mega, L50, F\n|-mega|p1a: Camerupt|Camerupt|Cameruptite\n|move|p2a: Arcanine|Extreme Speed||[still]\n|cant|p1b: Farigiraf|ability: Armor Tail|Extreme Speed|[of] p2a: Arcanine\n|move|p1a: Camerupt|Heat Wave|p2b: Staraptor|[spread] p2a,p2b\n|-resisted|p2a: Arcanine|2\n|-damage|p2a: Arcanine|83/100\n|-damage|p2b: Staraptor|57/100\n|move|p1b: Farigiraf|Psyshock|p2b: Staraptor\n|-supereffective|p2b: Staraptor|1\n|-damage|p2b: Staraptor|12/100\n|move|p2b: Staraptor|Close Combat|p1a: Camerupt\n|-damage|p1a: Camerupt|33/100\n|-boost|p2b: Staraptor|def|1\n|-boost|p2b: Staraptor|spd|1\n|\n|upkeep\n|turn|3\n|inactive|DecorateWithDonuts has 30 seconds left.\n|inactive|DecorateWithDonuts has 20 seconds left.\n|inactive|DecorateWithDonuts has 15 seconds left.\n|inactive|DecorateWithDonuts has 10 seconds left.\n|\n|t:|1788233497\n|move|p2b: Staraptor|Protect|p2b: Staraptor\n|-singleturn|p2b: Staraptor|Protect\n|move|p1a: Camerupt|Earth Power|p2a: Arcanine\n|-supereffective|p2a: Arcanine|2\n|-damage|p2a: Arcanine|0 fnt\n|faint|p2a: Arcanine\n|move|p1b: Farigiraf|Thunderbolt|p2b: Staraptor\n|-activate|p2b: Staraptor|move: Protect\n|\n|upkeep\n|\n|t:|1788233505\n|switch|p2a: Sylveon|Sylveon, L50, F|100/100\n|turn|4\n|inactive|DecorateWithDonuts has 30 seconds left.\n|\n|t:|1788233539\n|switch|p2b: Farigiraf|Farigiraf, L50, M|100/100\n|move|p1a: Camerupt|Earth Power|p2a: Sylveon\n|-damage|p2a: Sylveon|47/100\n|move|p1b: Farigiraf|Psyshock|p2b: Farigiraf\n|-resisted|p2b: Farigiraf|1\n|-damage|p2b: Farigiraf|86/100\n|move|p2a: Sylveon|Hyper Voice|p1b: Farigiraf|[spread] p1a,p1b\n|-resisted|p1a: Camerupt|1\n|-damage|p1a: Camerupt|13/100\n|-damage|p1b: Farigiraf|57/100\n|\n|upkeep\n|turn|5\n|inactive|DecorateWithDonuts has 30 seconds left.\n|inactive|KinnatheKoa has 30 seconds left.\n|\n|t:|1788233574\n|switch|p1a: Hatterene|Hatterene, L50, F|100/100\n|move|p2b: Farigiraf|Protect|p2b: Farigiraf\n|-singleturn|p2b: Farigiraf|Protect\n|move|p2a: Sylveon|Detect|p2a: Sylveon\n|-singleturn|p2a: Sylveon|Protect\n|move|p1b: Farigiraf|Thunderbolt|p2b: Farigiraf\n|-activate|p2b: Farigiraf|move: Protect\n|\n|-fieldend|move: Trick Room\n|upkeep\n|turn|6\n|inactive|DecorateWithDonuts has 30 seconds left.\n|inactive|KinnatheKoa has 30 seconds left.\n|inactive|DecorateWithDonuts has 20 seconds left.\n|inactive|DecorateWithDonuts has 15 seconds left.\n|inactive|DecorateWithDonuts has 10 seconds left.\n|\n|t:|1788233622\n|move|p2a: Sylveon|Hyper Voice|p1a: Hatterene|[spread] p1a,p1b\n|-damage|p1a: Hatterene|50/100y\n|-damage|p1b: Farigiraf|7/100\n|-enditem|p1b: Farigiraf|Sitrus Berry|[eat]\n|-heal|p1b: Farigiraf|32/100|[from] item: Sitrus Berry\n|move|p1b: Farigiraf|Psyshock|p2a: Sylveon\n|-damage|p2a: Sylveon|15/100\n|move|p2b: Farigiraf|Trick Room|p2b: Farigiraf\n|-fieldstart|move: Trick Room|[of] p2b: Farigiraf\n|move|p1a: Hatterene|Trick Room|p1a: Hatterene\n|-fieldend|move: Trick Room\n|\n|upkeep\n|turn|7\n|inactive|DecorateWithDonuts has 30 seconds left.\n|inactive|KinnatheKoa has 30 seconds left.\n|inactive|DecorateWithDonuts has 20 seconds left.\n|inactive|DecorateWithDonuts has 15 seconds left.\n|inactive|DecorateWithDonuts has 10 seconds left.\n|\n|t:|1788233671\n|move|p2a: Sylveon|Hyper Beam|p1a: Hatterene\n|-damage|p1a: Hatterene|0 fnt\n|-mustrecharge|p2a: Sylveon\n|faint|p1a: Hatterene\n|move|p2b: Farigiraf|Psychic|p1b: Farigiraf\n|-resisted|p1b: Farigiraf|1\n|-damage|p1b: Farigiraf|14/100\n|move|p1b: Farigiraf|Psyshock|p2a: Sylveon\n|-damage|p2a: Sylveon|0 fnt\n|faint|p2a: Sylveon\n|\n|upkeep\n|\n|t:|1788233681\n|switch|p2a: Staraptor|Staraptor-Mega, L50, F|12/100\n|switch|p1a: Camerupt|Camerupt-Mega, L50, F|13/100\n|turn|8\n|\n|t:|1788233699\n|move|p1a: Camerupt|Protect|p1a: Camerupt\n|-singleturn|p1a: Camerupt|Protect\n|move|p2a: Staraptor|Close Combat|p1b: Farigiraf\n|-damage|p1b: Farigiraf|0 fnt\n|-boost|p2a: Staraptor|def|1\n|-boost|p2a: Staraptor|spd|1\n|faint|p1b: Farigiraf\n|move|p2b: Farigiraf|Psychic|p1a: Camerupt\n|-activate|p1a: Camerupt|move: Protect\n|\n|upkeep\n|turn|9\n|inactive|DecorateWithDonuts has 30 seconds left.\n|inactive|DecorateWithDonuts has 20 seconds left.\n|\n|t:|1788233738\n|move|p2a: Staraptor|Close Combat|p1a: Camerupt\n|-damage|p1a: Camerupt|0 fnt\n|-boost|p2a: Staraptor|def|1\n|-boost|p2a: Staraptor|spd|1\n|faint|p1a: Camerupt\n|\n|win|KinnatheKoa\n","uploadtime":1788233283,"views":"2","formatid":"gen9championsvgc2026regmbbo3","rating":null,"private":0,"password":null}