{"id":"gen9championsvgc2026regmb-2674906336","format":"[Gen 9 Champions] VGC 2026 Reg M-B","players":["abdelobi","Thornlace48812"],"log":"|j|☆abdelobi\n|j|☆Thornlace48812\n|t:|1788433520\n|gametype|doubles\n|player|p1|abdelobi|cynthia-gen4|1138\n|player|p2|Thornlace48812|102|1199\n|gen|9\n|tier|[Gen 9 Champions] VGC 2026 Reg M-B\n|rated|\n|rule|Species Clause: Limit one of each Pokémon\n|rule|Item Clause: Limit 1 of each item\n|clearpoke\n|poke|p1|Sceptile, L50, F|\n|poke|p1|Rotom-Heat, L50, shiny|\n|poke|p1|Talonflame, L50, M, shiny|\n|poke|p1|Basculegion, L50, M, shiny|\n|poke|p1|Clefable, L50, F|\n|poke|p1|Jolteon, L50, M|\n|poke|p2|Garchomp, L50, M|\n|poke|p2|Charizard, L50, F|\n|poke|p2|Whimsicott, L50, F|\n|poke|p2|Sylveon, L50, M|\n|poke|p2|Kingambit, L50, F|\n|poke|p2|Basculegion, L50, M|\n|teampreview|4\n|inactive|Battle timer is ON: inactive players will automatically lose when time's up. (requested by abdelobi)\n|inactive|Thornlace48812 also wants the timer to be on.\nThornlace48812 rejected open team sheets.\n|\n|t:|1788433526\n|teamsize|p1|4\n|teamsize|p2|4\n|start\n|switch|p1a: Sceptile|Sceptile, L50, F|100/100\n|switch|p1b: Rotom|Rotom-Heat, L50, shiny|100/100\n|switch|p2a: Charizard|Charizard, L50, F|100/100\n|switch|p2b: Sylveon|Sylveon, L50, M|100/100\n|turn|1\n|\n|t:|1788433537\n|detailschange|p1a: Sceptile|Sceptile-Mega, L50, F\n|-mega|p1a: Sceptile|Sceptile|Sceptilite\n|detailschange|p2a: Charizard|Charizard-Mega-Y, L50, F\n|-mega|p2a: Charizard|Charizard|Charizardite Y\n|-weather|SunnyDay|[from] ability: Drought|[of] p2a: Charizard\n|move|p2a: Charizard|Protect|p2a: Charizard\n|-singleturn|p2a: Charizard|Protect\n|move|p1b: Rotom|Discharge|p2a: Charizard|[spread] p2b\n|-activate|p2a: Charizard|move: Protect\n|-ability|p1a: Sceptile|Lightning Rod|boost\n|-boost|p1a: Sceptile|spa|1\n|-damage|p2b: Sylveon|81/100\n|move|p1a: Sceptile|Giga Drain|p2b: Sylveon\n|-damage|p2b: Sylveon|33/100\n|move|p2b: Sylveon|Hyper Voice|p1b: Rotom|[spread] p1a,p1b\n|-supereffective|p1a: Sceptile|1\n|-resisted|p1b: Rotom|1\n|-damage|p1a: Sceptile|0 fnt\n|-damage|p1b: Rotom|66/100\n|faint|p1a: Sceptile\n|\n|-weather|SunnyDay|[upkeep]\n|upkeep\n|\n|t:|1788433553\n|switch|p1a: Talonflame|Talonflame, L50, M, shiny|100/100\n|turn|2\n|\n|t:|1788433563\n|switch|p2a: Whimsicott|Whimsicott, L50, F|100/100\n|move|p1a: Talonflame|Protect|p1a: Talonflame\n|-singleturn|p1a: Talonflame|Protect\n|move|p1b: Rotom|Discharge|p2b: Sylveon|[spread] p2a,p2b\n|-activate|p1a: Talonflame|move: Protect\n|-resisted|p2a: Whimsicott|1\n|-damage|p2a: Whimsicott|77/100\n|-damage|p2b: Sylveon|12/100\n|move|p2b: Sylveon|Hyper Beam|p1b: Rotom\n|-resisted|p1b: Rotom|1\n|-damage|p1b: Rotom|0 fnt\n|-mustrecharge|p2b: Sylveon\n|faint|p1b: Rotom\n|\n|-weather|SunnyDay|[upkeep]\n|upkeep\n|\n|t:|1788433574\n|switch|p1b: Basculegion|Basculegion, L50, M, shiny|100/100\n|turn|3\n|\n|t:|1788433583\n|move|p1a: Talonflame|Acrobatics|p2a: Whimsicott\n|-supereffective|p2a: Whimsicott|1\n|-damage|p2a: Whimsicott|0 fnt\n|faint|p2a: Whimsicott\n|move|p1b: Basculegion|Aqua Jet|p2b: Sylveon\n|-damage|p2b: Sylveon|0 fnt\n|faint|p2b: Sylveon\n|-damage|p1b: Basculegion|90/100|[from] item: Life Orb\n|\n|-weather|SunnyDay|[upkeep]\n|upkeep\n|\n|t:|1788433583\n|switch|p2a: Charizard|Charizard-Mega-Y, L50, F|100/100\n|switch|p2b: Basculegion|Basculegion, L50, M|100/100\n|turn|4\n|\n|t:|1788433604\n|move|p1a: Talonflame|Acrobatics|p2a: Charizard\n|-damage|p2a: Charizard|46/100\n|move|p2a: Charizard|Heat Wave|p1a: Talonflame|[spread] p1a,p1b\n|-resisted|p1a: Talonflame|1\n|-resisted|p1b: Basculegion|1\n|-crit|p1b: Basculegion\n|-damage|p1a: Talonflame|45/100\n|-damage|p1b: Basculegion|35/100\n|move|p1b: Basculegion|Last Respects|p2a: Charizard\n|-damage|p2a: Charizard|0 fnt\n|faint|p2a: Charizard\n|-damage|p1b: Basculegion|25/100|[from] item: Life Orb\n|move|p2b: Basculegion|Last Respects|p1b: Basculegion\n|-supereffective|p1b: Basculegion|1\n|-damage|p1b: Basculegion|0 fnt\n|faint|p1b: Basculegion\n|\n|-weather|SunnyDay|[upkeep]\n|upkeep\n|turn|5\n|\n|t:|1788433620\n|move|p1a: Talonflame|Acrobatics|p2b: Basculegion\n|-damage|p2b: Basculegion|54/100\n|move|p2b: Basculegion|Last Respects|p1a: Talonflame\n|-damage|p1a: Talonflame|0 fnt\n|faint|p1a: Talonflame\n|\n|win|Thornlace48812\n|raw|abdelobi's rating: 1138 &rarr; <strong>1122</strong><br />(-16 for losing)\n|raw|Thornlace48812's rating: 1271 &rarr; <strong>1287</strong><br />(+16 for winning)\n","uploadtime":1788433620,"views":"1","formatid":"gen9championsvgc2026regmb","rating":1122,"private":0,"password":null}