{"id":"gen9championsvgc2026regmb-2674925323","format":"[Gen 9 Champions] VGC 2026 Reg M-B","players":["daviredsky","itabigloser"],"log":"|j|☆daviredsky\n|j|☆itabigloser\n|t:|1788436965\n|gametype|doubles\n|player|p1|daviredsky|1|1209\n|player|p2|itabigloser|hilbert|1143\n|gen|9\n|tier|[Gen 9 Champions] VGC 2026 Reg M-B\n|rated|\n|rule|Species Clause: Limit one of each Pokémon\n|rule|Item Clause: Limit 1 of each item\n|clearpoke\n|poke|p1|Annihilape, L50, M|\n|poke|p1|Whimsicott, L50, M|\n|poke|p1|Hydreigon, L50, M|\n|poke|p1|Metagross, L50|\n|poke|p1|Raichu, L50, M|\n|poke|p1|Milotic, L50, M|\n|poke|p2|Floette-Eternal, L50, F|\n|poke|p2|Sinistcha, L50|\n|poke|p2|Whimsicott, L50, M|\n|poke|p2|Garchomp, L50, F|\n|poke|p2|Decidueye-Hisui, L50, M|\n|poke|p2|Charizard, L50, F|\n|teampreview|4\n|\n|t:|1788436991\n|teamsize|p1|4\n|teamsize|p2|4\n|start\n|switch|p1a: Metagross|Metagross, L50|100/100\n|switch|p1b: Raichu|Raichu, L50, M|100/100\n|switch|p2a: Floette|Floette-Eternal, L50, F|100/100\n|switch|p2b: Decidueye|Decidueye-Hisui, L50, M|100/100\n|turn|1\n|\n|t:|1788437009\n|switch|p2a: Garchomp|Garchomp, L50, F|100/100\n|move|p1b: Raichu|Fake Out|p2b: Decidueye\n|-damage|p2b: Decidueye|91/100\n|cant|p2b: Decidueye|flinch\n|move|p1a: Metagross|Meteor Mash|p2a: Garchomp\n|-damage|p2a: Garchomp|55/100\n|-damage|p1a: Metagross|87/100|[from] ability: Rough Skin|[of] p2a: Garchomp\n|\n|upkeep\n|turn|2\n|\n|t:|1788437026\n|move|p1b: Raichu|Protect|p1b: Raichu\n|-singleturn|p1b: Raichu|Protect\n|move|p2b: Decidueye|Protect|p2b: Decidueye\n|-singleturn|p2b: Decidueye|Protect\n|move|p2a: Garchomp|Earthquake|p1b: Raichu|[spread] p1a\n|-activate|p2b: Decidueye|move: Protect\n|-activate|p1b: Raichu|move: Protect\n|-supereffective|p1a: Metagross|1\n|-damage|p1a: Metagross|21/100\n|move|p1a: Metagross|Ice Punch|p2a: Garchomp\n|-supereffective|p2a: Garchomp|2\n|-damage|p2a: Garchomp|0 fnt\n|-damage|p1a: Metagross|9/100|[from] ability: Rough Skin|[of] p2a: Garchomp\n|faint|p2a: Garchomp\n|\n|upkeep\n|\n|t:|1788437041\n|switch|p2a: Sinistcha|Sinistcha, L50|100/100\n|-heal|p2b: Decidueye|100/100|[from] ability: Hospitality|[of] p2a: Sinistcha\n|turn|3\n|\n|t:|1788437062\n|switch|p1b: Milotic|Milotic, L50, M|100/100\n|switch|p1a: Hydreigon|Hydreigon, L50, M|100/100\n|move|p2b: Decidueye|Sucker Punch||[still]\n|-fail|p2b: Decidueye\n|move|p2a: Sinistcha|Matcha Gotcha|p1a: Hydreigon|[spread] p1a,p1b\n|-resisted|p1a: Hydreigon|1\n|-supereffective|p1b: Milotic|1\n|-damage|p1a: Hydreigon|87/100\n|-damage|p1b: Milotic|67/100\n|\n|-heal|p1b: Milotic|73/100|[from] item: Leftovers\n|upkeep\n|turn|4\n|\n|t:|1788437094\n|move|p1a: Hydreigon|Heat Wave|p2b: Decidueye|[spread] p2a,p2b\n|-supereffective|p2a: Sinistcha|1\n|-supereffective|p2b: Decidueye|1\n|-damage|p2a: Sinistcha|38/100\n|-damage|p2b: Decidueye|29/100\n|-status|p2a: Sinistcha|brn\n|-damage|p1a: Hydreigon|78/100|[from] item: Life Orb\n|move|p1b: Milotic|Icy Wind|p2a: Sinistcha|[spread] p2a,p2b\n|-supereffective|p2a: Sinistcha|1\n|-supereffective|p2b: Decidueye|1\n|-damage|p2a: Sinistcha|18/100 brn\n|-damage|p2b: Decidueye|8/100\n|-unboost|p2a: Sinistcha|spe|1\n|-unboost|p2b: Decidueye|spe|1\n|move|p2a: Sinistcha|Matcha Gotcha|p1b: Milotic|[spread] p1a,p1b\n|-resisted|p1a: Hydreigon|1\n|-supereffective|p1b: Milotic|1\n|-damage|p1a: Hydreigon|63/100\n|-heal|p2a: Sinistcha|25/100 brn|[from] drain|[of] p1a: Hydreigon\n|-damage|p1b: Milotic|40/100\n|-heal|p2a: Sinistcha|44/100 brn|[from] drain|[of] p1b: Milotic\n|move|p2b: Decidueye|Triple Arrows|p1a: Hydreigon\n|-supereffective|p1a: Hydreigon|1\n|-crit|p1a: Hydreigon\n|-damage|p1a: Hydreigon|0 fnt\n|faint|p1a: Hydreigon\n|\n|-heal|p1b: Milotic|46/100|[from] item: Leftovers\n|-heal|p2a: Sinistcha|50/100g brn|[from] item: Leftovers\n|-damage|p2a: Sinistcha|44/100 brn|[from] brn\n|upkeep\n|\n|t:|1788437105\n|switch|p1a: Raichu|Raichu, L50, M|100/100\n|turn|5\n|\n|t:|1788437123\n|switch|p1a: Metagross|Metagross, L50|9/100\n|move|p2b: Decidueye|Protect|p2b: Decidueye\n|-singleturn|p2b: Decidueye|Protect\n|move|p1b: Milotic|Icy Wind|p2a: Sinistcha|[spread] p2a\n|-activate|p2b: Decidueye|move: Protect\n|-supereffective|p2a: Sinistcha|1\n|-damage|p2a: Sinistcha|21/100 brn\n|-unboost|p2a: Sinistcha|spe|1\n|move|p2a: Sinistcha|Life Dew|p2a: Sinistcha|[spread] p2a,p2b\n|-heal|p2a: Sinistcha|46/100 brn\n|-heal|p2b: Decidueye|33/100\n|\n|-heal|p1b: Milotic|52/100|[from] item: Leftovers\n|-heal|p2a: Sinistcha|52/100 brn|[from] item: Leftovers\n|-damage|p2a: Sinistcha|46/100 brn|[from] brn\n|upkeep\n|turn|6\n|\n|t:|1788437145\n|detailschange|p1a: Metagross|Metagross-Mega, L50\n|-mega|p1a: Metagross|Metagross|Metagrossite\n|move|p2b: Decidueye|Sucker Punch|p1a: Metagross\n|-supereffective|p1a: Metagross|1\n|-damage|p1a: Metagross|0 fnt\n|faint|p1a: Metagross\n|move|p1b: Milotic|Icy Wind|p2a: Sinistcha|[spread] p2a,p2b\n|-supereffective|p2a: Sinistcha|1\n|-supereffective|p2b: Decidueye|1\n|-damage|p2a: Sinistcha|25/100 brn\n|-damage|p2b: Decidueye|13/100\n|-unboost|p2a: Sinistcha|spe|1\n|-unboost|p2b: Decidueye|spe|1\n|move|p2a: Sinistcha|Matcha Gotcha|p1b: Milotic\n|-supereffective|p1b: Milotic|1\n|-damage|p1b: Milotic|6/100\n|-heal|p2a: Sinistcha|51/100 brn|[from] drain|[of] p1b: Milotic\n|-status|p1b: Milotic|brn\n|\n|-heal|p1b: Milotic|12/100 brn|[from] item: Leftovers\n|-heal|p2a: Sinistcha|57/100 brn|[from] item: Leftovers\n|-damage|p1b: Milotic|6/100 brn|[from] brn\n|-damage|p2a: Sinistcha|51/100 brn|[from] brn\n|upkeep\n|\n|t:|1788437158\n|switch|p1a: Raichu|Raichu, L50, M|100/100\n|turn|7\n|\n|t:|1788437170\n|move|p2b: Decidueye|Protect|p2b: Decidueye\n|-singleturn|p2b: Decidueye|Protect\n|move|p1a: Raichu|Fake Out|p2b: Decidueye\n|-activate|p2b: Decidueye|move: Protect\n|move|p1b: Milotic|Recover|p1b: Milotic\n|-heal|p1b: Milotic|56/100 brn\n|move|p2a: Sinistcha|Life Dew|p2a: Sinistcha|[spread] p2a,p2b\n|-heal|p2a: Sinistcha|76/100 brn\n|-heal|p2b: Decidueye|38/100\n|\n|-heal|p1b: Milotic|62/100 brn|[from] item: Leftovers\n|-heal|p2a: Sinistcha|82/100 brn|[from] item: Leftovers\n|-damage|p1b: Milotic|56/100 brn|[from] brn\n|-damage|p2a: Sinistcha|76/100 brn|[from] brn\n|upkeep\n|turn|8\n|\n|t:|1788437184\n|move|p2b: Decidueye|Sucker Punch|p1a: Raichu\n|-damage|p1a: Raichu|52/100\n|move|p1a: Raichu|Zap Cannon|p2b: Decidueye|[miss]\n|-miss|p1a: Raichu|p2b: Decidueye\n|move|p1b: Milotic|Recover|p1b: Milotic\n|-heal|p1b: Milotic|100/100 brn\n|move|p2a: Sinistcha|Matcha Gotcha|p1b: Milotic|[spread] p1a,p1b\n|-supereffective|p1b: Milotic|1\n|-crit|p1b: Milotic\n|-damage|p1a: Raichu|16/100\n|-heal|p2a: Sinistcha|91/100 brn|[from] drain|[of] p1a: Raichu\n|-damage|p1b: Milotic|49/100 brn\n|-heal|p2a: Sinistcha|100/100 brn|[from] drain|[of] p1b: Milotic\n|\n|-heal|p1b: Milotic|55/100 brn|[from] item: Leftovers\n|-damage|p1b: Milotic|49/100 brn|[from] brn\n|-damage|p2a: Sinistcha|93/100 brn|[from] brn\n|upkeep\n|turn|9\n|\n|t:|1788437201\n|move|p2b: Decidueye|Sucker Punch|p1a: Raichu\n|-damage|p1a: Raichu|0 fnt\n|faint|p1a: Raichu\n|move|p1b: Milotic|Icy Wind|p2a: Sinistcha|[spread] p2a,p2b\n|-supereffective|p2a: Sinistcha|1\n|-supereffective|p2b: Decidueye|1\n|-crit|p2b: Decidueye\n|-damage|p2a: Sinistcha|74/100 brn\n|-damage|p2b: Decidueye|6/100\n|-unboost|p2a: Sinistcha|spe|1\n|-unboost|p2b: Decidueye|spe|1\n|move|p2a: Sinistcha|Matcha Gotcha|p1b: Milotic\n|-supereffective|p1b: Milotic|1\n|-damage|p1b: Milotic|7/100 brn\n|-heal|p2a: Sinistcha|98/100 brn|[from] drain|[of] p1b: Milotic\n|\n|-heal|p1b: Milotic|13/100 brn|[from] item: Leftovers\n|-heal|p2a: Sinistcha|100/100 brn|[from] item: Leftovers\n|-damage|p1b: Milotic|7/100 brn|[from] brn\n|-damage|p2a: Sinistcha|93/100 brn|[from] brn\n|upkeep\n|turn|10\n|\n|t:|1788437213\n|move|p2b: Decidueye|Sucker Punch|p1b: Milotic\n|-damage|p1b: Milotic|0 fnt\n|faint|p1b: Milotic\n|\n|win|itabigloser\n|raw|daviredsky's rating: 1209 &rarr; <strong>1179</strong><br />(-30 for losing)\n|raw|itabigloser's rating: 1143 &rarr; <strong>1173</strong><br />(+30 for winning)\n","uploadtime":1788437213,"views":"1","formatid":"gen9championsvgc2026regmb","rating":1173,"private":0,"password":null}