{"id":"gen9championsvgc2026regmb-2674475414","format":"[Gen 9 Champions] VGC 2026 Reg M-B","players":["Meed","daiceguy"],"log":"|j|☆Meed\n|j|☆daiceguy\n|t:|1788364187\n|gametype|doubles\n|player|p1|Meed|lady-gen4|1204\n|player|p2|daiceguy|265|1100\n|gen|9\n|tier|[Gen 9 Champions] VGC 2026 Reg M-B\n|rated|\n|rule|Species Clause: Limit one of each Pokémon\n|rule|Item Clause: Limit 1 of each item\n|clearpoke\n|poke|p1|Rotom-Wash, L50|\n|poke|p1|Sableye, L50, F|\n|poke|p1|Garchomp, L50, M|\n|poke|p1|Corviknight, L50, F|\n|poke|p1|Gardevoir, L50, M|\n|poke|p1|Arcanine-Hisui, L50, F|\n|poke|p2|Froslass, L50, F|\n|poke|p2|Rotom-Frost, L50, shiny|\n|poke|p2|Espathra, L50, M|\n|poke|p2|Incineroar, L50, M|\n|poke|p2|Delphox, L50, M|\n|poke|p2|Sinistcha-Masterpiece, L50|\n|teampreview|4\nMeed rejected open team sheets.\n|inactive|Battle timer is ON: inactive players will automatically lose when time's up. (requested by Meed)\n|\n|t:|1788364217\n|teamsize|p1|4\n|teamsize|p2|4\n|start\n|switch|p1a: Rotom|Rotom-Wash, L50|100/100\n|switch|p1b: Sableye|Sableye, L50, F|100/100\n|switch|p2a: Delphox|Delphox, L50, M|100/100\n|switch|p2b: Incineroar|Incineroar, L50, M|100/100\n|-ability|p2b: Incineroar|Intimidate|boost\n|-unboost|p1a: Rotom|atk|1\n|-unboost|p1b: Sableye|atk|1\n|turn|1\n|inactive|daiceguy has 30 seconds left.\n|\n|t:|1788364245\n|detailschange|p2a: Delphox|Delphox-Mega, L50, M\n|-mega|p2a: Delphox|Delphox|Delphoxite\n|move|p2a: Delphox|Protect|p2a: Delphox\n|-singleturn|p2a: Delphox|Protect\n|move|p1a: Rotom|Hydro Pump|p2a: Delphox\n|-activate|p2a: Delphox|move: Protect\n|move|p2b: Incineroar|Taunt|p1b: Sableye\n|-start|p1b: Sableye|move: Taunt\n|move|p1b: Sableye|Knock Off|p2a: Delphox\n|-activate|p2a: Delphox|move: Protect\n|\n|upkeep\n|turn|2\n|inactive|daiceguy has 30 seconds left.\n|inactive|daiceguy has 20 seconds left.\n|\n|t:|1788364285\n|switch|p1b: Arcanine|Arcanine-Hisui, L50, F|100/100\n|move|p2a: Delphox|Substitute|p2a: Delphox\n|-start|p2a: Delphox|Substitute\n|-damage|p2a: Delphox|75/100\n|move|p1a: Rotom|Hydro Pump|p2a: Delphox|[miss]\n|-miss|p1a: Rotom|p2a: Delphox\n|move|p2b: Incineroar|Parting Shot|p1a: Rotom\n|-unboost|p1a: Rotom|atk|1\n|-unboost|p1a: Rotom|spa|1\n|\n|t:|1788364300\n|switch|p2b: Sinistcha|Sinistcha-Masterpiece, L50|100/100|[from] Parting Shot\n|-heal|p2a: Delphox|100/100|[from] ability: Hospitality|[of] p2b: Sinistcha\n|\n|upkeep\n|turn|3\n|inactive|Meed has 30 seconds left.\n|inactive|daiceguy has 30 seconds left.\n|\n|t:|1788364326\n|switch|p1a: Gardevoir|Gardevoir, L50, M|100/100\n|switch|p2b: Incineroar|Incineroar, L50, M|100/100\n|-ability|p2b: Incineroar|Intimidate|boost\n|-unboost|p1a: Gardevoir|atk|1\n|-unboost|p1b: Arcanine|atk|1\n|move|p2a: Delphox|Protect|p2a: Delphox\n|-singleturn|p2a: Delphox|Protect\n|move|p1b: Arcanine|Protect||[still]\n|-fail|p1b: Arcanine\n|\n|upkeep\n|turn|4\n|inactive|daiceguy has 30 seconds left.\n|\n|t:|1788364353\n|switch|p1b: Rotom|Rotom-Wash, L50|100/100\n|detailschange|p1a: Gardevoir|Gardevoir-Mega, L50, M\n|-mega|p1a: Gardevoir|Gardevoir|Gardevoirite\n|move|p2b: Incineroar|Fake Out|p1b: Rotom\n|-damage|p1b: Rotom|87/100\n|move|p2a: Delphox|Heat Wave|p1a: Gardevoir|[spread] p1a,p1b\n|-resisted|p1b: Rotom|1\n|-damage|p1a: Gardevoir|56/100\n|-damage|p1b: Rotom|66/100\n|move|p1a: Gardevoir|Hyper Voice|p2a: Delphox|[spread] p2a,p2b\n|-resisted|p2a: Delphox|1\n|-damage|p2a: Delphox|78/100\n|-damage|p2b: Incineroar|68/100\n|\n|upkeep\n|turn|5\n|\n|t:|1788364376\n|move|p2a: Delphox|Protect|p2a: Delphox\n|-singleturn|p2a: Delphox|Protect\n|move|p1a: Gardevoir|Aura Sphere|p2b: Incineroar\n|-supereffective|p2b: Incineroar|1\n|-damage|p2b: Incineroar|20/100y\n|-enditem|p2b: Incineroar|Sitrus Berry|[eat]\n|-heal|p2b: Incineroar|45/100|[from] item: Sitrus Berry\n|move|p1b: Rotom|Hydro Pump|p2a: Delphox\n|-activate|p2a: Delphox|move: Protect\n|move|p2b: Incineroar|Parting Shot|p1a: Gardevoir\n|-unboost|p1a: Gardevoir|atk|1\n|-unboost|p1a: Gardevoir|spa|1\n|\n|t:|1788364392\n|switch|p2b: Espathra|Espathra, L50, M|100/100|[from] Parting Shot\n|\n|upkeep\n|turn|6\n|inactive|daiceguy has 30 seconds left.\n|\n|t:|1788364418\n|move|p2a: Delphox|Heat Wave|p1a: Gardevoir|[spread] p1a,p1b\n|-resisted|p1b: Rotom|1\n|-damage|p1a: Gardevoir|19/100\n|-damage|p1b: Rotom|43/100\n|-status|p1b: Rotom|brn\n|-enditem|p1b: Rotom|Sitrus Berry|[eat]\n|-heal|p1b: Rotom|68/100 brn|[from] item: Sitrus Berry\n|move|p1a: Gardevoir|Hyper Voice|p2a: Delphox|[spread] p2a,p2b\n|-resisted|p2a: Delphox|1\n|-damage|p2a: Delphox|61/100\n|-damage|p2b: Espathra|70/100\n|move|p2b: Espathra|Calm Mind|p2b: Espathra\n|-boost|p2b: Espathra|spa|1\n|-boost|p2b: Espathra|spd|1\n|move|p1b: Rotom|Hydro Pump|p2a: Delphox\n|-supereffective|p2a: Delphox|1\n|-end|p2a: Delphox|Substitute\n|\n|-damage|p1b: Rotom|63/100 brn|[from] brn\n|-ability|p2b: Espathra|Speed Boost|boost\n|-boost|p2b: Espathra|spe|1\n|upkeep\n|turn|7\n|inactive|Meed has 30 seconds left.\n|inactive|daiceguy has 30 seconds left.\n|inactive|Meed has 20 seconds left.\n|\n|t:|1788364454\n|switch|p2a: Sinistcha|Sinistcha-Masterpiece, L50|100/100\n|-heal|p2b: Espathra|95/100|[from] ability: Hospitality|[of] p2a: Sinistcha\n|move|p2b: Espathra|Lumina Crash|p1a: Gardevoir\n|-resisted|p1a: Gardevoir|1\n|-damage|p1a: Gardevoir|0 fnt\n|faint|p1a: Gardevoir\n|move|p1b: Rotom|Hydro Pump|p2a: Sinistcha\n|-resisted|p2a: Sinistcha|1\n|-damage|p2a: Sinistcha|76/100\n|\n|-damage|p1b: Rotom|57/100 brn|[from] brn\n|-ability|p2b: Espathra|Speed Boost|boost\n|-boost|p2b: Espathra|spe|1\n|upkeep\n|\n|t:|1788364467\n|switch|p1a: Sableye|Sableye, L50, F|100/100\n|turn|8\n|\n|t:|1788364478\n|move|p1a: Sableye|Encore|p2b: Espathra\n|-start|p2b: Espathra|Encore\n|move|p2b: Espathra|Lumina Crash|p1a: Sableye\n|-immune|p1a: Sableye\n|move|p1b: Rotom|Dark Pulse|p2a: Sinistcha\n|-supereffective|p2a: Sinistcha|1\n|-enditem|p2a: Sinistcha|Colbur Berry|[eat]\n|-enditem|p2a: Sinistcha|Colbur Berry|[weaken]\n|-damage|p2a: Sinistcha|53/100\n|cant|p2a: Sinistcha|flinch\n|\n|-damage|p1b: Rotom|51/100 brn|[from] brn\n|-ability|p2b: Espathra|Speed Boost|boost\n|-boost|p2b: Espathra|spe|1\n|upkeep\n|turn|9\n|inactive|daiceguy has 30 seconds left.\n|\n|t:|1788364506\n|switch|p2a: Incineroar|Incineroar, L50, M|45/100\n|-ability|p2a: Incineroar|Intimidate|boost\n|-unboost|p1a: Sableye|atk|1\n|-unboost|p1b: Rotom|atk|1\n|move|p2b: Espathra|Lumina Crash|p1b: Rotom\n|-damage|p1b: Rotom|3/100 brn\n|-unboost|p1b: Rotom|spd|2\n|move|p1b: Rotom|Dark Pulse|p2a: Incineroar\n|-resisted|p2a: Incineroar|1\n|-damage|p2a: Incineroar|36/100\n|move|p1a: Sableye|Knock Off|p2a: Incineroar\n|-resisted|p2a: Incineroar|1\n|-damage|p2a: Incineroar|30/100\n|\n|-damage|p1b: Rotom|0 fnt|[from] brn\n|faint|p1b: Rotom\n|-ability|p2b: Espathra|Speed Boost|boost\n|-boost|p2b: Espathra|spe|1\n|upkeep\n|\n|t:|1788364523\n|switch|p1b: Arcanine|Arcanine-Hisui, L50, F|100/100\n|turn|10\n|\n|t:|1788364538\n|move|p1b: Arcanine|Extreme Speed|p2a: Incineroar\n|-damage|p2a: Incineroar|5/100\n|move|p2b: Espathra|Lumina Crash|p1b: Arcanine\n|-damage|p1b: Arcanine|52/100\n|-unboost|p1b: Arcanine|spd|2\n|move|p2a: Incineroar|Taunt|p1a: Sableye\n|-start|p1a: Sableye|move: Taunt\n|move|p1a: Sableye|Knock Off|p2b: Espathra\n|-supereffective|p2b: Espathra|1\n|-damage|p2b: Espathra|46/100\n|-enditem|p2b: Espathra|Focus Sash|[from] move: Knock Off|[of] p1a: Sableye\n|\n|-end|p2b: Espathra|Encore\n|-ability|p2b: Espathra|Speed Boost|boost\n|-boost|p2b: Espathra|spe|1\n|upkeep\n|turn|11\n|\n|t:|1788364561\n|move|p1b: Arcanine|Extreme Speed|p2a: Incineroar\n|-damage|p2a: Incineroar|0 fnt\n|faint|p2a: Incineroar\n|move|p2b: Espathra|Baton Pass|p2b: Espathra\n|\n|t:|1788364565\n|switch|p2b: Delphox|Delphox-Mega, L50, M|61/100|[from] Baton Pass\n|move|p1a: Sableye|Knock Off|p2b: Delphox\n|-supereffective|p2b: Delphox|1\n|-damage|p2b: Delphox|25/100\n|\n|upkeep\n|\n|t:|1788364573\n|switch|p2a: Sinistcha|Sinistcha-Masterpiece, L50|53/100\n|-heal|p2b: Delphox|50/100g|[from] ability: Hospitality|[of] p2a: Sinistcha\n|turn|12\n|\n|t:|1788364597\n|move|p2b: Delphox|Protect|p2b: Delphox\n|-singleturn|p2b: Delphox|Protect\n|move|p1b: Arcanine|Flare Blitz|p2a: Sinistcha\n|-supereffective|p2a: Sinistcha|1\n|-damage|p2a: Sinistcha|0 fnt\n|faint|p2a: Sinistcha\n|move|p1a: Sableye|Knock Off|p2b: Delphox\n|-activate|p2b: Delphox|move: Protect\n|\n|-end|p1a: Sableye|move: Taunt\n|upkeep\n|\n|t:|1788364607\n|switch|p2a: Espathra|Espathra, L50, M|46/100\n|turn|13\n|inactive|daiceguy has 30 seconds left.\n|\n|t:|1788364638\n|move|p1a: Sableye|Encore|p2b: Delphox\n|-start|p2b: Delphox|Encore\n|move|p2b: Delphox|Protect||[still]\n|-fail|p2b: Delphox\n|move|p1b: Arcanine|Head Smash|p2b: Delphox\n|-supereffective|p2b: Delphox|1\n|-damage|p2b: Delphox|0 fnt\n|faint|p2b: Delphox\n|move|p2a: Espathra|Lumina Crash|p1b: Arcanine\n|-damage|p1b: Arcanine|0 fnt\n|faint|p1b: Arcanine\n|\n|-ability|p2a: Espathra|Speed Boost|boost\n|-boost|p2a: Espathra|spe|1\n|upkeep\n|turn|14\n|-message|daiceguy forfeited.\n|\n|win|Meed\n|raw|Meed's rating: 1204 &rarr; <strong>1222</strong><br />(+18 for winning)\n|raw|daiceguy's rating: 1100 &rarr; <strong>1082</strong><br />(-18 for losing)\n|l|☆daiceguy\n|player|p2|\n","uploadtime":1788364688,"views":"13","formatid":"gen9championsvgc2026regmb","rating":1082,"private":0,"password":null}