{"id":"gen9championsvgc2026regmb-2674766429","format":"[Gen 9 Champions] VGC 2026 Reg M-B","players":["a_0602","Terry Unbound"],"log":"|j|☆a_0602\n|j|☆Terry Unbound\n|html|<table width=\"100%\"><tr><td align=\"left\">a_0602</td><td align=\"right\">Terry Unbound</tr><tr><td align=\"left\"><i class=\"fa fa-circle-o\"></i> <i class=\"fa fa-circle-o\"></i> </td><td align=\"right\"><i class=\"fa fa-circle-o\"></i> <i class=\"fa fa-circle-o\"></i> </tr></table>\n|uhtml|bestof|<h2><strong>Game 1</strong> of <a href=\"/game-bestof3-gen9championsvgc2026regmb-2674766428\">a best-of-3</a></h2>\n|t:|1788402889\n|gametype|doubles\n|player|p1|a_0602|swimmer-gen4|\n|player|p2|Terry Unbound|gambler|\n|gen|9\n|tier|[Gen 9 Champions] VGC 2026 Reg M-B\n|rule|Species Clause: Limit one of each Pokémon\n|rule|Item Clause: Limit 1 of each item\n|raw|<div class=\"infobox\"><details class=\"readmore\" open><summary><strong>1 custom rule:</strong></summary> Best of = 3</details></div>\n|clearpoke\n|poke|p1|Whimsicott, L50, M|\n|poke|p1|Gholdengo, L50|\n|poke|p1|Blastoise, L50, F|\n|poke|p1|Arcanine, L50, M|\n|poke|p1|Conkeldurr, L50, M|\n|poke|p1|Alakazam, L50, F|\n|poke|p2|Froslass, L50, F|\n|poke|p2|Gallade, L50, M|\n|poke|p2|Scovillain, L50, F|\n|poke|p2|Kingambit, L50, M|\n|poke|p2|Audino, L50, F|\n|poke|p2|Vivillon, L50, F|\n|teampreview|4\nTerry Unbound rejected open team sheets.\n|c|☆Terry Unbound|glhf :)\n|j| yunglegs\n|c|☆a_0602|best of luck - looking forward to some bomb ass tricks\n|c| yunglegs|Mid-week game!!!\n|j| five_venoms\n|j| Percivol\n|j| jdthetoastmachine\n|\n|t:|1788403065\n|teamsize|p1|4\n|teamsize|p2|4\n|start\n|switch|p1a: Transform Sequence|Blastoise, L50, F|100/100\n|switch|p1b: Cold Reading|Alakazam, L50, F|100/100\n|switch|p2a: Scovillain|Scovillain, L50, F|100/100\n|switch|p2b: Gallade|Gallade, L50, M|100/100\n|turn|1\n|\n|t:|1788403124\n|detailschange|p1a: Transform Sequence|Blastoise-Mega, L50, F\n|-mega|p1a: Transform Sequence|Blastoise|Blastoisinite\n|move|p1b: Cold Reading|Psychic|p2a: Scovillain\n|-damage|p2a: Scovillain|31/100\n|move|p1a: Transform Sequence|Shell Smash|p1a: Transform Sequence\n|-unboost|p1a: Transform Sequence|def|1\n|-unboost|p1a: Transform Sequence|spd|1\n|-boost|p1a: Transform Sequence|atk|2\n|-boost|p1a: Transform Sequence|spa|2\n|-boost|p1a: Transform Sequence|spe|2\n|move|p2a: Scovillain|Giga Drain|p1a: Transform Sequence\n|-supereffective|p1a: Transform Sequence|1\n|-damage|p1a: Transform Sequence|28/100\n|-heal|p2a: Scovillain|68/100|[from] drain|[of] p1a: Transform Sequence\n|move|p2b: Gallade|Trick Room|p2b: Gallade\n|-fieldstart|move: Trick Room|[of] p2b: Gallade\n|\n|-ability|p2a: Scovillain|Moody|boost\n|-boost|p2a: Scovillain|spa|2\n|-unboost|p2a: Scovillain|spe|1\n|upkeep\n|turn|2\n|c|☆a_0602|dang, slow Gallade\n|c| yunglegs|crazy moody lmao\n|c|☆Terry Unbound|xD\n|\n|t:|1788403171\n|move|p2a: Scovillain|Protect|p2a: Scovillain\n|-singleturn|p2a: Scovillain|Protect\n|move|p1b: Cold Reading|Protect|p1b: Cold Reading\n|-singleturn|p1b: Cold Reading|Protect\n|move|p1a: Transform Sequence|Protect|p1a: Transform Sequence\n|-singleturn|p1a: Transform Sequence|Protect\n|move|p2b: Gallade|Night Slash|p1b: Cold Reading\n|-activate|p1b: Cold Reading|move: Protect\n|\n|-ability|p2a: Scovillain|Moody|boost\n|-boost|p2a: Scovillain|def|2\n|-unboost|p2a: Scovillain|atk|1\n|upkeep\n|turn|3\n|c| yunglegs|wow this is a crazy good mood\n|\n|t:|1788403210\n|switch|p1a: Pet the Dog|Arcanine, L50, M|100/100\n|-ability|p1a: Pet the Dog|Intimidate|boost\n|-unboost|p2a: Scovillain|atk|1\n|-unboost|p2b: Gallade|atk|1\n|move|p2a: Scovillain|Giga Drain|p1a: Pet the Dog\n|-resisted|p1a: Pet the Dog|1\n|-damage|p1a: Pet the Dog|69/100\n|-heal|p2a: Scovillain|86/100|[from] drain|[of] p1a: Pet the Dog\n|move|p2b: Gallade|Night Slash|p1b: Cold Reading\n|-supereffective|p1b: Cold Reading|1\n|-damage|p1b: Cold Reading|0 fnt\n|faint|p1b: Cold Reading\n|\n|-heal|p1a: Pet the Dog|75/100|[from] item: Leftovers\n|-ability|p2a: Scovillain|Moody|boost\n|-boost|p2a: Scovillain|spa|2\n|-unboost|p2a: Scovillain|atk|1\n|upkeep\n|\n|t:|1788403230\n|switch|p1b: Transform Sequence|Blastoise-Mega, L50, F|28/100\n|turn|4\n|\n|t:|1788403245\n|move|p2a: Scovillain|Protect|p2a: Scovillain\n|-singleturn|p2a: Scovillain|Protect\n|move|p1b: Transform Sequence|Protect|p1b: Transform Sequence\n|-singleturn|p1b: Transform Sequence|Protect\n|move|p2b: Gallade|Sacred Sword|p1a: Pet the Dog\n|-damage|p1a: Pet the Dog|20/100y\n|move|p1a: Pet the Dog|Will-O-Wisp|p2b: Gallade\n|-status|p2b: Gallade|brn\n|\n|-heal|p1a: Pet the Dog|26/100|[from] item: Leftovers\n|-damage|p2b: Gallade|94/100 brn|[from] brn\n|-ability|p2a: Scovillain|Moody|boost\n|-boost|p2a: Scovillain|spd|2\n|-unboost|p2a: Scovillain|spa|1\n|upkeep\n|turn|5\n|\n|t:|1788403312\n|switch|p1b: Wealthy Benefactor|Gholdengo, L50|100/100\n|move|p1a: Pet the Dog|Protect|p1a: Pet the Dog\n|-singleturn|p1a: Pet the Dog|Protect\n|move|p2a: Scovillain|Giga Drain|p1b: Wealthy Benefactor\n|-resisted|p1b: Wealthy Benefactor|1\n|-damage|p1b: Wealthy Benefactor|61/100\n|-heal|p2a: Scovillain|100/100|[from] drain|[of] p1b: Wealthy Benefactor\n|move|p2b: Gallade|Poison Jab|p1a: Pet the Dog\n|-activate|p1a: Pet the Dog|move: Protect\n|\n|-heal|p1a: Pet the Dog|32/100|[from] item: Leftovers\n|-damage|p2b: Gallade|88/100 brn|[from] brn\n|-fieldend|move: Trick Room\n|-ability|p2a: Scovillain|Moody|boost\n|-boost|p2a: Scovillain|spa|2\n|-unboost|p2a: Scovillain|spe|1\n|upkeep\n|turn|6\n|\n|t:|1788403357\n|move|p2a: Scovillain|Protect|p2a: Scovillain\n|-singleturn|p2a: Scovillain|Protect\n|move|p1b: Wealthy Benefactor|Power Gem|p2a: Scovillain\n|-activate|p2a: Scovillain|move: Protect\n|move|p1a: Pet the Dog|Flare Blitz|p2a: Scovillain\n|-activate|p2a: Scovillain|move: Protect\n|move|p2b: Gallade|Trick Room|p2b: Gallade\n|-fieldstart|move: Trick Room|[of] p2b: Gallade\n|\n|-heal|p1a: Pet the Dog|38/100|[from] item: Leftovers\n|-damage|p2b: Gallade|82/100 brn|[from] brn\n|-ability|p2a: Scovillain|Moody|boost\n|-boost|p2a: Scovillain|spe|2\n|-unboost|p2a: Scovillain|def|1\n|upkeep\n|turn|7\n|c|☆a_0602|I didn't even see the pattern - so hopelessly hooped\n|\n|t:|1788403396\n|move|p2a: Scovillain|Flamethrower|p1b: Wealthy Benefactor\n|-supereffective|p1b: Wealthy Benefactor|1\n|-damage|p1b: Wealthy Benefactor|0 fnt\n|faint|p1b: Wealthy Benefactor\n|move|p2b: Gallade|Poison Jab|p1a: Pet the Dog\n|-damage|p1a: Pet the Dog|28/100\n|-status|p1a: Pet the Dog|psn\n|move|p1a: Pet the Dog|Flare Blitz|p2a: Scovillain\n|-damage|p2a: Scovillain|54/100\n|-damage|p1a: Pet the Dog|15/100 psn|[from] Recoil\n|\n|-heal|p1a: Pet the Dog|21/100 psn|[from] item: Leftovers\n|-damage|p1a: Pet the Dog|9/100 psn|[from] psn\n|-damage|p2b: Gallade|76/100 brn|[from] brn\n|-ability|p2a: Scovillain|Moody|boost\n|-boost|p2a: Scovillain|spd|2\n|-unboost|p2a: Scovillain|def|1\n|upkeep\n|\n|t:|1788403413\n|switch|p1b: Transform Sequence|Blastoise-Mega, L50, F|28/100\n|turn|8\n|\n|t:|1788403425\n|move|p2a: Scovillain|Protect|p2a: Scovillain\n|-singleturn|p2a: Scovillain|Protect\n|move|p2b: Gallade|Sacred Sword|p1a: Pet the Dog\n|-damage|p1a: Pet the Dog|0 fnt\n|faint|p1a: Pet the Dog\n|move|p1b: Transform Sequence|Dark Pulse|p2a: Scovillain\n|-activate|p2a: Scovillain|move: Protect\n|\n|-damage|p2b: Gallade|70/100 brn|[from] brn\n|-ability|p2a: Scovillain|Moody|boost\n|-boost|p2a: Scovillain|spa|1\n|-unboost|p2a: Scovillain|atk|1\n|upkeep\n|turn|9\n|\n|t:|1788403442\n|move|p2a: Scovillain|Giga Drain|p1b: Transform Sequence\n|-supereffective|p1b: Transform Sequence|1\n|-damage|p1b: Transform Sequence|0 fnt\n|-heal|p2a: Scovillain|68/100|[from] drain|[of] p1b: Transform Sequence\n|faint|p1b: Transform Sequence\n|\n|win|Terry Unbound\n||a_0602 is ready for game 2.\n||Terry Unbound is ready for game 2.\n|uhtml|next|Next: <a href=\"/battle-gen9championsvgc2026regmb-2674769789\"><strong>Game 2 of 3</strong></a>\n|l|☆Terry Unbound\n|player|p2|\n|l| Percivol\n|l| jdthetoastmachine\n|l|☆a_0602\n|player|p1|\n","uploadtime":1788404788,"views":"10","formatid":"gen9championsvgc2026regmb","rating":null,"private":0,"password":null}