{"id":"gen9championsvgc2026regmbbo3-2674073770","format":"[Gen 9 Champions] VGC 2026 Reg M-B (Bo3)","players":["JakAttack626","kushida3416"],"log":"|j|☆JakAttack626\n|j|☆kushida3416\n|html|<table width=\"100%\"><tr><td align=\"left\">JakAttack626</td><td align=\"right\">kushida3416</tr><tr><td align=\"left\"><i class=\"fa fa-circle\"></i> <i class=\"fa fa-circle-o\"></i> </td><td align=\"right\"><i class=\"fa fa-circle-o\"></i> <i class=\"fa fa-circle-o\"></i> </tr></table>\n|uhtml|bestof|<h2><strong>Game 2</strong> of <a href=\"/game-bestof3-gen9championsvgc2026regmbbo3-2674072506\">a best-of-3</a></h2>\n|t:|1788295539\n|gametype|doubles\n|player|p1|JakAttack626|pryce|1156\n|player|p2|kushida3416|1|1205\n|gen|9\n|tier|[Gen 9 Champions] VGC 2026 Reg M-B (Bo3)\n|rated|\n|rule|Species Clause: Limit one of each Pokémon\n|rule|Item Clause: Limit 1 of each item\n|clearpoke\n|poke|p1|Scovillain, L50, F, shiny|\n|poke|p1|Basculegion, L50, M|\n|poke|p1|Kingambit, L50, F|\n|poke|p1|Sneasler, L50, M|\n|poke|p1|Lycanroc-Dusk, L50, M|\n|poke|p1|Froslass, L50, F|\n|poke|p2|Froslass, L50, F|\n|poke|p2|Sneasler, L50, F|\n|poke|p2|Basculegion, L50, M|\n|poke|p2|Dragonite, L50, M|\n|poke|p2|Garchomp, L50, M|\n|poke|p2|Kingambit, L50, F|\n|teampreview|4\n|showteam|p1|Scovillain||Scovillainite|Moody|GigaDrain,Overheat,RagePowder,Protect|Bold||F|||50|]Basculegion||LifeOrb|Adaptability|WaveCrash,AquaJet,LastRespects,Protect|Adamant||M|||50|]Kingambit||BlackGlasses|Defiant|KowtowCleave,SuckerPunch,SwordsDance,Protect|Adamant||F|||50|]Sneasler||WhiteHerb|Unburden|DireClaw,CloseCombat,FakeOut,Protect|Adamant||M|||50|]Lycanroc-Dusk||FocusSash|ToughClaws|RockSlide,CloseCombat,Accelerock,Protect|Adamant||M|||50|]Froslass||Froslassite|CursedBody|Blizzard,ShadowBall,AuroraVeil,Protect|Timid||F|||50|\n|showteam|p2|Froslass||Froslassite|CursedBody|Blizzard,ShadowBall,AuroraVeil,Protect|Modest||F|||50|]Sneasler||FocusSash|Unburden|FakeOut,CloseCombat,DireClaw,Feint|Jolly||F|||50|]Basculegion||MysticWater|Adaptability|WaveCrash,AquaJet,LastRespects,Protect|Adamant||M|||50|]Dragonite||Dragoninite|Multiscale|DragonPulse,HeatWave,Tailwind,Protect|Modest||M|||50|]Garchomp||RoseliBerry|RoughSkin|Earthquake,DragonClaw,RockSlide,PoisonJab|Jolly||M|||50|]Kingambit||ChopleBerry|Defiant|KowtowCleave,SuckerPunch,IronHead,LowKick|Adamant||F|||50|\n|inactive|Battle timer is ON: inactive players will automatically lose when time's up. (requested by JakAttack626)\n|\n|t:|1788295582\n|teamsize|p1|4\n|teamsize|p2|4\n|start\n|switch|p1a: Beeeep|Froslass, L50, F|100/100\n|switch|p1b: SeaWater|Basculegion, L50, M|100/100\n|switch|p2a: Dragonite|Dragonite, L50, M|100/100\n|switch|p2b: Kingambit|Kingambit, L50, F|100/100\n|turn|1\n|\n|t:|1788295600\n|detailschange|p1a: Beeeep|Froslass-Mega, L50, F\n|-mega|p1a: Beeeep|Froslass|Froslassite\n|-weather|Snowscape|[from] ability: Snow Warning|[of] p1a: Beeeep\n|detailschange|p2a: Dragonite|Dragonite-Mega, L50, M\n|-mega|p2a: Dragonite|Dragonite|Dragoninite\n|move|p1b: SeaWater|Aqua Jet|p2a: Dragonite\n|-resisted|p2a: Dragonite|1\n|-damage|p2a: Dragonite|91/100\n|-damage|p1b: SeaWater|90/100|[from] item: Life Orb\n|move|p1a: Beeeep|Aurora Veil|p1a: Beeeep\n|-sidestart|p1: JakAttack626|move: Aurora Veil\n|move|p2a: Dragonite|Tailwind|p2a: Dragonite\n|-sidestart|p2: kushida3416|move: Tailwind\n|move|p2b: Kingambit|Kowtow Cleave|p1b: SeaWater\n|-supereffective|p1b: SeaWater|1\n|-damage|p1b: SeaWater|22/100\n|\n|-weather|Snowscape|[upkeep]\n|upkeep\n|turn|2\n|\n|t:|1788295617\n|move|p2a: Dragonite|Heat Wave|p1a: Beeeep|[spread] p1a,p1b\n|-supereffective|p1a: Beeeep|1\n|-resisted|p1b: SeaWater|1\n|-damage|p1a: Beeeep|65/100\n|-damage|p1b: SeaWater|11/100\n|move|p1a: Beeeep|Blizzard|p2b: Kingambit|[spread] p2a,p2b\n|-supereffective|p2a: Dragonite|2\n|-resisted|p2b: Kingambit|1\n|-damage|p2a: Dragonite|0 fnt\n|-damage|p2b: Kingambit|81/100\n|faint|p2a: Dragonite\n|move|p2b: Kingambit|Kowtow Cleave|p1a: Beeeep\n|-supereffective|p1a: Beeeep|1\n|-damage|p1a: Beeeep|3/100\n|move|p1b: SeaWater|Wave Crash|p2b: Kingambit\n|-damage|p2b: Kingambit|0 fnt\n|faint|p2b: Kingambit\n|-damage|p1b: SeaWater|0 fnt|[from] Recoil\n|faint|p1b: SeaWater\n|\n|-weather|Snowscape|[upkeep]\n|upkeep\n|\n|t:|1788295638\n|switch|p2a: Basculegion|Basculegion, L50, M|100/100\n|switch|p1b: Kachow|Sneasler, L50, M|100/100\n|switch|p2b: Garchomp|Garchomp, L50, M|100/100\n|turn|3\n|\n|t:|1788295655\n|move|p1b: Kachow|Fake Out|p2b: Garchomp\n|-damage|p2b: Garchomp|87/100\n|-damage|p1b: Kachow|87/100|[from] ability: Rough Skin|[of] p2b: Garchomp\n|cant|p2b: Garchomp|flinch\n|move|p2a: Basculegion|Wave Crash|p1b: Kachow\n|-damage|p1b: Kachow|0 fnt\n|faint|p1b: Kachow\n|-damage|p2a: Basculegion|75/100|[from] Recoil\n|move|p1a: Beeeep|Blizzard|p2a: Basculegion|[spread] p2a,p2b\n|-resisted|p2a: Basculegion|1\n|-supereffective|p2b: Garchomp|2\n|-damage|p2a: Basculegion|58/100\n|-damage|p2b: Garchomp|0 fnt\n|faint|p2b: Garchomp\n|\n|-weather|Snowscape|[upkeep]\n|upkeep\n|\n|t:|1788295667\n|switch|p1b: Dirt road|Lycanroc-Dusk, L50, M|100/100\n|turn|4\n|inactive|kushida3416 has 30 seconds left.\n|\n|t:|1788295697\n|move|p2a: Basculegion|Protect|p2a: Basculegion\n|-singleturn|p2a: Basculegion|Protect\n|move|p1a: Beeeep|Protect|p1a: Beeeep\n|-singleturn|p1a: Beeeep|Protect\n|move|p1b: Dirt road|Protect||[still]\n|-fail|p1b: Dirt road\n|\n|-weather|Snowscape|[upkeep]\n|-sideend|p2: kushida3416|move: Tailwind\n|upkeep\n|turn|5\n|\n|t:|1788295712\n|move|p1b: Dirt road|Accelerock|p2a: Basculegion\n|-damage|p2a: Basculegion|27/100\n|move|p2a: Basculegion|Aqua Jet|p1a: Beeeep\n|-damage|p1a: Beeeep|0 fnt\n|faint|p1a: Beeeep\n|\n|-weather|none\n|-sideend|p1: JakAttack626|move: Aurora Veil\n|upkeep\n|turn|6\n|\n|t:|1788295728\n|move|p1b: Dirt road|Accelerock|p2a: Basculegion\n|-damage|p2a: Basculegion|0 fnt\n|faint|p2a: Basculegion\n|\n|win|JakAttack626\n|raw|JakAttack626's rating: 1156 &rarr; <strong>1185</strong><br />(+29 for winning)\n|raw|kushida3416's rating: 1205 &rarr; <strong>1176</strong><br />(-29 for losing)\n|c|☆JakAttack626|ggs\n","uploadtime":1788295728,"views":"0","formatid":"gen9championsvgc2026regmbbo3","rating":1176,"private":0,"password":null}