{"id":"gen9championsvgc2026regmb-2673968856","format":"[Gen 9 Champions] VGC 2026 Reg M-B","players":["jellow69","kazi101"],"log":"|j|☆jellow69\n|j|‽kazi101\n|t:|1788283043\n|gametype|doubles\n|player|p1|jellow69|burglar|1443\n|player|p2|kazi101|steven|1501\n|gen|9\n|tier|[Gen 9 Champions] VGC 2026 Reg M-B\n|rated|\n|rule|Species Clause: Limit one of each Pokémon\n|rule|Item Clause: Limit 1 of each item\n|clearpoke\n|poke|p1|Tinkaton, L50, F|\n|poke|p1|Staraptor, L50, F|\n|poke|p1|Garchomp, L50, F|\n|poke|p1|Aerodactyl, L50, M|\n|poke|p1|Charizard, L50, F|\n|poke|p1|Rotom-Wash, L50|\n|poke|p2|Steelix, L50, F|\n|poke|p2|Tyranitar, L50, M|\n|poke|p2|Sneasler, L50, F|\n|poke|p2|Talonflame, L50, F|\n|poke|p2|Rotom-Wash, L50|\n|poke|p2|Sinistcha, L50|\n|teampreview|4\n|inactive|Battle timer is ON: inactive players will automatically lose when time's up. (requested by kazi101)\n|inactive|jellow69 has 60 seconds left.\n|\n|t:|1788283074\n|teamsize|p1|4\n|teamsize|p2|4\n|start\n|switch|p1a: Aerodactyl|Aerodactyl, L50, M|100/100\n|switch|p1b: Garchomp|Garchomp, L50, F|100/100\n|switch|p2a: Sneasler|Sneasler, L50, F|100/100\n|switch|p2b: Rotom|Rotom-Wash, L50|100/100\n|-ability|p1a: Aerodactyl|Unnerve\n|turn|1\n|inactive|kazi101 has 30 seconds left.\n|inactive|jellow69 has 30 seconds left.\n|\n|t:|1788283112\n|switch|p1a: Rotom|Rotom-Wash, L50|100/100\n|move|p2a: Sneasler|Protect|p2a: Sneasler\n|-singleturn|p2a: Sneasler|Protect\n|move|p1b: Garchomp|Earthquake|p2b: Rotom|[spread] \n|-activate|p2a: Sneasler|move: Protect\n|-immune|p1a: Rotom|[from] ability: Levitate\n|-immune|p2b: Rotom|[from] ability: Levitate\n|move|p2b: Rotom|Will-O-Wisp|p1b: Garchomp\n|-status|p1b: Garchomp|brn\n|\n|-damage|p1b: Garchomp|94/100 brn|[from] brn\n|upkeep\n|turn|2\n|inactive|jellow69 has 30 seconds left.\n|inactive|jellow69 has 20 seconds left.\n|\n|t:|1788283147\n|switch|p2a: Sinistcha|Sinistcha, L50|100/100\n|move|p1b: Garchomp|Earthquake|p2a: Sinistcha|[spread] p2a\n|-immune|p1a: Rotom|[from] ability: Levitate\n|-immune|p2b: Rotom|[from] ability: Levitate\n|-resisted|p2a: Sinistcha|1\n|-crit|p2a: Sinistcha\n|-damage|p2a: Sinistcha|88/100\n|move|p2b: Rotom|Light Screen|p2b: Rotom\n|-sidestart|p2: kazi101|move: Light Screen\n|move|p1a: Rotom|Electroweb|p2a: Sinistcha|[spread] p2a,p2b\n|-resisted|p2a: Sinistcha|1\n|-damage|p2a: Sinistcha|81/100\n|-damage|p2b: Rotom|85/100\n|-unboost|p2a: Sinistcha|spe|1\n|-unboost|p2b: Rotom|spe|1\n|\n|-heal|p2b: Rotom|91/100|[from] item: Leftovers\n|-damage|p1b: Garchomp|88/100 brn|[from] brn\n|upkeep\n|turn|3\n|\n|t:|1788283172\n|switch|p1a: Aerodactyl|Aerodactyl, L50, M|100/100\n|-ability|p1a: Aerodactyl|Unnerve\n|move|p1b: Garchomp|Swords Dance|p1b: Garchomp\n|-boost|p1b: Garchomp|atk|2\n|move|p2b: Rotom|Thunderbolt|p1a: Aerodactyl\n|-supereffective|p1a: Aerodactyl|1\n|-damage|p1a: Aerodactyl|4/100\n|move|p2a: Sinistcha|Trick Room|p2a: Sinistcha\n|-fieldstart|move: Trick Room|[of] p2a: Sinistcha\n|\n|-heal|p2b: Rotom|97/100|[from] item: Leftovers\n|-damage|p1b: Garchomp|82/100 brn|[from] brn\n|upkeep\n|turn|4\n|inactive|jellow69 has 30 seconds left.\n|\n|t:|1788283200\n|move|p1a: Aerodactyl|Wide Guard|p1a: Aerodactyl\n|-singleturn|p1a: Aerodactyl|Wide Guard\n|move|p2a: Sinistcha|Matcha Gotcha|p1b: Garchomp|[spread] \n|-activate|p1a: Aerodactyl|move: Wide Guard\n|-activate|p1b: Garchomp|move: Wide Guard\n|move|p2b: Rotom|Hydro Pump|p1b: Garchomp\n|-damage|p1b: Garchomp|41/100 brn\n|move|p1b: Garchomp|Swords Dance|p1b: Garchomp\n|-boost|p1b: Garchomp|atk|2\n|\n|-heal|p2b: Rotom|100/100|[from] item: Leftovers\n|-damage|p1b: Garchomp|35/100 brn|[from] brn\n|upkeep\n|turn|5\n|inactive|jellow69 has 30 seconds left.\n|inactive|kazi101 has 30 seconds left.\n|\n|t:|1788283235\n|switch|p1a: Rotom|Rotom-Wash, L50|100/100\n|move|p2a: Sinistcha|Protect|p2a: Sinistcha\n|-singleturn|p2a: Sinistcha|Protect\n|move|p1b: Garchomp|Protect|p1b: Garchomp\n|-singleturn|p1b: Garchomp|Protect\n|move|p2b: Rotom|Thunderbolt|p1a: Rotom\n|-damage|p1a: Rotom|66/100\n|\n|-damage|p1b: Garchomp|29/100 brn|[from] brn\n|upkeep\n|turn|6\n|inactive|jellow69 has 30 seconds left.\n|\n|t:|1788283261\n|move|p2a: Sinistcha|Matcha Gotcha|p1a: Rotom|[spread] p1a,p1b\n|-supereffective|p1a: Rotom|1\n|-damage|p1a: Rotom|22/100\n|-heal|p2a: Sinistcha|98/100|[from] drain|[of] p1a: Rotom\n|-damage|p1b: Garchomp|5/100 brn\n|-heal|p2a: Sinistcha|100/100|[from] drain|[of] p1b: Garchomp\n|-status|p1a: Rotom|brn\n|-enditem|p1a: Rotom|Sitrus Berry|[eat]\n|-heal|p1a: Rotom|47/100 brn|[from] item: Sitrus Berry\n|move|p2b: Rotom|Thunderbolt|p1a: Rotom\n|-damage|p1a: Rotom|16/100 brn\n|move|p1a: Rotom|Thunderbolt|p2b: Rotom\n|-damage|p2b: Rotom|71/100\n|move|p1b: Garchomp|Dragon Claw|p2b: Rotom\n|-damage|p2b: Rotom|28/100\n|\n|-heal|p2b: Rotom|33/100|[from] item: Leftovers\n|-damage|p1a: Rotom|11/100 brn|[from] brn\n|-damage|p1b: Garchomp|0 fnt|[from] brn\n|faint|p1b: Garchomp\n|-sideend|p2: kazi101|move: Light Screen\n|upkeep\n|\n|t:|1788283284\n|switch|p1b: Aerodactyl|Aerodactyl, L50, M|4/100\n|-ability|p1b: Aerodactyl|Unnerve\n|turn|7\n|\n|t:|1788283295\n|switch|p2a: Tyranitar|Tyranitar, L50, M|100/100\n|-weather|Sandstorm|[from] ability: Sand Stream|[of] p2a: Tyranitar\n|move|p1b: Aerodactyl|Protect|p1b: Aerodactyl\n|-singleturn|p1b: Aerodactyl|Protect\n|move|p2b: Rotom|Thunderbolt|p1b: Aerodactyl\n|-activate|p1b: Aerodactyl|move: Protect\n|move|p1a: Rotom|Electroweb|p2b: Rotom|[spread] p2a,p2b\n|-damage|p2a: Tyranitar|89/100\n|-damage|p2b: Rotom|14/100\n|-unboost|p2a: Tyranitar|spe|1\n|-unboost|p2b: Rotom|spe|1\n|\n|-weather|Sandstorm|[upkeep]\n|-damage|p2b: Rotom|8/100|[from] Sandstorm\n|-damage|p1a: Rotom|5/100 brn|[from] Sandstorm\n|-heal|p2b: Rotom|14/100|[from] item: Leftovers\n|-damage|p1a: Rotom|0 fnt|[from] brn\n|faint|p1a: Rotom\n|-fieldend|move: Trick Room\n|upkeep\n|\n|t:|1788283307\n|switch|p1a: Staraptor|Staraptor, L50, F|100/100\n|-ability|p1a: Staraptor|Intimidate|boost\n|-unboost|p2a: Tyranitar|atk|1\n|-unboost|p2b: Rotom|atk|1\n|turn|8\n|inactive|kazi101 has 30 seconds left.\n|\n|t:|1788283338\n|switch|p2a: Sneasler|Sneasler, L50, F|100/100\n|detailschange|p1a: Staraptor|Staraptor-Mega, L50, F\n|-mega|p1a: Staraptor|Staraptor|Staraptite\n|move|p1b: Aerodactyl|Wide Guard|p1b: Aerodactyl\n|-singleturn|p1b: Aerodactyl|Wide Guard\n|move|p1a: Staraptor|Close Combat|p2b: Rotom\n|-damage|p2b: Rotom|0 fnt\n|-boost|p1a: Staraptor|def|1\n|-boost|p1a: Staraptor|spd|1\n|faint|p2b: Rotom\n|\n|-weather|Sandstorm|[upkeep]\n|-damage|p1a: Staraptor|93/100|[from] Sandstorm\n|-damage|p2a: Sneasler|94/100|[from] Sandstorm\n|upkeep\n|\n|t:|1788283353\n|switch|p2b: Sinistcha|Sinistcha, L50|100/100\n|-heal|p2a: Sneasler|100/100|[from] ability: Hospitality|[of] p2b: Sinistcha\n|turn|9\n|inactive|jellow69 has 30 seconds left.\n|inactive|jellow69 has 20 seconds left.\n|\n|t:|1788283390\n|move|p1b: Aerodactyl|Protect||[still]\n|-fail|p1b: Aerodactyl\n|move|p2a: Sneasler|Fake Out|p1a: Staraptor\n|-damage|p1a: Staraptor|85/100\n|cant|p1a: Staraptor|flinch\n|move|p2b: Sinistcha|Trick Room|p2b: Sinistcha\n|-fieldstart|move: Trick Room|[of] p2b: Sinistcha\n|\n|-weather|Sandstorm|[upkeep]\n|-damage|p2b: Sinistcha|93/100|[from] Sandstorm\n|-damage|p2a: Sneasler|94/100|[from] Sandstorm\n|-damage|p1a: Staraptor|79/100|[from] Sandstorm\n|upkeep\n|turn|10\n|\n|t:|1788283412\n|move|p1b: Aerodactyl|Wide Guard|p1b: Aerodactyl\n|-singleturn|p1b: Aerodactyl|Wide Guard\n|move|p2b: Sinistcha|Matcha Gotcha|p1a: Staraptor|[spread] \n|-activate|p1a: Staraptor|move: Wide Guard\n|-activate|p1b: Aerodactyl|move: Wide Guard\n|move|p2a: Sneasler|Dire Claw|p1b: Aerodactyl\n|-resisted|p1b: Aerodactyl|1\n|-damage|p1b: Aerodactyl|0 fnt\n|faint|p1b: Aerodactyl\n|move|p1a: Staraptor|Close Combat|p2a: Sneasler\n|-resisted|p2a: Sneasler|1\n|-damage|p2a: Sneasler|54/100\n|-boost|p1a: Staraptor|def|1\n|-boost|p1a: Staraptor|spd|1\n|\n|-weather|Sandstorm|[upkeep]\n|-damage|p2b: Sinistcha|87/100|[from] Sandstorm\n|-damage|p2a: Sneasler|48/100|[from] Sandstorm\n|-damage|p1a: Staraptor|72/100|[from] Sandstorm\n|upkeep\n|turn|11\n|inactive|jellow69 has 30 seconds left.\n|inactive|kazi101 has 30 seconds left.\n|inactive|jellow69 has 20 seconds left.\n|inactive|jellow69 has 15 seconds left.\n|inactive|jellow69 has 10 seconds left.\n|\n|t:|1788283460\n|move|p2b: Sinistcha|Rage Powder|p2b: Sinistcha\n|-singleturn|p2b: Sinistcha|move: Rage Powder\n|move|p2a: Sneasler|Dire Claw|p1a: Staraptor\n|-damage|p1a: Staraptor|51/100\n|move|p1a: Staraptor|Roost|p1a: Staraptor\n|-heal|p1a: Staraptor|100/100\n|-singleturn|p1a: Staraptor|move: Roost\n|\n|-weather|none\n|upkeep\n|turn|12\n|inactive|jellow69 has 30 seconds left.\n|\n|t:|1788283487\n|move|p2b: Sinistcha|Matcha Gotcha|p1a: Staraptor\n|-resisted|p1a: Staraptor|1\n|-damage|p1a: Staraptor|90/100\n|-heal|p2b: Sinistcha|92/100|[from] drain|[of] p1a: Staraptor\n|move|p2a: Sneasler|Dire Claw|p1a: Staraptor\n|-damage|p1a: Staraptor|68/100\n|move|p1a: Staraptor|Brave Bird|p2b: Sinistcha\n|-supereffective|p2b: Sinistcha|1\n|-damage|p2b: Sinistcha|6/100\n|-enditem|p2b: Sinistcha|Sitrus Berry|[eat]\n|-heal|p2b: Sinistcha|31/100|[from] item: Sitrus Berry\n|-damage|p1a: Staraptor|37/100|[from] Recoil\n|\n|upkeep\n|turn|13\n|\n|t:|1788283512\n|move|p1a: Staraptor|Protect|p1a: Staraptor\n|-singleturn|p1a: Staraptor|Protect\n|move|p2b: Sinistcha|Matcha Gotcha|p1a: Staraptor\n|-activate|p1a: Staraptor|move: Protect\n|move|p2a: Sneasler|Dire Claw|p1a: Staraptor\n|-activate|p1a: Staraptor|move: Protect\n|\n|-fieldend|move: Trick Room\n|upkeep\n|turn|14\n|\n|t:|1788283536\n|switch|p2b: Tyranitar|Tyranitar, L50, M|89/100\n|-weather|Sandstorm|[from] ability: Sand Stream|[of] p2b: Tyranitar\n|move|p1a: Staraptor|Roost|p1a: Staraptor\n|-heal|p1a: Staraptor|87/100\n|-singleturn|p1a: Staraptor|move: Roost\n|move|p2a: Sneasler|Dire Claw|p1a: Staraptor\n|-damage|p1a: Staraptor|65/100\n|\n|-weather|Sandstorm|[upkeep]\n|-damage|p1a: Staraptor|59/100|[from] Sandstorm\n|-damage|p2a: Sneasler|42/100|[from] Sandstorm\n|upkeep\n|turn|15\n|inactive|kazi101 has 30 seconds left.\n|inactive|kazi101 has 20 seconds left.\n|inactive|kazi101 has 15 seconds left.\n|inactive|kazi101 has 10 seconds left.\n|\n|t:|1788283582\n|move|p1a: Staraptor|Close Combat|p2a: Sneasler\n|-resisted|p2a: Sneasler|1\n|-damage|p2a: Sneasler|5/100\n|-boost|p1a: Staraptor|def|1\n|-boost|p1a: Staraptor|spd|1\n|move|p2a: Sneasler|Dire Claw|p1a: Staraptor\n|-damage|p1a: Staraptor|43/100\n|move|p2b: Tyranitar|Rock Slide|p1a: Staraptor\n|-damage|p1a: Staraptor|24/100\n|\n|-weather|Sandstorm|[upkeep]\n|-damage|p1a: Staraptor|18/100|[from] Sandstorm\n|-damage|p2a: Sneasler|0 fnt|[from] Sandstorm\n|faint|p2a: Sneasler\n|upkeep\n|\n|t:|1788283597\n|switch|p2a: Sinistcha|Sinistcha, L50|31/100\n|-heal|p2b: Tyranitar|100/100|[from] ability: Hospitality|[of] p2a: Sinistcha\n|turn|16\n|inactive|kazi101 has 30 seconds left.\n|inactive|kazi101 has 20 seconds left.\n|\n|t:|1788283632\n|detailschange|p2b: Tyranitar|Tyranitar-Mega, L50, M\n|-mega|p2b: Tyranitar|Tyranitar|Tyranitarite\n|move|p1a: Staraptor|Roost|p1a: Staraptor\n|-heal|p1a: Staraptor|68/100\n|-singleturn|p1a: Staraptor|move: Roost\n|move|p2b: Tyranitar|Dragon Dance|p2b: Tyranitar\n|-boost|p2b: Tyranitar|atk|1\n|-boost|p2b: Tyranitar|spe|1\n|move|p2a: Sinistcha|Matcha Gotcha|p1a: Staraptor\n|-damage|p1a: Staraptor|51/100\n|-heal|p2a: Sinistcha|39/100|[from] drain|[of] p1a: Staraptor\n|\n|-weather|Sandstorm|[upkeep]\n|-damage|p1a: Staraptor|45/100|[from] Sandstorm\n|-damage|p2a: Sinistcha|33/100|[from] Sandstorm\n|upkeep\n|turn|17\n|inactive|jellow69 has 30 seconds left.\n|inactive|jellow69 has 20 seconds left.\n|\n|t:|1788283652\n|move|p2a: Sinistcha|Rage Powder|p2a: Sinistcha\n|-singleturn|p2a: Sinistcha|move: Rage Powder\n|move|p1a: Staraptor|Close Combat|p2a: Sinistcha\n|-immune|p2a: Sinistcha\n|move|p2b: Tyranitar|Rock Slide|p1a: Staraptor\n|-damage|p1a: Staraptor|9/100\n|\n|-weather|Sandstorm|[upkeep]\n|-damage|p1a: Staraptor|3/100|[from] Sandstorm\n|-damage|p2a: Sinistcha|26/100|[from] Sandstorm\n|upkeep\n|turn|18\n|inactive|jellow69 has 20 seconds left this turn.\n|inactive|jellow69 has 15 seconds left.\n|inactive|kazi101 has 30 seconds left.\n|\n|t:|1788283667\n|move|p1a: Staraptor|Roost|p1a: Staraptor\n|-heal|p1a: Staraptor|53/100\n|-singleturn|p1a: Staraptor|move: Roost\n|move|p2b: Tyranitar|Rock Slide|p1a: Staraptor\n|-resisted|p1a: Staraptor|1\n|-damage|p1a: Staraptor|36/100\n|move|p2a: Sinistcha|Matcha Gotcha|p1a: Staraptor\n|-damage|p1a: Staraptor|19/100\n|-heal|p2a: Sinistcha|34/100|[from] drain|[of] p1a: Staraptor\n|\n|-weather|none\n|upkeep\n|turn|19\n|inactive|jellow69 has 15 seconds left this turn.\n|inactive|kazi101 has 25 seconds left this turn.\n|inactive|jellow69 has 10 seconds left.\n|inactive|kazi101 has 20 seconds left.\n|inactive|kazi101 has 15 seconds left.\n|inactive|kazi101 has 10 seconds left.\n|\n|t:|1788283686\n|move|p1a: Staraptor|Roost|p1a: Staraptor\n|-heal|p1a: Staraptor|69/100\n|-singleturn|p1a: Staraptor|move: Roost\n|move|p2b: Tyranitar|Rock Slide|p1a: Staraptor\n|-resisted|p1a: Staraptor|1\n|-damage|p1a: Staraptor|51/100\n|move|p2a: Sinistcha|Matcha Gotcha|p1a: Staraptor\n|-damage|p1a: Staraptor|33/100\n|-heal|p2a: Sinistcha|42/100|[from] drain|[of] p1a: Staraptor\n|\n|upkeep\n|turn|20\n|inactive|jellow69 has 10 seconds left this turn.\n|inactive|kazi101 has 10 seconds left this turn.\n|inactive|jellow69 has 5 seconds left.\n|inactive|kazi101 has 5 seconds left.\n|-message|kazi101 lost due to inactivity.\n|\n|win|jellow69\n|raw|jellow69's rating: 1443 &rarr; <strong>1466</strong><br />(+23 for winning)\n|raw|kazi101's rating: 1501 &rarr; <strong>1478</strong><br />(-23 for losing)\n|c|☆jellow69|OH\n|l|‽kazi101\n|player|p2|\n","uploadtime":1788283745,"views":"1","formatid":"gen9championsvgc2026regmb","rating":1466,"private":0,"password":null}