{"id":"gen9championsvgc2026regmbbo3-2674210570","format":"[Gen 9 Champions] VGC 2026 Reg M-B (Bo3)","players":["ByFrost 13","kingsrowbajax"],"log":"|j|☆ByFrost 13\n|j|☆kingsrowbajax\n|html|<table width=\"100%\"><tr><td align=\"left\">ByFrost 13</td><td align=\"right\">kingsrowbajax</tr><tr><td align=\"left\"><i class=\"fa fa-circle-o\"></i> <i class=\"fa fa-circle-o\"></i> </td><td align=\"right\"><i class=\"fa fa-circle-o\"></i> <i class=\"fa fa-circle-o\"></i> </tr></table>\n|uhtml|bestof|<h2><strong>Game 1</strong> of <a href=\"/game-bestof3-gen9championsvgc2026regmbbo3-2674210569\">a best-of-3</a></h2>\n|t:|1788316042\n|gametype|doubles\n|player|p1|ByFrost 13|birdkeeper|1120\n|player|p2|kingsrowbajax|265|1229\n|gen|9\n|tier|[Gen 9 Champions] VGC 2026 Reg M-B (Bo3)\n|rated|\n|rule|Species Clause: Limit one of each Pokémon\n|rule|Item Clause: Limit 1 of each item\n|clearpoke\n|poke|p1|Garchomp, L50, M|\n|poke|p1|Talonflame, L50, F|\n|poke|p1|Sneasler, L50, M|\n|poke|p1|Sableye, L50, M|\n|poke|p1|Kingambit, L50, M|\n|poke|p1|Simisage, L50, F|\n|poke|p2|Blastoise, L50, F|\n|poke|p2|Delphox, L50, M|\n|poke|p2|Sinistcha, L50|\n|poke|p2|Kingambit, L50, F|\n|poke|p2|Sneasler, L50, M|\n|poke|p2|Incineroar, L50, F|\n|teampreview|4\n|showteam|p1|Garchomp||Garchompite|SandVeil|DracoMeteor,Flamethrower,EarthPower,Protect|Timid||M|||50|]Talonflame||FocusSash|GaleWings|Tailwind,BraveBird,FlareBlitz,Protect|Jolly||F|||50|]Sneasler||WhiteHerb|Unburden|CloseCombat,DireClaw,FakeOut,Protect|Adamant||M|||50|]Sableye||LightClay|Prankster|LightScreen,Reflect,HelpingHand,FoulPlay|Calm||M|||50|]Kingambit||BlackGlasses|Defiant|KowtowCleave,SuckerPunch,IronHead,Protect|Adamant||M|||50|]Simisage||SitrusBerry|Gluttony|FakeOut,GrassyGlide,Protect,LeechSeed|Jolly||F|||50|\n|showteam|p2|Blastoise||Blastoisinite|RainDish|WaterSpout,DarkPulse,ShellSmash,Protect|Modest||F|||50|]Delphox||Delphoxite|Blaze|HeatWave,Psychic,NastyPlot,Protect|Timid||M|||50|]Sinistcha||ColburBerry|Hospitality|MatchaGotcha,RagePowder,TrickRoom,Protect|Bold|||||50|]Kingambit||LifeOrb|Defiant|KowtowCleave,SuckerPunch,SwordsDance,Protect|Adamant||F|||50|]Sneasler||FocusSash|PoisonTouch|FakeOut,PoisonJab,CloseCombat,QuickGuard|Jolly||M|||50|]Incineroar||SitrusBerry|Intimidate|FakeOut,FlareBlitz,ThroatChop,PartingShot|Careful||F|||50|\n|\n|t:|1788316105\n|teamsize|p1|4\n|teamsize|p2|4\n|start\n|switch|p1a: Talonflame|Talonflame, L50, F|100/100\n|switch|p1b: Kingambit|Kingambit, L50, M|100/100\n|switch|p2a: Delphox|Delphox, L50, M|100/100\n|switch|p2b: Sneasler|Sneasler, L50, M|100/100\n|turn|1\n|\n|t:|1788316129\n|detailschange|p2a: Delphox|Delphox-Mega, L50, M\n|-mega|p2a: Delphox|Delphox|Delphoxite\n|move|p1a: Talonflame|Protect|p1a: Talonflame\n|-singleturn|p1a: Talonflame|Protect\n|move|p1b: Kingambit|Protect|p1b: Kingambit\n|-singleturn|p1b: Kingambit|Protect\n|move|p2b: Sneasler|Fake Out|p1b: Kingambit\n|-activate|p1b: Kingambit|move: Protect\n|move|p2a: Delphox|Heat Wave|p1b: Kingambit|[spread] \n|-activate|p1a: Talonflame|move: Protect\n|-activate|p1b: Kingambit|move: Protect\n|\n|upkeep\n|turn|2\n|\n|t:|1788316165\n|move|p1a: Talonflame|Brave Bird|p2b: Sneasler\n|-supereffective|p2b: Sneasler|1\n|-enditem|p2b: Sneasler|Focus Sash\n|-damage|p2b: Sneasler|1/100\n|-damage|p1a: Talonflame|67/100|[from] Recoil\n|move|p2a: Delphox|Heat Wave|p1b: Kingambit|[spread] p1a,p1b\n|-resisted|p1a: Talonflame|1\n|-supereffective|p1b: Kingambit|1\n|-damage|p1a: Talonflame|38/100\n|-damage|p1b: Kingambit|34/100\n|move|p2b: Sneasler|Close Combat|p1b: Kingambit\n|-supereffective|p1b: Kingambit|2\n|-damage|p1b: Kingambit|0 fnt\n|-unboost|p2b: Sneasler|def|1\n|-unboost|p2b: Sneasler|spd|1\n|faint|p1b: Kingambit\n|\n|upkeep\n|\n|t:|1788316180\n|switch|p1b: ''Garchomp Z''|Garchomp, L50, M|100/100\n|turn|3\n|\n|t:|1788316190\n|switch|p2b: Incineroar|Incineroar, L50, F|100/100\n|-ability|p2b: Incineroar|Intimidate|boost\n|-unboost|p1a: Talonflame|atk|1\n|-unboost|p1b: ''Garchomp Z''|atk|1\n|detailschange|p1b: ''Garchomp Z''|Garchomp-Mega, L50, M\n|-mega|p1b: ''Garchomp Z''|Garchomp|Garchompite\n|move|p2a: Delphox|Protect|p2a: Delphox\n|-singleturn|p2a: Delphox|Protect\n|move|p1a: Talonflame|Tailwind|p1a: Talonflame\n|-sidestart|p1: ByFrost 13|move: Tailwind\n|move|p1b: ''Garchomp Z''|Draco Meteor|p2a: Delphox\n|-activate|p2a: Delphox|move: Protect\n|\n|upkeep\n|turn|4\n|\n|t:|1788316209\n|switch|p1a: Sneasler|Sneasler, L50, M|100/100\n|move|p1b: ''Garchomp Z''|Protect|p1b: ''Garchomp Z''\n|-singleturn|p1b: ''Garchomp Z''|Protect\n|move|p2b: Incineroar|Fake Out|p1b: ''Garchomp Z''\n|-activate|p1b: ''Garchomp Z''|move: Protect\n|move|p2a: Delphox|Nasty Plot|p2a: Delphox\n|-boost|p2a: Delphox|spa|2\n|\n|upkeep\n|turn|5\n|\n|t:|1788316232\n|switch|p2b: Sinistcha|Sinistcha, L50|100/100\n|move|p2a: Delphox|Protect|p2a: Delphox\n|-singleturn|p2a: Delphox|Protect\n|move|p1a: Sneasler|Close Combat|p2b: Sinistcha\n|-immune|p2b: Sinistcha\n|move|p1b: ''Garchomp Z''|Draco Meteor|p2a: Delphox\n|-activate|p2a: Delphox|move: Protect\n|\n|upkeep\n|turn|6\n|\n|t:|1788316259\n|move|p2b: Sinistcha|Rage Powder|p2b: Sinistcha\n|-singleturn|p2b: Sinistcha|move: Rage Powder\n|move|p1a: Sneasler|Dire Claw|p2b: Sinistcha\n|-damage|p2b: Sinistcha|60/100\n|move|p1b: ''Garchomp Z''|Flamethrower|p2b: Sinistcha\n|-supereffective|p2b: Sinistcha|1\n|-damage|p2b: Sinistcha|0 fnt\n|faint|p2b: Sinistcha\n|move|p2a: Delphox|Psychic|p1b: ''Garchomp Z''\n|-damage|p1b: ''Garchomp Z''|0 fnt\n|faint|p1b: ''Garchomp Z''\n|\n|-sideend|p1: ByFrost 13|move: Tailwind\n|upkeep\n|\n|t:|1788316276\n|switch|p1b: Talonflame|Talonflame, L50, F|38/100\n|switch|p2b: Sneasler|Sneasler, L50, M|1/100\n|turn|7\n|\n|t:|1788316301\n|move|p2b: Sneasler|Fake Out|p1b: Talonflame\n|-damage|p1b: Talonflame|16/100\n|-status|p1b: Talonflame|psn|[from] ability: Poison Touch|[of] p2b: Sneasler\n|move|p2a: Delphox|Psychic|p1a: Sneasler\n|-supereffective|p1a: Sneasler|2\n|-damage|p1a: Sneasler|0 fnt\n|faint|p1a: Sneasler\n|cant|p1b: Talonflame|flinch\n|\n|-damage|p1b: Talonflame|3/100 psn|[from] psn\n|upkeep\n|turn|8\n|\n|t:|1788316315\n|move|p2a: Delphox|Psychic|p1b: Talonflame\n|-damage|p1b: Talonflame|0 fnt\n|faint|p1b: Talonflame\n|\n|win|kingsrowbajax\n","uploadtime":1788316316,"views":"0","formatid":"gen9championsvgc2026regmbbo3","rating":null,"private":0,"password":null}