{"id":"gen9championsvgc2026regmb-2674053910","format":"[Gen 9 Champions] VGC 2026 Reg M-B","players":["igor vgc 22!","caZISA"],"log":"|j|☆igor vgc 22!\n|j|☆caZISA\n|html|<table width=\"100%\"><tr><td align=\"left\">igor vgc 22!</td><td align=\"right\">caZISA</tr><tr><td align=\"left\"><i class=\"fa fa-circle\"></i> <i class=\"fa fa-circle-o\"></i> </td><td align=\"right\"><i class=\"fa fa-circle-o\"></i> <i class=\"fa fa-circle-o\"></i> </tr></table>\n|uhtml|bestof|<h2><strong>Game 2</strong> of <a href=\"/game-bestof3-gen9championsvgc2026regmb-2674052546\">a best-of-3</a></h2>\n|t:|1788293072\n|gametype|doubles\n|player|p1|igor vgc 22!|clemont|\n|player|p2|caZISA|red|\n|gen|9\n|tier|[Gen 9 Champions] VGC 2026 Reg M-B\n|rated|Tournament battle\n|rule|Species Clause: Limit one of each Pokémon\n|rule|Item Clause: Limit 1 of each item\n|raw|<div class=\"infobox\"><details class=\"readmore\" open><summary><strong>2 custom rules:</strong></summary> Force Open Team Sheets, Best of = 3</details></div>\n|clearpoke\n|poke|p1|Floette-Eternal, L50, F|\n|poke|p1|Garchomp, L50, M, shiny|\n|poke|p1|Whimsicott, L50, M, shiny|\n|poke|p1|Basculegion, L50, M, shiny|\n|poke|p1|Charizard, L50, M, shiny|\n|poke|p1|Kingambit, L50, M, shiny|\n|poke|p2|Charizard, L50, F, shiny|\n|poke|p2|Floette-Eternal, L50, F|\n|poke|p2|Garchomp, L50, F|\n|poke|p2|Venusaur, L50, F|\n|poke|p2|Incineroar, L50, F|\n|poke|p2|Sneasler, L50, M|\n|teampreview|4\n|showteam|p1|Floette-Eternal||Floettite|FlowerVeil|Moonblast,DazzlingGleam,LightofRuin,Protect|Timid||F|||50|]Garchomp||LifeOrb|RoughSkin|Protect,DragonClaw,RockSlide,Earthquake|Jolly||M|||50|]Whimsicott||FocusSash|Prankster|Tailwind,Encore,Moonblast,Protect|Timid||M|||50|]Basculegion||MysticWater|Adaptability|Protect,AquaJet,WaveCrash,LastRespects|Adamant||M|||50|]Charizard||CharizarditeY|Blaze|HeatWave,SolarBeam,WeatherBall,Protect|Modest||M|||50|]Kingambit||BlackGlasses|Defiant|Protect,SuckerPunch,KowtowCleave,IronHead|Adamant||M|||50|\n|showteam|p2|Charizard||CharizarditeY|Blaze|HeatWave,WeatherBall,SolarBeam,Protect|Modest||F|||50|]Floette-Eternal||Floettite|FlowerVeil|Moonblast,DrainingKiss,CalmMind,Protect|Timid||F|||50|]Garchomp||ChoiceScarf|RoughSkin|DragonClaw,RockSlide,Earthquake,StompingTantrum|Adamant||F|||50|]Venusaur||WideLens|Chlorophyll|EarthPower,SludgeBomb,SleepPowder,Protect|Modest||F|||50|]Incineroar||SitrusBerry|Intimidate|FakeOut,FlareBlitz,ThroatChop,PartingShot|Careful||F|||50|]Sneasler||WhiteHerb|Unburden|FakeOut,DireClaw,CloseCombat,Protect|Jolly||M|||50|\n|inactive|Battle timer is ON: inactive players will automatically lose when time's up. (requested by igor vgc 22!)\n|j| topougamer\n|j| Just-A-Colress\n|\n|t:|1788293097\n|teamsize|p1|4\n|teamsize|p2|4\n|start\n|switch|p1a: whimsy maxing|Whimsicott, L50, M, shiny|100/100\n|switch|p1b: goatchomp|Garchomp, L50, M, shiny|100/100\n|switch|p2a: Saphira|Charizard, L50, F, shiny|100/100\n|switch|p2b: Sharkboy|Garchomp, L50, F|100/100\n|turn|1\n|\n|t:|1788293108\n|switch|p1b: fish|Basculegion, L50, M, shiny|100/100\n|switch|p2a: Tigre Toño|Incineroar, L50, F|100/100\n|-ability|p2a: Tigre Toño|Intimidate|boost\n|-unboost|p1a: whimsy maxing|atk|1\n|-unboost|p1b: fish|atk|1\n|move|p1a: whimsy maxing|Tailwind|p1a: whimsy maxing\n|-sidestart|p1: igor vgc 22!|move: Tailwind\n|move|p2b: Sharkboy|Dragon Claw|p1b: fish\n|-damage|p1b: fish|47/100\n|\n|upkeep\n|turn|2\n|\n|t:|1788293117\n|switch|p2b: Rene|Venusaur, L50, F|100/100\n|move|p1a: whimsy maxing|Protect|p1a: whimsy maxing\n|-singleturn|p1a: whimsy maxing|Protect\n|move|p2a: Tigre Toño|Fake Out|p1a: whimsy maxing\n|-activate|p1a: whimsy maxing|move: Protect\n|move|p1b: fish|Wave Crash|p2b: Rene\n|-resisted|p2b: Rene|1\n|-damage|p2b: Rene|58/100\n|-damage|p1b: fish|36/100|[from] Recoil\n|\n|upkeep\n|turn|3\n|inactive|caZISA has 30 seconds left.\n|\n|t:|1788293149\n|move|p1a: whimsy maxing|Moonblast|p2a: Tigre Toño\n|-damage|p2a: Tigre Toño|73/100\n|-unboost|p2a: Tigre Toño|spa|1\n|move|p1b: fish|Wave Crash|p2a: Tigre Toño\n|-supereffective|p2a: Tigre Toño|1\n|-damage|p2a: Tigre Toño|0 fnt\n|faint|p2a: Tigre Toño\n|-damage|p1b: fish|13/100|[from] Recoil\n|move|p2b: Rene|Sludge Bomb|p1a: whimsy maxing\n|-supereffective|p1a: whimsy maxing|2\n|-enditem|p1a: whimsy maxing|Focus Sash\n|-damage|p1a: whimsy maxing|1/100\n|\n|upkeep\n|\n|t:|1788293156\n|switch|p2a: Saphira|Charizard, L50, F, shiny|100/100\n|turn|4\n|\n|t:|1788293162\n|detailschange|p2a: Saphira|Charizard-Mega-Y, L50, F, shiny\n|-mega|p2a: Saphira|Charizard|Charizardite Y\n|-weather|SunnyDay|[from] ability: Drought|[of] p2a: Saphira\n|move|p1a: whimsy maxing|Protect|p1a: whimsy maxing\n|-singleturn|p1a: whimsy maxing|Protect\n|move|p2b: Rene|Earth Power|p1b: fish\n|-damage|p1b: fish|0 fnt\n|faint|p1b: fish\n|move|p2a: Saphira|Heat Wave|p1a: whimsy maxing\n|-activate|p1a: whimsy maxing|move: Protect\n|\n|-weather|SunnyDay|[upkeep]\n|-sideend|p1: igor vgc 22!|move: Tailwind\n|upkeep\n|\n|t:|1788293173\n|switch|p1b: global warming|Charizard, L50, M, shiny|100/100\n|turn|5\n|\n|t:|1788293180\n|detailschange|p1b: global warming|Charizard-Mega-Y, L50, M, shiny\n|-mega|p1b: global warming|Charizard|Charizardite Y\n|move|p2b: Rene|Protect|p2b: Rene\n|-singleturn|p2b: Rene|Protect\n|move|p1a: whimsy maxing|Tailwind|p1a: whimsy maxing\n|-sidestart|p1: igor vgc 22!|move: Tailwind\n|move|p1b: global warming|Heat Wave|p2b: Rene|[spread] p2a\n|-activate|p2b: Rene|move: Protect\n|-resisted|p2a: Saphira|1\n|-damage|p2a: Saphira|66/100\n|move|p2a: Saphira|Weather Ball|p1b: global warming\n|-resisted|p1b: global warming|1\n|-damage|p1b: global warming|54/100\n|\n|-weather|SunnyDay|[upkeep]\n|upkeep\n|turn|6\n|\n|t:|1788293196\n|switch|p2b: Sharkboy|Garchomp, L50, F|100/100\n|move|p1b: global warming|Protect|p1b: global warming\n|-singleturn|p1b: global warming|Protect\n|move|p1a: whimsy maxing|Moonblast|p2b: Sharkboy\n|-supereffective|p2b: Sharkboy|1\n|-damage|p2b: Sharkboy|27/100\n|move|p2a: Saphira|Heat Wave|p1a: whimsy maxing|[spread] p1a\n|-activate|p1b: global warming|move: Protect\n|-supereffective|p1a: whimsy maxing|1\n|-damage|p1a: whimsy maxing|0 fnt\n|faint|p1a: whimsy maxing\n|\n|-weather|SunnyDay|[upkeep]\n|upkeep\n|\n|t:|1788293198\n|switch|p1a: goatchomp|Garchomp, L50, M, shiny|100/100\n|turn|7\n|\n|t:|1788293220\n|switch|p2b: Rene|Venusaur, L50, F|58/100\n|move|p1a: goatchomp|Rock Slide|p2a: Saphira|[spread] p2a,p2b\n|-supereffective|p2a: Saphira|2\n|-damage|p2a: Saphira|0 fnt\n|-damage|p2b: Rene|22/100\n|faint|p2a: Saphira\n|-damage|p1a: goatchomp|90/100|[from] item: Life Orb\n|move|p1b: global warming|Heat Wave|p2b: Rene\n|-supereffective|p2b: Rene|1\n|-damage|p2b: Rene|0 fnt\n|faint|p2b: Rene\n|\n|-weather|SunnyDay|[upkeep]\n|upkeep\n|-message|caZISA forfeited.\n|\n|win|igor vgc 22!\n|l|☆caZISA\n|player|p2|\n","uploadtime":1788293228,"views":"1","formatid":"gen9championsvgc2026regmb","rating":null,"private":0,"password":null}