{"id":"gen9championsvgc2026regmb-2673887405","format":"[Gen 9 Champions] VGC 2026 Reg M-B","players":["rajat1809","Nonsense User"],"log":"|j|☆rajat1809\n|j|☆Nonsense User\n|t:|1788273241\n|gametype|doubles\n|player|p1|rajat1809|102|1429\n|player|p2|Nonsense User|waiter|1466\n|gen|9\n|tier|[Gen 9 Champions] VGC 2026 Reg M-B\n|rated|\n|rule|Species Clause: Limit one of each Pokémon\n|rule|Item Clause: Limit 1 of each item\n|clearpoke\n|poke|p1|Staraptor, L50, M|\n|poke|p1|Delphox, L50, F|\n|poke|p1|Kingambit, L50, M|\n|poke|p1|Garchomp, L50, F|\n|poke|p1|Glimmora, L50, M|\n|poke|p1|Whimsicott, L50, M|\n|poke|p2|Bellibolt, L50, M|\n|poke|p2|Chandelure, L50, M|\n|poke|p2|Mimikyu, L50, F|\n|poke|p2|Primarina, L50, F|\n|poke|p2|Scrafty, L50, F|\n|poke|p2|Sneasler, L50, M|\n|teampreview|4\n|inactive|Battle timer is ON: inactive players will automatically lose when time's up. (requested by rajat1809)\n|inactive|Nonsense User has 60 seconds left.\n|\n|t:|1788273289\n|teamsize|p1|4\n|teamsize|p2|4\n|start\n|switch|p1a: Kingambit|Kingambit, L50, M|100/100\n|switch|p1b: Glimmora|Glimmora, L50, M|100/100\n|switch|p2a: Scrafty|Scrafty, L50, F|100/100\n|switch|p2b: Bellibolt|Bellibolt, L50, M|100/100\n|-ability|p2a: Scrafty|Intimidate|boost\n|-unboost|p1a: Kingambit|atk|1\n|-ability|p1a: Kingambit|Defiant|boost\n|-boost|p1a: Kingambit|atk|2\n|-unboost|p1b: Glimmora|atk|1\n|turn|1\n|inactive|rajat1809 has 30 seconds left.\n|inactive|Nonsense User has 30 seconds left.\n|\n|t:|1788273317\n|move|p1b: Glimmora|Sludge Bomb|p2a: Scrafty\n|-damage|p2a: Scrafty|56/100\n|move|p2a: Scrafty|Drain Punch|p1a: Kingambit\n|-supereffective|p1a: Kingambit|2\n|-enditem|p1a: Kingambit|Chople Berry|[eat]\n|-enditem|p1a: Kingambit|Chople Berry|[weaken]\n|-damage|p1a: Kingambit|53/100\n|-heal|p2a: Scrafty|84/100|[from] drain|[of] p1a: Kingambit\n|move|p1a: Kingambit|Low Kick|p2a: Scrafty\n|-supereffective|p2a: Scrafty|1\n|-crit|p2a: Scrafty\n|-damage|p2a: Scrafty|0 fnt\n|faint|p2a: Scrafty\n|move|p2b: Bellibolt|Volt Switch|p1b: Glimmora\n|-damage|p1b: Glimmora|49/100\n|\n|t:|1788273332\n|switch|p2b: Sneasler|Sneasler, L50, M|100/100|[from] Volt Switch\n|\n|upkeep\n|\n|t:|1788273340\n|switch|p2a: Mimikyu|Mimikyu, L50, F|100/100\n|turn|2\n|\n|t:|1788273357\n|move|p2b: Sneasler|Close Combat|p1a: Kingambit\n|-supereffective|p1a: Kingambit|2\n|-damage|p1a: Kingambit|0 fnt\n|-unboost|p2b: Sneasler|def|1\n|-unboost|p2b: Sneasler|spd|1\n|faint|p1a: Kingambit\n|-enditem|p2b: Sneasler|White Herb\n|-clearnegativeboost|p2b: Sneasler|[silent]\n|move|p1b: Glimmora|Sludge Bomb|p2a: Mimikyu\n|-activate|p2a: Mimikyu|ability: Disguise\n|-damage|p2a: Mimikyu|100/100\n|detailschange|p2a: Mimikyu|Mimikyu-Busted, L50, F\n|-damage|p2a: Mimikyu|87/100|[from] pokemon: Mimikyu-Busted\n|move|p2a: Mimikyu|Swords Dance|p2a: Mimikyu\n|-boost|p2a: Mimikyu|atk|2\n|\n|upkeep\n|\n|t:|1788273375\n|switch|p1a: Staraptor|Staraptor, L50, M|100/100\n|-ability|p1a: Staraptor|Intimidate|boost\n|-unboost|p2a: Mimikyu|atk|1\n|-unboost|p2b: Sneasler|atk|1\n|turn|3\n|inactive|rajat1809 has 30 seconds left.\n|\n|t:|1788273407\n|detailschange|p1a: Staraptor|Staraptor-Mega, L50, M\n|-mega|p1a: Staraptor|Staraptor|Staraptite\n|move|p2b: Sneasler|Close Combat|p1b: Glimmora\n|-damage|p1b: Glimmora|0 fnt\n|-unboost|p2b: Sneasler|def|1\n|-unboost|p2b: Sneasler|spd|1\n|-activate|p1b: Glimmora|ability: Toxic Debris\n|-sidestart|p2: Nonsense User|move: Toxic Spikes\n|faint|p1b: Glimmora\n|move|p1a: Staraptor|Brave Bird|p2b: Sneasler\n|-supereffective|p2b: Sneasler|1\n|-damage|p2b: Sneasler|0 fnt\n|faint|p2b: Sneasler\n|-damage|p1a: Staraptor|72/100|[from] Recoil\n|move|p2a: Mimikyu|Play Rough|p1a: Staraptor|[miss]\n|-miss|p2a: Mimikyu|p1a: Staraptor\n|\n|upkeep\n|\n|t:|1788273423\n|switch|p2b: Bellibolt|Bellibolt, L50, M|100/100\n|switch|p1b: Garchomp|Garchomp, L50, F|100/100\n|-status|p2b: Bellibolt|psn\n|turn|4\n|\n|t:|1788273441\n|move|p2b: Bellibolt|Protect|p2b: Bellibolt\n|-singleturn|p2b: Bellibolt|Protect\n|move|p1a: Staraptor|Brave Bird|p2a: Mimikyu\n|-damage|p2a: Mimikyu|19/100\n|-damage|p1a: Staraptor|53/100|[from] Recoil\n|move|p1b: Garchomp|Earthquake|p2b: Bellibolt|[spread] p2a\n|-activate|p2b: Bellibolt|move: Protect\n|-immune|p1a: Staraptor\n|-damage|p2a: Mimikyu|0 fnt\n|faint|p2a: Mimikyu\n|-damage|p1b: Garchomp|90/100|[from] item: Life Orb\n|\n|-damage|p2b: Bellibolt|87/100 psn|[from] psn\n|upkeep\n|turn|5\n|\n|t:|1788273458\n|move|p1a: Staraptor|Close Combat|p2b: Bellibolt\n|-damage|p2b: Bellibolt|46/100 psn\n|-boost|p1a: Staraptor|def|1\n|-boost|p1a: Staraptor|spd|1\n|-start|p2b: Bellibolt|Charge|Close Combat|[from] ability: Electromorphosis\n|move|p1b: Garchomp|Earthquake|p2b: Bellibolt|[spread] p2b\n|-immune|p1a: Staraptor\n|-supereffective|p2b: Bellibolt|1\n|-damage|p2b: Bellibolt|0 fnt\n|faint|p2b: Bellibolt\n|-damage|p1b: Garchomp|80/100|[from] item: Life Orb\n|\n|win|rajat1809\n|raw|rajat1809's rating: 1429 &rarr; <strong>1451</strong><br />(+22 for winning)\n|raw|Nonsense User's rating: 1466 &rarr; <strong>1444</strong><br />(-22 for losing)\n","uploadtime":1788273458,"views":"4","formatid":"gen9championsvgc2026regmb","rating":1444,"private":0,"password":null}