{"id":"gen9championsvgc2026regmbbo3-2675041813","format":"[Gen 9 Champions] VGC 2026 Reg M-B (Bo3)","players":["sparshjha","humania1"],"log":"|j|☆sparshjha\n|j|☆humania1\n|html|<table width=\"100%\"><tr><td align=\"left\">sparshjha</td><td align=\"right\">humania1</tr><tr><td align=\"left\"><i class=\"fa fa-circle-o\"></i> <i class=\"fa fa-circle-o\"></i> </td><td align=\"right\"><i class=\"fa fa-circle-o\"></i> <i class=\"fa fa-circle\"></i> </tr></table>\n|uhtml|bestof|<h2><strong>Game 2</strong> of <a href=\"/game-bestof3-gen9championsvgc2026regmbbo3-2675039126\">a best-of-3</a></h2>\n|t:|1788452050\n|gametype|doubles\n|player|p1|sparshjha|2|1140\n|player|p2|humania1|265|1077\n|gen|9\n|tier|[Gen 9 Champions] VGC 2026 Reg M-B (Bo3)\n|rated|\n|rule|Species Clause: Limit one of each Pokémon\n|rule|Item Clause: Limit 1 of each item\n|clearpoke\n|poke|p1|Venusaur, L50, M|\n|poke|p1|Charizard, L50, M|\n|poke|p1|Garchomp, L50, M|\n|poke|p1|Sylveon, L50, M|\n|poke|p1|Incineroar, L50, M|\n|poke|p1|Toxapex, L50, M|\n|poke|p2|Charizard, L50, F|\n|poke|p2|Whimsicott, L50, M|\n|poke|p2|Basculegion, L50, M|\n|poke|p2|Farigiraf, L50, M|\n|poke|p2|Kangaskhan, L50, F|\n|poke|p2|Sneasler, L50, M|\n|teampreview|4\n|showteam|p1|Venusaur||LifeOrb|Chlorophyll|LeafStorm,SludgeBomb,EarthPower,Protect|Modest||M|||50|]Charizard||CharizarditeY|Blaze|HeatWave,WeatherBall,AncientPower,Protect|Timid||M|||50|]Garchomp||ChoiceScarf|RoughSkin|DragonClaw,Earthquake,RockSlide,StompingTantrum|Adamant||M|||50|]Sylveon||FairyFeather|Pixilate|HyperVoice,QuickAttack,Yawn,Detect|Modest||M|||50|]Incineroar||SitrusBerry|Intimidate|FakeOut,ThroatChop,FlareBlitz,PartingShot|Impish||M|||50|]Toxapex||Leftovers|Regenerator|Infestation,Toxic,WideGuard,BanefulBunker|Bold||M|||50|\n|showteam|p2|Charizard||CharizarditeY|SolarPower|WeatherBall,HeatWave,SolarBeam,Protect|Timid||F|||50|]Whimsicott||FocusSash|Prankster|Moonblast,Tailwind,SunnyDay,Encore|Timid||M|||50|]Basculegion||ChoiceScarf|Adaptability|WaveCrash,AquaJet,LastRespects,FlipTurn|Adamant||M|||50|]Farigiraf||SitrusBerry|ArmorTail|Psychic,HyperVoice,HelpingHand,TrickRoom|Modest||M|||50|]Kangaskhan||Kangaskhanite|Scrappy|FakeOut,DoubleEdge,DrainPunch,SuckerPunch|Adamant||F|||50|]Sneasler||WhiteHerb|Unburden|FakeOut,CloseCombat,DireClaw,RockTomb|Adamant||M|||50|\n|inactive|Battle timer is ON: inactive players will automatically lose when time's up. (requested by humania1)\n|inactive|sparshjha has 60 seconds left.\n|\n|t:|1788452105\n|teamsize|p1|4\n|teamsize|p2|4\n|start\n|switch|p1a: Garchomp|Garchomp, L50, M|100/100\n|switch|p1b: Toxapex|Toxapex, L50, M|100/100\n|switch|p2a: Charizard|Charizard, L50, F|100/100\n|switch|p2b: Sneasler|Sneasler, L50, M|100/100\n|turn|1\n|inactive|sparshjha has 30 seconds left.\n|\n|t:|1788452131\n|switch|p2b: Farigiraf|Farigiraf, L50, M|100/100\n|switch|p2a: Basculegion|Basculegion, L50, M|100/100\n|move|p1a: Garchomp|Stomping Tantrum|p2b: Farigiraf\n|-damage|p2b: Farigiraf|60/100\n|move|p1b: Toxapex|Toxic|p2a: Basculegion\n|-status|p2a: Basculegion|tox\n|\n|-damage|p2a: Basculegion|93/100 tox|[from] psn\n|upkeep\n|turn|2\n|inactive|sparshjha has 30 seconds left.\n|\n|t:|1788452159\n|move|p1a: Garchomp|Stomping Tantrum|p2a: Basculegion\n|-crit|p2a: Basculegion\n|-damage|p2a: Basculegion|24/100 tox\n|move|p2a: Basculegion|Wave Crash|p1b: Toxapex\n|-resisted|p1b: Toxapex|1\n|-damage|p1b: Toxapex|70/100\n|-damage|p2a: Basculegion|16/100 tox|[from] Recoil\n|move|p2b: Farigiraf|Psychic|p1b: Toxapex\n|-supereffective|p1b: Toxapex|1\n|-damage|p1b: Toxapex|12/100\n|move|p1b: Toxapex|Infestation|p2a: Basculegion\n|-resisted|p2a: Basculegion|1\n|-damage|p2a: Basculegion|14/100 tox\n|-activate|p2a: Basculegion|move: Infestation|[of] p1b: Toxapex\n|\n|-heal|p1b: Toxapex|17/100|[from] item: Leftovers\n|-damage|p2a: Basculegion|2/100 tox|[from] psn\n|-damage|p2a: Basculegion|0 fnt|[from] move: Infestation|[partiallytrapped]\n|faint|p2a: Basculegion\n|upkeep\n|\n|t:|1788452159\n|switch|p2a: Sneasler|Sneasler, L50, M|100/100\n|turn|3\n|inactive|sparshjha has 30 seconds left.\n|\n|t:|1788452192\n|switch|p2a: Charizard|Charizard, L50, F|100/100\n|-heal|p1b: Toxapex|50/100g|[from] ability: Regenerator|[silent]\n|switch|p1b: Incineroar|Incineroar, L50, M|100/100\n|-ability|p1b: Incineroar|Intimidate|boost\n|-unboost|p2a: Charizard|atk|1\n|-unboost|p2b: Farigiraf|atk|1\n|move|p1a: Garchomp|Stomping Tantrum|p2a: Charizard\n|-immune|p2a: Charizard\n|move|p2b: Farigiraf|Psychic|p1b: Incineroar\n|-immune|p1b: Incineroar\n|\n|upkeep\n|turn|4\n|inactive|sparshjha has 30 seconds left.\n|\n|t:|1788452221\n|switch|p2b: Sneasler|Sneasler, L50, M|100/100\n|move|p2a: Charizard|Protect|p2a: Charizard\n|-singleturn|p2a: Charizard|Protect\n|move|p1a: Garchomp|Stomping Tantrum|p2b: Sneasler\n|-supereffective|p2b: Sneasler|1\n|-damage|p2b: Sneasler|0 fnt\n|faint|p2b: Sneasler\n|move|p1b: Incineroar|Parting Shot|p2a: Charizard\n|-activate|p2a: Charizard|move: Protect\n|\n|upkeep\n|\n|t:|1788452221\n|switch|p2b: Farigiraf|Farigiraf, L50, M|60/100\n|turn|5\n|\n|t:|1788452238\n|move|p2a: Charizard|Protect|p2a: Charizard\n|-singleturn|p2a: Charizard|Protect\n|move|p1a: Garchomp|Stomping Tantrum|p2b: Farigiraf\n|-damage|p2b: Farigiraf|17/100\n|-enditem|p2b: Farigiraf|Sitrus Berry|[eat]\n|-heal|p2b: Farigiraf|42/100|[from] item: Sitrus Berry\n|move|p1b: Incineroar|Parting Shot|p2a: Charizard\n|-activate|p2a: Charizard|move: Protect\n|move|p2b: Farigiraf|Trick Room|p2b: Farigiraf\n|-fieldstart|move: Trick Room|[of] p2b: Farigiraf\n|\n|upkeep\n|turn|6\n|\n|t:|1788452256\n|detailschange|p2a: Charizard|Charizard-Mega-Y, L50, F\n|-mega|p2a: Charizard|Charizard|Charizardite Y\n|-weather|SunnyDay|[from] ability: Drought|[of] p2a: Charizard\n|move|p1b: Incineroar|Parting Shot|p2a: Charizard\n|-unboost|p2a: Charizard|atk|1\n|-unboost|p2a: Charizard|spa|1\n|\n|t:|1788452263\n|switch|p1b: Toxapex|Toxapex, L50, M|50/100g|[from] Parting Shot\n|move|p2a: Charizard|Heat Wave|p1b: Toxapex|[spread] p1a,p1b\n|-resisted|p1a: Garchomp|1\n|-resisted|p1b: Toxapex|1\n|-damage|p1a: Garchomp|75/100\n|-damage|p1b: Toxapex|33/100\n|move|p1a: Garchomp|Stomping Tantrum|p2b: Farigiraf\n|-damage|p2b: Farigiraf|0 fnt\n|faint|p2b: Farigiraf\n|\n|-weather|SunnyDay|[upkeep]\n|-heal|p1b: Toxapex|39/100|[from] item: Leftovers\n|upkeep\n|turn|7\n|\n|t:|1788452279\n|switch|p1a: Incineroar|Incineroar, L50, M|100/100\n|-ability|p1a: Incineroar|Intimidate|boost\n|-unboost|p2a: Charizard|atk|1\n|move|p2a: Charizard|Protect|p2a: Charizard\n|-singleturn|p2a: Charizard|Protect\n|move|p1b: Toxapex|Toxic|p2a: Charizard\n|-activate|p2a: Charizard|move: Protect\n|\n|-weather|SunnyDay|[upkeep]\n|-heal|p1b: Toxapex|45/100|[from] item: Leftovers\n|upkeep\n|turn|8\n|\n|t:|1788452290\n|move|p1a: Incineroar|Fake Out|p2a: Charizard\n|-damage|p2a: Charizard|85/100\n|move|p1b: Toxapex|Toxic|p2a: Charizard\n|-status|p2a: Charizard|tox\n|cant|p2a: Charizard|flinch\n|\n|-weather|SunnyDay|[upkeep]\n|-heal|p1b: Toxapex|50/100g|[from] item: Leftovers\n|-damage|p2a: Charizard|80/100 tox|[from] psn\n|upkeep\n|turn|9\n|\n|t:|1788452303\n|move|p2a: Charizard|Protect|p2a: Charizard\n|-singleturn|p2a: Charizard|Protect\n|move|p1b: Toxapex|Infestation|p2a: Charizard\n|-activate|p2a: Charizard|move: Protect\n|move|p1a: Incineroar|Flare Blitz|p2a: Charizard\n|-activate|p2a: Charizard|move: Protect\n|\n|-weather|SunnyDay|[upkeep]\n|-heal|p1b: Toxapex|56/100|[from] item: Leftovers\n|-damage|p2a: Charizard|68/100 tox|[from] psn\n|-fieldend|move: Trick Room\n|upkeep\n|turn|10\n|\n|t:|1788452311\n|move|p2a: Charizard|Heat Wave|p1b: Toxapex|[spread] p1a,p1b\n|-resisted|p1a: Incineroar|1\n|-resisted|p1b: Toxapex|1\n|-damage|p1a: Incineroar|81/100\n|-damage|p1b: Toxapex|41/100\n|move|p1a: Incineroar|Flare Blitz|p2a: Charizard\n|-resisted|p2a: Charizard|1\n|-damage|p2a: Charizard|18/100 tox\n|-damage|p1a: Incineroar|68/100|[from] Recoil\n|move|p1b: Toxapex|Infestation|p2a: Charizard\n|-resisted|p2a: Charizard|2\n|-damage|p2a: Charizard|18/100 tox\n|-activate|p2a: Charizard|move: Infestation|[of] p1b: Toxapex\n|\n|-weather|none\n|-heal|p1b: Toxapex|47/100|[from] item: Leftovers\n|-damage|p2a: Charizard|1/100 tox|[from] psn\n|-damage|p2a: Charizard|0 fnt|[from] move: Infestation|[partiallytrapped]\n|faint|p2a: Charizard\n|\n|win|sparshjha\n","uploadtime":1788452312,"views":"3","formatid":"gen9championsvgc2026regmbbo3","rating":null,"private":0,"password":null}