{"id":"gen9championsvgc2026regmbbo3-2674355581","format":"[Gen 9 Champions] VGC 2026 Reg M-B (Bo3)","players":["NeruLuna","Chavo666"],"log":"|j|☆NeruLuna\n|j|☆Chavo666\n|html|<table width=\"100%\"><tr><td align=\"left\">NeruLuna</td><td align=\"right\">Chavo666</tr><tr><td align=\"left\"><i class=\"fa fa-circle-o\"></i> <i class=\"fa fa-circle-o\"></i> </td><td align=\"right\"><i class=\"fa fa-circle-o\"></i> <i class=\"fa fa-circle\"></i> </tr></table>\n|uhtml|bestof|<h2><strong>Game 2</strong> of <a href=\"/game-bestof3-gen9championsvgc2026regmbbo3-2674353918\">a best-of-3</a></h2>\n|t:|1788347789\n|gametype|doubles\n|player|p1|NeruLuna|170|1146\n|player|p2|Chavo666|steven|1165\n|gen|9\n|tier|[Gen 9 Champions] VGC 2026 Reg M-B (Bo3)\n|rated|\n|rule|Species Clause: Limit one of each Pokémon\n|rule|Item Clause: Limit 1 of each item\n|clearpoke\n|poke|p1|Floette-Eternal, L50, F|\n|poke|p1|Gholdengo, L50|\n|poke|p1|Sneasler, L50, F|\n|poke|p1|Incineroar, L50, F|\n|poke|p1|Talonflame, L50, F|\n|poke|p1|Tyranitar, L50, M|\n|poke|p2|Sinistcha-Masterpiece, L50|\n|poke|p2|Incineroar, L50, F|\n|poke|p2|Glimmora, L50, F|\n|poke|p2|Ceruledge, L50, M|\n|poke|p2|Mamoswine, L50, F|\n|poke|p2|Feraligatr, L50, M|\n|teampreview|4\n|showteam|p1|Floette-Eternal||Floettite|FlowerVeil|LightofRuin,DazzlingGleam,Protect,Moonblast|Modest||F|||50|]Gholdengo||LifeOrb|GoodasGold|PowerGem,MakeItRain,Protect,ShadowBall|Timid|||||50|]Sneasler||FocusSash|Unburden|FakeOut,CloseCombat,Protect,DireClaw|Adamant||F|||50|]Incineroar||Charcoal|Intimidate|HelpingHand,PartingShot,FakeOut,FlareBlitz|Careful||F|||50|]Talonflame||WideLens|GaleWings|Tailwind,Protect,WillOWisp,DualWingbeat|Adamant||F|||50|]Tyranitar||ChopleBerry|SandStream|KnockOff,RockSlide,Protect,LowKick|Adamant||M|||50|\n|showteam|p2|Sinistcha-Masterpiece||Leftovers|Hospitality|MatchaGotcha,TrickRoom,RagePowder,ShadowBall|Calm|||||50|]Incineroar||ChopleBerry|Intimidate|FakeOut,PartingShot,HelpingHand,DarkestLariat|Impish||F|||50|]Glimmora||Glimmoranite|ToxicDebris|SludgeBomb,SpikyShield,RockSlide,EarthPower|Timid||F|||50|]Ceruledge||ColburBerry|FlashFire|BitterBlade,BulkUp,Protect,ShadowSneak|Adamant||M|||50|]Mamoswine||FocusSash|Oblivious|Earthquake,KnockOff,IceShard,Protect|Adamant||F|||50|]Feraligatr||Feraligite|Torrent|SwordsDance,DoubleEdge,Protect,AquaJet|Adamant||M|||50|\n|j| KattaMou\n|\n|t:|1788347830\n|teamsize|p1|4\n|teamsize|p2|4\n|start\n|switch|p1a: Talonflame|Talonflame, L50, F|100/100\n|switch|p1b: Gholdengo|Gholdengo, L50|100/100\n|switch|p2a: Ceruledge|Ceruledge, L50, M|100/100\n|switch|p2b: Glimmora|Glimmora, L50, F|100/100\n|turn|1\n|\n|t:|1788347841\n|detailschange|p2b: Glimmora|Glimmora-Mega, L50, F\n|-mega|p2b: Glimmora|Glimmora|Glimmoranite\n|move|p2b: Glimmora|Spiky Shield|p2b: Glimmora\n|-singleturn|p2b: Glimmora|move: Protect\n|move|p1a: Talonflame|Tailwind|p1a: Talonflame\n|-sidestart|p1: NeruLuna|move: Tailwind\n|move|p1b: Gholdengo|Make It Rain|p2a: Ceruledge|[spread] p2a\n|-activate|p2b: Glimmora|move: Protect\n|-resisted|p2a: Ceruledge|1\n|-damage|p2a: Ceruledge|68/100\n|-unboost|p1b: Gholdengo|spa|2\n|-damage|p1b: Gholdengo|90/100|[from] item: Life Orb\n|move|p2a: Ceruledge|Bulk Up|p2a: Ceruledge\n|-boost|p2a: Ceruledge|atk|1\n|-boost|p2a: Ceruledge|def|1\n|\n|upkeep\n|turn|2\n|\n|t:|1788347866\n|switch|p2b: Sinistcha|Sinistcha-Masterpiece, L50|100/100\n|-heal|p2a: Ceruledge|92/100|[from] ability: Hospitality|[of] p2b: Sinistcha\n|move|p1b: Gholdengo|Protect|p1b: Gholdengo\n|-singleturn|p1b: Gholdengo|Protect\n|move|p2a: Ceruledge|Protect|p2a: Ceruledge\n|-singleturn|p2a: Ceruledge|Protect\n|move|p1a: Talonflame|Dual Wingbeat|p2a: Ceruledge\n|-activate|p2a: Ceruledge|move: Protect\n|\n|upkeep\n|turn|3\n|\n|t:|1788347884\n|switch|p1b: Tyranitar|Tyranitar, L50, M|100/100\n|-weather|Sandstorm|[from] ability: Sand Stream|[of] p1b: Tyranitar\n|move|p1a: Talonflame|Dual Wingbeat|p2b: Sinistcha\n|-supereffective|p2b: Sinistcha|1\n|-damage|p2b: Sinistcha|65/100\n|-supereffective|p2b: Sinistcha|1\n|-damage|p2b: Sinistcha|30/100\n|-hitcount|p2b: Sinistcha|2\n|move|p2a: Ceruledge|Bitter Blade|p1b: Tyranitar\n|-resisted|p1b: Tyranitar|1\n|-damage|p1b: Tyranitar|66/100\n|-heal|p2a: Ceruledge|100/100|[from] drain|[of] p1b: Tyranitar\n|move|p2b: Sinistcha|Trick Room|p2b: Sinistcha\n|-fieldstart|move: Trick Room|[of] p2b: Sinistcha\n|\n|-weather|Sandstorm|[upkeep]\n|-damage|p2b: Sinistcha|24/100|[from] Sandstorm\n|-damage|p2a: Ceruledge|93/100|[from] Sandstorm\n|-damage|p1a: Talonflame|93/100|[from] Sandstorm\n|-heal|p2b: Sinistcha|30/100|[from] item: Leftovers\n|upkeep\n|turn|4\n|\n|t:|1788347905\n|move|p2a: Ceruledge|Protect|p2a: Ceruledge\n|-singleturn|p2a: Ceruledge|Protect\n|move|p1b: Tyranitar|Protect|p1b: Tyranitar\n|-singleturn|p1b: Tyranitar|Protect\n|move|p1a: Talonflame|Protect|p1a: Talonflame\n|-singleturn|p1a: Talonflame|Protect\n|move|p2b: Sinistcha|Matcha Gotcha|p1b: Tyranitar|[spread] \n|-activate|p1a: Talonflame|move: Protect\n|-activate|p1b: Tyranitar|move: Protect\n|\n|-weather|Sandstorm|[upkeep]\n|-damage|p2b: Sinistcha|24/100|[from] Sandstorm\n|-damage|p2a: Ceruledge|87/100|[from] Sandstorm\n|-damage|p1a: Talonflame|87/100|[from] Sandstorm\n|-heal|p2b: Sinistcha|30/100|[from] item: Leftovers\n|-sideend|p1: NeruLuna|move: Tailwind\n|upkeep\n|turn|5\n|\n|t:|1788347920\n|switch|p1b: Gholdengo|Gholdengo, L50|90/100\n|move|p2b: Sinistcha|Matcha Gotcha|p1a: Talonflame|[spread] p1a,p1b\n|-resisted|p1a: Talonflame|2\n|-crit|p1a: Talonflame\n|-resisted|p1b: Gholdengo|1\n|-damage|p1a: Talonflame|73/100\n|-heal|p2b: Sinistcha|37/100|[from] drain|[of] p1a: Talonflame\n|-damage|p1b: Gholdengo|75/100\n|-heal|p2b: Sinistcha|43/100|[from] drain|[of] p1b: Gholdengo\n|-status|p1b: Gholdengo|brn\n|move|p2a: Ceruledge|Bitter Blade|p1b: Gholdengo\n|-supereffective|p1b: Gholdengo|1\n|-damage|p1b: Gholdengo|0 fnt\n|-heal|p2a: Ceruledge|100/100|[from] drain|[of] p1b: Gholdengo\n|faint|p1b: Gholdengo\n|move|p1a: Talonflame|Dual Wingbeat|p2b: Sinistcha\n|-supereffective|p2b: Sinistcha|1\n|-damage|p2b: Sinistcha|6/100\n|-supereffective|p2b: Sinistcha|1\n|-damage|p2b: Sinistcha|0 fnt\n|faint|p2b: Sinistcha\n|-hitcount|p2: Sinistcha|2\n|\n|-weather|Sandstorm|[upkeep]\n|-damage|p2a: Ceruledge|93/100|[from] Sandstorm\n|-damage|p1a: Talonflame|67/100|[from] Sandstorm\n|upkeep\n|\n|t:|1788347947\n|switch|p2b: Mamoswine|Mamoswine, L50, F|100/100\n|switch|p1b: Floette|Floette-Eternal, L50, F|100/100\n|turn|6\n|l| KattaMou\n|\n|t:|1788347958\n|move|p1b: Floette|Protect|p1b: Floette\n|-singleturn|p1b: Floette|Protect\n|move|p2b: Mamoswine|Knock Off|p1a: Talonflame\n|-damage|p1a: Talonflame|14/100\n|-enditem|p1a: Talonflame|Wide Lens|[from] move: Knock Off|[of] p2b: Mamoswine\n|move|p2a: Ceruledge|Bitter Blade|p1b: Floette\n|-activate|p1b: Floette|move: Protect\n|move|p1a: Talonflame|Will-O-Wisp|p2b: Mamoswine\n|-status|p2b: Mamoswine|brn\n|\n|-weather|Sandstorm|[upkeep]\n|-damage|p2a: Ceruledge|87/100|[from] Sandstorm\n|-damage|p1b: Floette|94/100|[from] Sandstorm\n|-damage|p1a: Talonflame|8/100|[from] Sandstorm\n|-damage|p2b: Mamoswine|94/100 brn|[from] brn\n|upkeep\n|turn|7\n|\n|t:|1788347980\n|switch|p1b: Tyranitar|Tyranitar, L50, M|66/100\n|move|p1a: Talonflame|Protect|p1a: Talonflame\n|-singleturn|p1a: Talonflame|Protect\n|move|p2b: Mamoswine|Ice Shard|p1a: Talonflame\n|-activate|p1a: Talonflame|move: Protect\n|move|p2a: Ceruledge|Bitter Blade|p1b: Tyranitar\n|-resisted|p1b: Tyranitar|1\n|-damage|p1b: Tyranitar|34/100\n|-heal|p2a: Ceruledge|100/100|[from] drain|[of] p1b: Tyranitar\n|\n|-weather|none\n|-damage|p2b: Mamoswine|88/100 brn|[from] brn\n|-fieldend|move: Trick Room\n|upkeep\n|turn|8\n|\n|t:|1788348008\n|move|p2a: Ceruledge|Protect|p2a: Ceruledge\n|-singleturn|p2a: Ceruledge|Protect\n|move|p2b: Mamoswine|Ice Shard|p1a: Talonflame\n|-damage|p1a: Talonflame|0 fnt\n|faint|p1a: Talonflame\n|move|p1b: Tyranitar|Rock Slide|p2a: Ceruledge|[spread] p2b\n|-activate|p2a: Ceruledge|move: Protect\n|-damage|p2b: Mamoswine|55/100 brn\n|\n|-damage|p2b: Mamoswine|49/100 brn|[from] brn\n|upkeep\n|\n|t:|1788348011\n|switch|p1a: Floette|Floette-Eternal, L50, F|94/100\n|turn|9\n|\n|t:|1788348029\n|detailschange|p1a: Floette|Floette-Mega, L50, F\n|-mega|p1a: Floette|Floette|Floettite\n|-ability|p1a: Floette|Fairy Aura\n|move|p1a: Floette|Light of Ruin|p2a: Ceruledge\n|-resisted|p2a: Ceruledge|1\n|-damage|p2a: Ceruledge|39/100\n|-damage|p1a: Floette|58/100|[from] Recoil\n|move|p2a: Ceruledge|Bitter Blade|p1a: Floette\n|-damage|p1a: Floette|0 fnt\n|-heal|p2a: Ceruledge|64/100|[from] drain|[of] p1a: Floette\n|faint|p1a: Floette\n|move|p1b: Tyranitar|Knock Off|p2a: Ceruledge\n|-supereffective|p2a: Ceruledge|1\n|-enditem|p2a: Ceruledge|Colbur Berry|[eat]\n|-enditem|p2a: Ceruledge|Colbur Berry|[weaken]\n|-damage|p2a: Ceruledge|19/100\n|move|p2b: Mamoswine|Knock Off|p1b: Tyranitar\n|-resisted|p1b: Tyranitar|1\n|-crit|p1b: Tyranitar\n|-damage|p1b: Tyranitar|22/100\n|-enditem|p1b: Tyranitar|Chople Berry|[from] move: Knock Off|[of] p2b: Mamoswine\n|\n|-damage|p2b: Mamoswine|43/100 brn|[from] brn\n|upkeep\n|turn|10\n|\n|t:|1788348053\n|move|p1b: Tyranitar|Protect|p1b: Tyranitar\n|-singleturn|p1b: Tyranitar|Protect\n|move|p2b: Mamoswine|Ice Shard|p1b: Tyranitar\n|-activate|p1b: Tyranitar|move: Protect\n|move|p2a: Ceruledge|Bitter Blade|p1b: Tyranitar\n|-activate|p1b: Tyranitar|move: Protect\n|\n|-damage|p2b: Mamoswine|37/100 brn|[from] brn\n|upkeep\n|turn|11\n|\n|t:|1788348065\n|move|p2b: Mamoswine|Ice Shard|p1b: Tyranitar\n|-damage|p1b: Tyranitar|11/100\n|move|p2a: Ceruledge|Bitter Blade|p1b: Tyranitar\n|-resisted|p1b: Tyranitar|1\n|-damage|p1b: Tyranitar|0 fnt\n|-heal|p2a: Ceruledge|25/100|[from] drain|[of] p1b: Tyranitar\n|faint|p1b: Tyranitar\n|\n|win|Chavo666\n|raw|NeruLuna's rating: 1146 &rarr; <strong>1122</strong><br />(-24 for losing)\n|raw|Chavo666's rating: 1165 &rarr; <strong>1189</strong><br />(+24 for winning)\n|l|☆Chavo666\n|player|p2|\n","uploadtime":1788348079,"views":"5","formatid":"gen9championsvgc2026regmbbo3","rating":1122,"private":0,"password":null}