{"id":"gen9championsvgc2026regmb-2674651276","format":"[Gen 9 Champions] VGC 2026 Reg M-B","players":["mintiephresh","Difjsjc"],"log":"|j|☆mintiephresh\n|j|☆Difjsjc\n|t:|1788385279\n|gametype|doubles\n|player|p1|mintiephresh|swimmer|1344\n|player|p2|Difjsjc|clerk-boss|1280\n|gen|9\n|tier|[Gen 9 Champions] VGC 2026 Reg M-B\n|rated|\n|rule|Species Clause: Limit one of each Pokémon\n|rule|Item Clause: Limit 1 of each item\n|clearpoke\n|poke|p1|Grimmsnarl, L50, M|\n|poke|p1|Swampert, L50, F|\n|poke|p1|Pelipper, L50, F|\n|poke|p1|Archaludon, L50, M|\n|poke|p1|Venusaur, L50, M|\n|poke|p1|Basculegion, L50, M|\n|poke|p2|Toxapex, L50, F|\n|poke|p2|Overqwil, L50, F|\n|poke|p2|Scolipede, L50, M|\n|poke|p2|Sneasler, L50, F, shiny|\n|poke|p2|Venusaur, L50, F|\n|poke|p2|Slowking-Galar, L50, M|\n|teampreview|4\n|inactive|Battle timer is ON: inactive players will automatically lose when time's up. (requested by mintiephresh)\n|\n|t:|1788385307\n|teamsize|p1|4\n|teamsize|p2|4\n|start\n|switch|p1a: Pelipper|Pelipper, L50, F|100/100\n|switch|p1b: Basculegion|Basculegion, L50, M|100/100\n|switch|p2a: Rotten Banana|Sneasler, L50, F, shiny|100/100\n|switch|p2b: Scoliosis|Scolipede, L50, M|100/100\n|-weather|RainDance|[from] ability: Drizzle|[of] p1a: Pelipper\n|turn|1\n|\n|t:|1788385330\n|switch|p2b: Chernobyl|Toxapex, L50, F|100/100\n|move|p2a: Rotten Banana|Fake Out|p1a: Pelipper\n|-damage|p1a: Pelipper|85/100\n|move|p1b: Basculegion|Flip Turn|p2a: Rotten Banana\n|-damage|p2a: Rotten Banana|10/100\n|\n|t:|1788385340\n|switch|p1b: Archaludon|Archaludon, L50, M|100/100|[from] Flip Turn\n|cant|p1a: Pelipper|flinch\n|\n|-weather|RainDance|[upkeep]\n|upkeep\n|turn|2\n|\n|t:|1788385352\n|move|p2a: Rotten Banana|Close Combat|p1b: Archaludon\n|-supereffective|p1b: Archaludon|1\n|-damage|p1b: Archaludon|15/100\n|-unboost|p2a: Rotten Banana|def|1\n|-unboost|p2a: Rotten Banana|spd|1\n|-ability|p1b: Archaludon|Stamina|boost\n|-boost|p1b: Archaludon|def|1\n|-enditem|p2a: Rotten Banana|White Herb\n|-clearnegativeboost|p2a: Rotten Banana|[silent]\n|move|p1a: Pelipper|Tailwind|p1a: Pelipper\n|-sidestart|p1: mintiephresh|move: Tailwind\n|move|p1b: Archaludon|Electro Shot||[still]\n|-prepare|p1b: Archaludon|Electro Shot\n|-boost|p1b: Archaludon|spa|1\n|-anim|p1b: Archaludon|Electro Shot|p2b: Chernobyl\n|-supereffective|p2b: Chernobyl|1\n|-damage|p2b: Chernobyl|1/100\n|move|p2b: Chernobyl|Light Screen|p2b: Chernobyl\n|-sidestart|p2: Difjsjc|move: Light Screen\n|\n|-weather|RainDance|[upkeep]\n|-heal|p1b: Archaludon|22/100|[from] item: Leftovers\n|upkeep\n|turn|3\n|inactive|Difjsjc has 30 seconds left.\n|\n|t:|1788385385\n|move|p1b: Archaludon|Protect|p1b: Archaludon\n|-singleturn|p1b: Archaludon|Protect\n|move|p2a: Rotten Banana|Dire Claw|p1a: Pelipper\n|-damage|p1a: Pelipper|45/100\n|-status|p1a: Pelipper|par\n|-enditem|p1a: Pelipper|Sitrus Berry|[eat]\n|-heal|p1a: Pelipper|70/100 par|[from] item: Sitrus Berry\n|move|p1a: Pelipper|Weather Ball|p2a: Rotten Banana\n|-damage|p2a: Rotten Banana|0 fnt\n|faint|p2a: Rotten Banana\n|move|p2b: Chernobyl|Muddy Water|p1a: Pelipper|[spread] p1a\n|-activate|p1b: Archaludon|move: Protect\n|-resisted|p1a: Pelipper|1\n|-damage|p1a: Pelipper|53/100 par\n|\n|-weather|RainDance|[upkeep]\n|-heal|p1b: Archaludon|28/100|[from] item: Leftovers\n|upkeep\n|\n|t:|1788385392\n|switch|p2a: Asparagus|Venusaur, L50, F|100/100\n|turn|4\n|inactive|mintiephresh has 30 seconds left.\n|\n|t:|1788385424\n|switch|p1a: Swampert|Swampert, L50, F|100/100\n|detailschange|p2a: Asparagus|Venusaur-Mega, L50, F\n|-mega|p2a: Asparagus|Venusaur|Venusaurite\n|move|p1b: Archaludon|Dragon Pulse|p2a: Asparagus\n|-damage|p2a: Asparagus|70/100\n|move|p2a: Asparagus|Leech Seed|p1b: Archaludon\n|-start|p1b: Archaludon|move: Leech Seed\n|move|p2b: Chernobyl|Muddy Water|p1b: Archaludon|[spread] p1a\n|-miss|p2b: Chernobyl|p1b: Archaludon\n|-damage|p1a: Swampert|74/100\n|-unboost|p1a: Swampert|accuracy|1\n|\n|-weather|RainDance|[upkeep]\n|-heal|p1b: Archaludon|34/100|[from] item: Leftovers\n|-damage|p1b: Archaludon|22/100|[from] Leech Seed|[of] p2a: Asparagus\n|-heal|p2a: Asparagus|82/100|[silent]\n|upkeep\n|turn|5\n|inactive|mintiephresh has 30 seconds left.\n|\n|t:|1788385449\n|detailschange|p1a: Swampert|Swampert-Mega, L50, F\n|-mega|p1a: Swampert|Swampert|Swampertite\n|move|p1a: Swampert|Protect|p1a: Swampert\n|-singleturn|p1a: Swampert|Protect\n|move|p2b: Chernobyl|Wide Guard|p2b: Chernobyl\n|-singleturn|p2b: Chernobyl|Wide Guard\n|move|p1b: Archaludon|Electro Shot||[still]\n|-prepare|p1b: Archaludon|Electro Shot\n|-boost|p1b: Archaludon|spa|1\n|-anim|p1b: Archaludon|Electro Shot|p2b: Chernobyl\n|-supereffective|p2b: Chernobyl|1\n|-damage|p2b: Chernobyl|0 fnt\n|faint|p2b: Chernobyl\n|move|p2a: Asparagus|Giga Drain|p1a: Swampert\n|-activate|p1a: Swampert|move: Protect\n|\n|-weather|none\n|-heal|p1b: Archaludon|28/100|[from] item: Leftovers\n|-damage|p1b: Archaludon|15/100|[from] Leech Seed|[of] p2a: Asparagus\n|-heal|p2a: Asparagus|95/100|[silent]\n|-sideend|p1: mintiephresh|move: Tailwind\n|upkeep\n|\n|t:|1788385453\n|switch|p2b: Scoliosis|Scolipede, L50, M|100/100\n|turn|6\n|inactive|mintiephresh has 30 seconds left.\n|\n|t:|1788385480\n|switch|p1a: Pelipper|Pelipper, L50, F|53/100 par\n|-weather|RainDance|[from] ability: Drizzle|[of] p1a: Pelipper\n|move|p2b: Scoliosis|Swords Dance|p2b: Scoliosis\n|-boost|p2b: Scoliosis|atk|2\n|move|p1b: Archaludon|Flash Cannon|p2b: Scoliosis\n|-damage|p2b: Scoliosis|19/100\n|move|p2a: Asparagus|Giga Drain|p1a: Pelipper\n|-damage|p1a: Pelipper|14/100 par\n|-heal|p2a: Asparagus|100/100|[from] drain|[of] p1a: Pelipper\n|\n|-weather|RainDance|[upkeep]\n|-heal|p1b: Archaludon|22/100|[from] item: Leftovers\n|-damage|p1b: Archaludon|9/100|[from] Leech Seed|[of] p2a: Asparagus\n|-ability|p2b: Scoliosis|Speed Boost|boost\n|-boost|p2b: Scoliosis|spe|1\n|upkeep\n|turn|7\n|\n|t:|1788385502\n|switch|p1a: Basculegion|Basculegion, L50, M|100/100\n|move|p2b: Scoliosis|Leech Life|p1b: Archaludon\n|-resisted|p1b: Archaludon|1\n|-damage|p1b: Archaludon|0 fnt\n|-heal|p2b: Scoliosis|27/100|[from] drain|[of] p1b: Archaludon\n|faint|p1b: Archaludon\n|move|p2a: Asparagus|Giga Drain|p1a: Basculegion\n|-supereffective|p1a: Basculegion|1\n|-damage|p1a: Basculegion|34/100\n|\n|-weather|RainDance|[upkeep]\n|-ability|p2b: Scoliosis|Speed Boost|boost\n|-boost|p2b: Scoliosis|spe|1\n|upkeep\n|\n|t:|1788385508\n|switch|p1b: Swampert|Swampert-Mega, L50, F|74/100\n|turn|8\n|\n|t:|1788385532\n|move|p2b: Scoliosis|Protect|p2b: Scoliosis\n|-singleturn|p2b: Scoliosis|Protect\n|move|p1b: Swampert|Wave Crash|p2b: Scoliosis\n|-activate|p2b: Scoliosis|move: Protect\n|move|p1a: Basculegion|Last Respects|p2a: Asparagus\n|-damage|p2a: Asparagus|66/100\n|move|p2a: Asparagus|Giga Drain|p1a: Basculegion\n|-supereffective|p1a: Basculegion|1\n|-damage|p1a: Basculegion|0 fnt\n|-heal|p2a: Asparagus|85/100|[from] drain|[of] p1a: Basculegion\n|faint|p1a: Basculegion\n|\n|-weather|RainDance|[upkeep]\n|-ability|p2b: Scoliosis|Speed Boost|boost\n|-boost|p2b: Scoliosis|spe|1\n|upkeep\n|\n|t:|1788385543\n|switch|p1a: Pelipper|Pelipper, L50, F|14/100 par\n|turn|9\n|\n|t:|1788385550\n|move|p2b: Scoliosis|Leech Life|p1b: Swampert\n|-damage|p1b: Swampert|4/100\n|-heal|p2b: Scoliosis|72/100|[from] drain|[of] p1b: Swampert\n|move|p1b: Swampert|Wave Crash|p2b: Scoliosis\n|-damage|p2b: Scoliosis|0 fnt\n|faint|p2b: Scoliosis\n|-damage|p1b: Swampert|0 fnt|[from] Recoil\n|faint|p1b: Swampert\n|move|p2a: Asparagus|Giga Drain|p1a: Pelipper\n|-damage|p1a: Pelipper|0 fnt\n|-heal|p2a: Asparagus|91/100|[from] drain|[of] p1a: Pelipper\n|faint|p1a: Pelipper\n|\n|win|Difjsjc\n|raw|mintiephresh's rating: 1344 &rarr; <strong>1320</strong><br />(-24 for losing)\n|raw|Difjsjc's rating: 1280 &rarr; <strong>1310</strong><br />(+30 for winning)\n|l|☆mintiephresh\n|player|p1|\n","uploadtime":1788385568,"views":"0","formatid":"gen9championsvgc2026regmb","rating":1310,"private":0,"password":null}