{"id":"gen9championsvgc2026regmb-2674707094","format":"[Gen 9 Champions] VGC 2026 Reg M-B","players":["jackofharts9","shinypantss"],"log":"|j|☆jackofharts9\n|j|☆shinypantss\n|html|<table width=\"100%\"><tr><td align=\"left\">jackofharts9</td><td align=\"right\">shinypantss</tr><tr><td align=\"left\"><i class=\"fa fa-circle-o\"></i> <i class=\"fa fa-circle-o\"></i> </td><td align=\"right\"><i class=\"fa fa-circle-o\"></i> <i class=\"fa fa-circle-o\"></i> </tr></table>\n|uhtml|bestof|<h2><strong>Game 1</strong> of <a href=\"/game-bestof3-gen9championsvgc2026regmb-2674707093\">a best-of-3</a></h2>\n|t:|1788393628\n|gametype|doubles\n|player|p1|jackofharts9|265|\n|player|p2|shinypantss|265|\n|gen|9\n|tier|[Gen 9 Champions] VGC 2026 Reg M-B\n|rule|Species Clause: Limit one of each Pokémon\n|rule|Item Clause: Limit 1 of each item\n|raw|<div class=\"infobox\"><details class=\"readmore\" open><summary><strong>1 custom rule:</strong></summary> Best of = 3</details></div>\n|clearpoke\n|poke|p1|Infernape, L50, M|\n|poke|p1|Palafin, L50, M|\n|poke|p1|Sinistcha, L50|\n|poke|p1|Talonflame, L50, F|\n|poke|p1|Raichu, L50, F|\n|poke|p1|Sylveon, L50, F|\n|poke|p2|Charizard, L50, M|\n|poke|p2|Incineroar, L50, F|\n|poke|p2|Whimsicott, L50, F|\n|poke|p2|Diggersby, L50, F|\n|poke|p2|Goodra, L50, F|\n|poke|p2|Vaporeon, L50, F|\n|teampreview|4\n|inactive|Battle timer is ON: inactive players will automatically lose when time's up. (requested by jackofharts9)\n|j| tmacp\n|j| rileyjawn baby\n|j| brehio11\n|\n|t:|1788393648\n|teamsize|p1|4\n|teamsize|p2|4\n|start\n|switch|p1a: Son of Harambe|Infernape, L50, M|100/100\n|switch|p1b: Dont Taze me Bro|Raichu, L50, F|100/100\n|switch|p2a: Daddy Char|Charizard, L50, M|100/100\n|switch|p2b: Whimsicott|Whimsicott, L50, F|100/100\n|turn|1\n|c| rileyjawn baby|DRAGONITE GANG RISE UP\n|inactive|jackofharts9 has 30 seconds left.\n|c| tmacp|D:\n|inactive|shinypantss has 30 seconds left.\n|\n|t:|1788393679\n|detailschange|p1b: Dont Taze me Bro|Raichu-Mega-Y, L50, F\n|-mega|p1b: Dont Taze me Bro|Raichu|Raichunite Y\n|detailschange|p2a: Daddy Char|Charizard-Mega-Y, L50, M\n|-mega|p2a: Daddy Char|Charizard|Charizardite Y\n|-weather|SunnyDay|[from] ability: Drought|[of] p2a: Daddy Char\n|move|p2b: Whimsicott|Tailwind|p2b: Whimsicott\n|-sidestart|p2: shinypantss|move: Tailwind\n|move|p2a: Daddy Char|Heat Wave|p1b: Dont Taze me Bro|[spread] p1a,p1b\n|-resisted|p1a: Son of Harambe|1\n|-damage|p1a: Son of Harambe|49/100\n|-damage|p1b: Dont Taze me Bro|0 fnt\n|faint|p1b: Dont Taze me Bro\n|move|p1a: Son of Harambe|Flare Blitz|p2b: Whimsicott\n|-supereffective|p2b: Whimsicott|1\n|-enditem|p2b: Whimsicott|Focus Sash\n|-damage|p2b: Whimsicott|1/100\n|-damage|p1a: Son of Harambe|13/100|[from] Recoil\n|\n|-weather|SunnyDay|[upkeep]\n|upkeep\n|\n|t:|1788393695\n|switch|p1b: Cove's Revenge|Palafin, L50, M|100/100\n|turn|2\n|j| ripley98\n|\n|t:|1788393716\n|switch|p1a: My Pretty Pony|Sylveon, L50, F|100/100\n|move|p2b: Whimsicott|Protect|p2b: Whimsicott\n|-singleturn|p2b: Whimsicott|Protect\n|move|p2a: Daddy Char|Solar Beam||[still]\n|-prepare|p2a: Daddy Char|Solar Beam\n|-anim|p2a: Daddy Char|Solar Beam|p1b: Cove's Revenge\n|-supereffective|p1b: Cove's Revenge|1\n|-damage|p1b: Cove's Revenge|0 fnt\n|faint|p1b: Cove's Revenge\n|\n|-weather|SunnyDay|[upkeep]\n|upkeep\n|\n|t:|1788393724\n|switch|p1b: Son of Harambe|Infernape, L50, M|13/100\n|turn|3\n|\n|t:|1788393745\n|move|p1b: Son of Harambe|Fake Out|p2a: Daddy Char\n|-damage|p2a: Daddy Char|82/100\n|cant|p2a: Daddy Char|flinch\n|move|p2b: Whimsicott|Moonblast|p1a: My Pretty Pony\n|-damage|p1a: My Pretty Pony|84/100\n|move|p1a: My Pretty Pony|Hyper Voice|p2a: Daddy Char|[spread] p2a,p2b\n|-resisted|p2a: Daddy Char|1\n|-damage|p2a: Daddy Char|63/100\n|-damage|p2b: Whimsicott|0 fnt\n|faint|p2b: Whimsicott\n|\n|-weather|SunnyDay|[upkeep]\n|upkeep\n|\n|t:|1788393758\n|switch|p2b: Alien|Goodra, L50, F|100/100\n|turn|4\n|\n|t:|1788393781\n|move|p2a: Daddy Char|Heat Wave|p1a: My Pretty Pony|[spread] p1a,p1b\n|-resisted|p1b: Son of Harambe|1\n|-damage|p1a: My Pretty Pony|52/100\n|-damage|p1b: Son of Harambe|0 fnt\n|faint|p1b: Son of Harambe\n|move|p2b: Alien|Sludge Bomb|p1a: My Pretty Pony\n|-supereffective|p1a: My Pretty Pony|1\n|-damage|p1a: My Pretty Pony|24/100\n|-status|p1a: My Pretty Pony|psn\n|move|p1a: My Pretty Pony|Hyper Voice|p2a: Daddy Char|[spread] p2a,p2b\n|-resisted|p2a: Daddy Char|1\n|-supereffective|p2b: Alien|1\n|-damage|p2a: Daddy Char|44/100\n|-damage|p2b: Alien|46/100\n|\n|-weather|SunnyDay|[upkeep]\n|-damage|p1a: My Pretty Pony|11/100 psn|[from] psn\n|-sideend|p2: shinypantss|move: Tailwind\n|upkeep\n|turn|5\n|inactive|shinypantss has 30 seconds left.\n|\n|t:|1788393810\n|move|p1a: My Pretty Pony|Protect|p1a: My Pretty Pony\n|-singleturn|p1a: My Pretty Pony|Protect\n|move|p2a: Daddy Char|Solar Beam||[still]\n|-prepare|p2a: Daddy Char|Solar Beam\n|-anim|p2a: Daddy Char|Solar Beam|p1a: My Pretty Pony\n|-activate|p1a: My Pretty Pony|move: Protect\n|move|p2b: Alien|Thunderbolt|p1a: My Pretty Pony\n|-activate|p1a: My Pretty Pony|move: Protect\n|\n|-weather|none\n|-damage|p1a: My Pretty Pony|0 fnt|[from] psn\n|faint|p1a: My Pretty Pony\n|\n|win|shinypantss\n||jackofharts9 is ready for game 2.\n|inactive|shinypantss has 30 seconds to confirm battle start!\n||shinypantss is ready for game 2.\n|uhtml|next|Next: <a href=\"/battle-gen9championsvgc2026regmb-2674708346\"><strong>Game 2 of 3</strong></a>\n|l| tmacp\n|l| rileyjawn baby\n|l| brehio11\n|l|☆shinypantss\n|player|p2|\n|l| ripley98\n","uploadtime":1788394440,"views":"1","formatid":"gen9championsvgc2026regmb","rating":null,"private":0,"password":null}