{"id":"gen9championsvgc2026regmb-2674406524","format":"[Gen 9 Champions] VGC 2026 Reg M-B","players":["saintinred","GentlemanYone"],"log":"|j|☆saintinred\n|j|‽GentlemanYone\n|t:|1788355862\n|gametype|doubles\n|player|p1|saintinred|170|1409\n|player|p2|GentlemanYone|170|1354\n|gen|9\n|tier|[Gen 9 Champions] VGC 2026 Reg M-B\n|rated|\n|rule|Species Clause: Limit one of each Pokémon\n|rule|Item Clause: Limit 1 of each item\n|clearpoke\n|poke|p1|Delphox, L50, F, shiny|\n|poke|p1|Sneasler, L50, F, shiny|\n|poke|p1|Kingambit, L50, F, shiny|\n|poke|p1|Swampert, L50, F, shiny|\n|poke|p1|Sceptile, L50, F, shiny|\n|poke|p1|Froslass, L50, F, shiny|\n|poke|p2|Tyranitar, L50, M|\n|poke|p2|Excadrill, L50, M|\n|poke|p2|Milotic, L50, M|\n|poke|p2|Gholdengo, L50|\n|poke|p2|Sinistcha, L50|\n|poke|p2|Staraptor, L50, F|\n|teampreview|4\nsaintinred rejected open team sheets.\n|inactive|Battle timer is ON: inactive players will automatically lose when time's up. (requested by saintinred)\n|inactive|GentlemanYone has 60 seconds left.\n|\n|t:|1788355932\n|teamsize|p1|4\n|teamsize|p2|4\n|start\n|switch|p1a: Delphox|Delphox, L50, F, shiny|100/100\n|switch|p1b: Sceptile|Sceptile, L50, F, shiny|100/100\n|switch|p2a: Sinistcha|Sinistcha, L50|100/100\n|switch|p2b: Tyranitar|Tyranitar, L50, M|100/100\n|-weather|Sandstorm|[from] ability: Sand Stream|[of] p2b: Tyranitar\n|turn|1\n|inactive|GentlemanYone has 30 seconds left.\n|inactive|GentlemanYone has 20 seconds left.\n|\n|t:|1788355971\n|detailschange|p1a: Delphox|Delphox-Mega, L50, F, shiny\n|-mega|p1a: Delphox|Delphox|Delphoxite\n|move|p2b: Tyranitar|Protect|p2b: Tyranitar\n|-singleturn|p2b: Tyranitar|Protect\n|move|p1a: Delphox|Mystical Fire|p2a: Sinistcha\n|-supereffective|p2a: Sinistcha|1\n|-damage|p2a: Sinistcha|2/100\n|-unboost|p2a: Sinistcha|spa|1\n|move|p1b: Sceptile|Leaf Storm|p2b: Tyranitar\n|-activate|p2b: Tyranitar|move: Protect\n|move|p2a: Sinistcha|Trick Room|p2a: Sinistcha\n|-fieldstart|move: Trick Room|[of] p2a: Sinistcha\n|\n|-weather|Sandstorm|[upkeep]\n|-damage|p2a: Sinistcha|0 fnt|[from] Sandstorm\n|-damage|p1b: Sceptile|93/100|[from] Sandstorm\n|-damage|p1a: Delphox|94/100|[from] Sandstorm\n|faint|p2a: Sinistcha\n|upkeep\n|\n|t:|1788355989\n|switch|p2a: Staraptor|Staraptor, L50, F|100/100\n|-ability|p2a: Staraptor|Intimidate|boost\n|-unboost|p1a: Delphox|atk|1\n|-unboost|p1b: Sceptile|atk|1\n|-enditem|p1b: Sceptile|White Herb\n|-clearnegativeboost|p1b: Sceptile|[silent]\n|turn|2\n|\n|t:|1788356008\n|move|p2b: Tyranitar|Knock Off|p1a: Delphox\n|-supereffective|p1a: Delphox|1\n|-crit|p1a: Delphox\n|-damage|p1a: Delphox|0 fnt\n|faint|p1a: Delphox\n|move|p2a: Staraptor|Brave Bird|p1b: Sceptile\n|-supereffective|p1b: Sceptile|1\n|-damage|p1b: Sceptile|0 fnt\n|faint|p1b: Sceptile\n|-damage|p2a: Staraptor|75/100|[from] Recoil\n|\n|-weather|Sandstorm|[upkeep]\n|-damage|p2a: Staraptor|69/100|[from] Sandstorm\n|upkeep\n|\n|t:|1788356012\n|switch|p1b: Sneasler|Sneasler, L50, F, shiny|100/100\n|switch|p1a: Kingambit|Kingambit, L50, F, shiny|100/100\n|turn|3\n|inactive|GentlemanYone has 30 seconds left.\n|inactive|GentlemanYone has 20 seconds left.\n|inactive|GentlemanYone has 15 seconds left.\n|inactive|GentlemanYone has 10 seconds left.\n|\n|t:|1788356059\n|move|p1b: Sneasler|Fake Out|p2a: Staraptor\n|-damage|p2a: Staraptor|48/100\n|move|p1a: Kingambit|Iron Head|p2b: Tyranitar\n|-supereffective|p2b: Tyranitar|1\n|-damage|p2b: Tyranitar|29/100\n|move|p2b: Tyranitar|Low Kick|p1a: Kingambit\n|-supereffective|p1a: Kingambit|2\n|-enditem|p1a: Kingambit|Chople Berry|[eat]\n|-enditem|p1a: Kingambit|Chople Berry|[weaken]\n|-damage|p1a: Kingambit|55/100\n|cant|p2a: Staraptor|flinch\n|\n|-weather|Sandstorm|[upkeep]\n|-damage|p2a: Staraptor|42/100|[from] Sandstorm\n|-damage|p1b: Sneasler|94/100|[from] Sandstorm\n|upkeep\n|turn|4\n|inactive|GentlemanYone has 30 seconds left.\n|inactive|GentlemanYone has 20 seconds left.\n|inactive|GentlemanYone has 15 seconds left.\n|inactive|GentlemanYone has 10 seconds left.\n|\n|t:|1788356108\n|detailschange|p2b: Tyranitar|Tyranitar-Mega, L50, M\n|-mega|p2b: Tyranitar|Tyranitar|Tyranitarite\n|move|p1a: Kingambit|Iron Head|p2b: Tyranitar\n|-supereffective|p2b: Tyranitar|1\n|-damage|p2b: Tyranitar|0 fnt\n|faint|p2b: Tyranitar\n|move|p2a: Staraptor|Brave Bird|p1b: Sneasler\n|-supereffective|p1b: Sneasler|1\n|-damage|p1b: Sneasler|0 fnt\n|faint|p1b: Sneasler\n|-damage|p2a: Staraptor|16/100|[from] Recoil\n|\n|-weather|Sandstorm|[upkeep]\n|-damage|p2a: Staraptor|11/100|[from] Sandstorm\n|upkeep\n|\n|t:|1788356123\n|switch|p2b: Excadrill|Excadrill, L50, M|100/100\n|turn|5\n|\n|t:|1788356142\n|move|p2a: Staraptor|Protect|p2a: Staraptor\n|-singleturn|p2a: Staraptor|Protect\n|move|p2b: Excadrill|Protect|p2b: Excadrill\n|-singleturn|p2b: Excadrill|Protect\n|move|p1a: Kingambit|Sucker Punch||[still]\n|-fail|p1a: Kingambit\n|\n|-weather|none\n|-fieldend|move: Trick Room\n|upkeep\n|turn|6\n|\n|t:|1788356155\n|move|p1a: Kingambit|Sucker Punch|p2a: Staraptor\n|-damage|p2a: Staraptor|0 fnt\n|faint|p2a: Staraptor\n|move|p2b: Excadrill|High Horsepower|p1a: Kingambit\n|-supereffective|p1a: Kingambit|1\n|-damage|p1a: Kingambit|0 fnt\n|faint|p1a: Kingambit\n|\n|win|GentlemanYone\n|raw|saintinred's rating: 1409 &rarr; <strong>1386</strong><br />(-23 for losing)\n|raw|GentlemanYone's rating: 1354 &rarr; <strong>1377</strong><br />(+23 for winning)\n|l|☆saintinred\n|player|p1|\n","uploadtime":1788356168,"views":"4","formatid":"gen9championsvgc2026regmb","rating":1377,"private":0,"password":null}