{"id":"gen9championsvgc2026regmb-2674252403","format":"[Gen 9 Champions] VGC 2026 Reg M-B","players":["juice box man","ShrimpGun"],"log":"|j|☆juice box man\n|j|☆ShrimpGun\n|t:|1788323848\n|gametype|doubles\n|player|p1|juice box man|fisherman-gen2jp|1272\n|player|p2|ShrimpGun|fisherman-gen4|1260\n|gen|9\n|tier|[Gen 9 Champions] VGC 2026 Reg M-B\n|rated|\n|rule|Species Clause: Limit one of each Pokémon\n|rule|Item Clause: Limit 1 of each item\n|clearpoke\n|poke|p1|Farigiraf, L50, M|\n|poke|p1|Camerupt, L50, F|\n|poke|p1|Vanilluxe, L50, M|\n|poke|p1|Kingambit, L50, M|\n|poke|p1|Aggron, L50, F|\n|poke|p1|Incineroar, L50, M|\n|poke|p2|Staraptor, L50, F|\n|poke|p2|Farigiraf, L50, F, shiny|\n|poke|p2|Clawitzer, L50, M|\n|poke|p2|Arcanine-Hisui, L50, M|\n|poke|p2|Sylveon, L50, F|\n|poke|p2|Vivillon, L50, M|\n|teampreview|4\n|\n|t:|1788323881\n|teamsize|p1|4\n|teamsize|p2|4\n|start\n|switch|p1a: Farigiraf|Farigiraf, L50, M|100/100\n|switch|p1b: Aggron|Aggron, L50, F|100/100\n|switch|p2a: Clawitzer|Clawitzer, L50, M|100/100\n|switch|p2b: Farigiraf|Farigiraf, L50, F, shiny|100/100\n|turn|1\n|\n|t:|1788323890\n|detailschange|p1b: Aggron|Aggron-Mega, L50, F\n|-mega|p1b: Aggron|Aggron|Aggronite\n|move|p2a: Clawitzer|Aura Sphere|p1b: Aggron\n|-supereffective|p1b: Aggron|1\n|-damage|p1b: Aggron|23/100\n|-damage|p2a: Clawitzer|90/100|[from] item: Life Orb\n|move|p2b: Farigiraf|Nasty Plot|p2b: Farigiraf\n|-boost|p2b: Farigiraf|spa|2\n|move|p1b: Aggron|Iron Defense|p1b: Aggron\n|-boost|p1b: Aggron|def|2\n|move|p1a: Farigiraf|Trick Room|p1a: Farigiraf\n|-fieldstart|move: Trick Room|[of] p1a: Farigiraf\n|\n|upkeep\n|turn|2\n|\n|t:|1788323902\n|switch|p2a: Vivillon|Vivillon, L50, M|100/100\n|move|p1a: Farigiraf|Helping Hand|p1b: Aggron\n|-singleturn|p1b: Aggron|Helping Hand|[of] p1a: Farigiraf\n|move|p1b: Aggron|Body Press|p2a: Vivillon\n|-resisted|p2a: Vivillon|2\n|-damage|p2a: Vivillon|60/100\n|move|p2b: Farigiraf|Trick Room|p2b: Farigiraf\n|-fieldend|move: Trick Room\n|\n|upkeep\n|turn|3\n|\n|t:|1788323912\n|move|p2a: Vivillon|Pollen Puff|p1a: Farigiraf\n|-supereffective|p1a: Farigiraf|1\n|-crit|p1a: Farigiraf\n|-damage|p1a: Farigiraf|36/100\n|move|p2b: Farigiraf|Hyper Voice|p1a: Farigiraf|[spread] p1a,p1b\n|-resisted|p1b: Aggron|1\n|-damage|p1a: Farigiraf|0 fnt\n|-damage|p1b: Aggron|1/100\n|faint|p1a: Farigiraf\n|move|p1b: Aggron|Rock Slide|p2a: Vivillon|[spread] p2a,p2b\n|-supereffective|p2a: Vivillon|2\n|-damage|p2a: Vivillon|0 fnt\n|-damage|p2b: Farigiraf|83/100\n|faint|p2a: Vivillon\n|\n|upkeep\n|\n|t:|1788323922\n|switch|p2a: Staraptor|Staraptor, L50, F|100/100\n|switch|p1a: Vanilluxe|Vanilluxe, L50, M|100/100\n|-ability|p2a: Staraptor|Intimidate|boost\n|-unboost|p1a: Vanilluxe|atk|1\n|-unboost|p1b: Aggron|atk|1\n|-weather|Snowscape|[from] ability: Snow Warning|[of] p1a: Vanilluxe\n|turn|4\n|\n|t:|1788323931\n|detailschange|p2a: Staraptor|Staraptor-Mega, L50, F\n|-mega|p2a: Staraptor|Staraptor|Staraptite\n|move|p2a: Staraptor|Close Combat|p1a: Vanilluxe\n|-supereffective|p1a: Vanilluxe|1\n|-damage|p1a: Vanilluxe|14/100\n|-boost|p2a: Staraptor|def|1\n|-boost|p2a: Staraptor|spd|1\n|move|p1a: Vanilluxe|Frost Breath|p2a: Staraptor\n|-supereffective|p2a: Staraptor|1\n|-crit|p2a: Staraptor\n|-damage|p2a: Staraptor|0 fnt\n|faint|p2a: Staraptor\n|move|p2b: Farigiraf|Hyper Voice|p1b: Aggron|[spread] p1a,p1b\n|-resisted|p1b: Aggron|1\n|-damage|p1a: Vanilluxe|0 fnt\n|-damage|p1b: Aggron|0 fnt\n|faint|p1a: Vanilluxe\n|faint|p1b: Aggron\n|\n|-weather|Snowscape|[upkeep]\n|upkeep\n|\n|t:|1788323941\n|switch|p2a: Clawitzer|Clawitzer, L50, M|90/100\n|switch|p1a: Incineroar|Incineroar, L50, M|100/100\n|-ability|p1a: Incineroar|Intimidate|boost\n|-unboost|p2a: Clawitzer|atk|1\n|-unboost|p2b: Farigiraf|atk|1\n|turn|5\n|\n|t:|1788323949\n|move|p1a: Incineroar|Fake Out||[still]\n|cant|p2b: Farigiraf|ability: Armor Tail|Fake Out|[of] p1a: Incineroar\n|move|p2a: Clawitzer|Water Pulse|p1a: Incineroar\n|-supereffective|p1a: Incineroar|1\n|-damage|p1a: Incineroar|0 fnt\n|faint|p1a: Incineroar\n|-damage|p2a: Clawitzer|81/100|[from] item: Life Orb\n|\n|win|ShrimpGun\n|raw|juice box man's rating: 1272 &rarr; <strong>1246</strong><br />(-26 for losing)\n|raw|ShrimpGun's rating: 1260 &rarr; <strong>1286</strong><br />(+26 for winning)\n","uploadtime":1788323952,"views":"2","formatid":"gen9championsvgc2026regmb","rating":1246,"private":0,"password":null}