{"id":"gen9championsvgc2026regmb-2674659592","format":"[Gen 9 Champions] VGC 2026 Reg M-B","players":["ethalem99","Tekuazor"],"log":"|j|☆ethalem99\n|j|☆Tekuazor\n|t:|1788386446\n|gametype|doubles\n|player|p1|ethalem99|acetrainer-gen4dp|1256\n|player|p2|Tekuazor|policeman-gen4|1353\n|gen|9\n|tier|[Gen 9 Champions] VGC 2026 Reg M-B\n|rated|\n|rule|Species Clause: Limit one of each Pokémon\n|rule|Item Clause: Limit 1 of each item\n|clearpoke\n|poke|p1|Dragonite, L50, M|\n|poke|p1|Sneasler, L50, M|\n|poke|p1|Basculegion, L50, M|\n|poke|p1|Kingambit, L50, M|\n|poke|p1|Garchomp, L50, F|\n|poke|p1|Floette-Eternal, L50, F|\n|poke|p2|Dragonite, L50, M|\n|poke|p2|Staraptor, L50, M|\n|poke|p2|Ninetales-Alola, L50, M|\n|poke|p2|Annihilape, L50, M|\n|poke|p2|Gholdengo, L50|\n|poke|p2|Garchomp, L50, F|\n|teampreview|4\n|inactive|Battle timer is ON: inactive players will automatically lose when time's up. (requested by ethalem99)\n|\n|t:|1788386468\n|teamsize|p1|4\n|teamsize|p2|4\n|start\n|switch|p1a: Floette|Floette-Eternal, L50, F|100/100\n|switch|p1b: Kingambit|Kingambit, L50, M|100/100\n|switch|p2a: Ninetales|Ninetales-Alola, L50, M|100/100\n|switch|p2b: Gholdengo|Gholdengo, L50|100/100\n|-weather|Snowscape|[from] ability: Snow Warning|[of] p2a: Ninetales\n|turn|1\n|\n|t:|1788386489\n|detailschange|p1a: Floette|Floette-Mega, L50, F\n|-mega|p1a: Floette|Floette|Floettite\n|-ability|p1a: Floette|Fairy Aura\n|move|p1b: Kingambit|Sucker Punch|p2b: Gholdengo\n|-supereffective|p2b: Gholdengo|1\n|-damage|p2b: Gholdengo|20/100y\n|move|p2a: Ninetales|Blizzard|p1b: Kingambit|[spread] p1a,p1b\n|-resisted|p1b: Kingambit|1\n|-damage|p1a: Floette|68/100\n|-damage|p1b: Kingambit|85/100\n|-status|p1a: Floette|frz\n|cant|p1a: Floette|frz\n|move|p2b: Gholdengo|Make It Rain|p1b: Kingambit|[spread] p1a,p1b\n|-supereffective|p1a: Floette|1\n|-resisted|p1b: Kingambit|1\n|-damage|p1a: Floette|0 fnt\n|-damage|p1b: Kingambit|62/100\n|-unboost|p2b: Gholdengo|spa|2\n|faint|p1a: Floette\n|-damage|p2b: Gholdengo|11/100|[from] item: Life Orb\n|\n|-weather|Snowscape|[upkeep]\n|upkeep\n|\n|t:|1788386503\n|switch|p1a: Sneasler|Sneasler, L50, M|100/100\n|turn|2\n|\n|t:|1788386519\n|switch|p2b: Annihilape|Annihilape, L50, M|100/100\n|move|p2a: Ninetales|Protect|p2a: Ninetales\n|-singleturn|p2a: Ninetales|Protect\n|move|p1a: Sneasler|Fake Out|p2a: Ninetales\n|-activate|p2a: Ninetales|move: Protect\n|move|p1b: Kingambit|Kowtow Cleave|p2b: Annihilape\n|-damage|p2b: Annihilape|48/100\n|\n|-weather|Snowscape|[upkeep]\n|upkeep\n|turn|3\n|\n|t:|1788386540\n|move|p1b: Kingambit|Sucker Punch|p2b: Annihilape\n|-damage|p2b: Annihilape|8/100\n|move|p1a: Sneasler|Dire Claw|p2a: Ninetales\n|-supereffective|p2a: Ninetales|1\n|-damage|p2a: Ninetales|11/100\n|-status|p2a: Ninetales|psn|[from] ability: Poison Touch|[of] p1a: Sneasler\n|move|p2a: Ninetales|Blizzard|p1b: Kingambit|[spread] p1a,p1b\n|-resisted|p1b: Kingambit|1\n|-damage|p1a: Sneasler|48/100\n|-damage|p1b: Kingambit|45/100\n|move|p2b: Annihilape|Close Combat|p1b: Kingambit\n|-supereffective|p1b: Kingambit|2\n|-enditem|p1b: Kingambit|Chople Berry|[eat]\n|-enditem|p1b: Kingambit|Chople Berry|[weaken]\n|-damage|p1b: Kingambit|0 fnt\n|-unboost|p2b: Annihilape|def|1\n|-unboost|p2b: Annihilape|spd|1\n|faint|p1b: Kingambit\n|\n|-weather|Snowscape|[upkeep]\n|-damage|p2a: Ninetales|0 fnt|[from] psn\n|faint|p2a: Ninetales\n|upkeep\n|\n|t:|1788386556\n|switch|p2a: Gholdengo|Gholdengo, L50|11/100\n|switch|p1b: Basculegion|Basculegion, L50, M|100/100\n|turn|4\n|\n|t:|1788386568\n|move|p1b: Basculegion|Aqua Jet|p2a: Gholdengo\n|-damage|p2a: Gholdengo|0 fnt\n|faint|p2a: Gholdengo\n|-damage|p1b: Basculegion|90/100|[from] item: Life Orb\n|move|p1a: Sneasler|Dire Claw|p2b: Annihilape\n|-resisted|p2b: Annihilape|1\n|-damage|p2b: Annihilape|0 fnt\n|faint|p2b: Annihilape\n|\n|-weather|Snowscape|[upkeep]\n|upkeep\n|\n|t:|1788386575\n|switch|p2b: Dragonite|Dragonite, L50, M|100/100\n|turn|5\n|inactive|ethalem99 has 30 seconds left.\n|inactive|ethalem99 has 20 seconds left.\n|inactive|ethalem99 has 15 seconds left.\n|inactive|ethalem99 has 10 seconds left.\n|\n|t:|1788386627\n|detailschange|p2b: Dragonite|Dragonite-Mega, L50, M\n|-mega|p2b: Dragonite|Dragonite|Dragoninite\n|move|p1a: Sneasler|Dire Claw|p2b: Dragonite\n|-damage|p2b: Dragonite|80/100\n|-status|p2b: Dragonite|par\n|move|p1b: Basculegion|Last Respects|p2b: Dragonite\n|-damage|p2b: Dragonite|0 fnt\n|faint|p2b: Dragonite\n|-damage|p1b: Basculegion|80/100|[from] item: Life Orb\n|\n|win|ethalem99\n|raw|ethalem99's rating: 1256 &rarr; <strong>1288</strong><br />(+32 for winning)\n|raw|Tekuazor's rating: 1353 &rarr; <strong>1328</strong><br />(-25 for losing)\n","uploadtime":1788386636,"views":"1","formatid":"gen9championsvgc2026regmb","rating":1288,"private":0,"password":null}