{"id":"gen9championsvgc2026regmbbo3-2674018410","format":"[Gen 9 Champions] VGC 2026 Reg M-B (Bo3)","players":["DarkMoonbreon","humania1"],"log":"|j|☆DarkMoonbreon\n|j|☆humania1\n|html|<table width=\"100%\"><tr><td align=\"left\">DarkMoonbreon</td><td align=\"right\">humania1</tr><tr><td align=\"left\"><i class=\"fa fa-circle-o\"></i> <i class=\"fa fa-circle-o\"></i> </td><td align=\"right\"><i class=\"fa fa-circle-o\"></i> <i class=\"fa fa-circle\"></i> </tr></table>\n|uhtml|bestof|<h2><strong>Game 2</strong> of <a href=\"/game-bestof3-gen9championsvgc2026regmbbo3-2674016488\">a best-of-3</a></h2>\n|t:|1788288808\n|gametype|doubles\n|player|p1|DarkMoonbreon|102|1000\n|player|p2|humania1|266|1055\n|gen|9\n|tier|[Gen 9 Champions] VGC 2026 Reg M-B (Bo3)\n|rated|\n|rule|Species Clause: Limit one of each Pokémon\n|rule|Item Clause: Limit 1 of each item\n|clearpoke\n|poke|p1|Gallade, L50, M, shiny|\n|poke|p1|Maushold-Four, L50|\n|poke|p1|Gholdengo, L50|\n|poke|p1|Weavile, L50, F|\n|poke|p1|Milotic, L50, F|\n|poke|p1|Raichu, L50, F|\n|poke|p2|Blastoise, L50, F|\n|poke|p2|Delphox, L50, F, shiny|\n|poke|p2|Incineroar, L50, F|\n|poke|p2|Sinistcha, L50|\n|poke|p2|Sneasler, L50, M|\n|poke|p2|Vivillon, L50, F|\n|teampreview|4\n|showteam|p1|Gallade||Galladite|Justified|ShadowSneak,DrainPunch,Protect,RockSlide|Jolly||M|||50|]Maushold-Four||ChopleBerry|FriendGuard|BeatUp,FollowMe,SuperFang,Protect|Timid|||||50|]Gholdengo||LifeOrb|GoodasGold|MakeItRain,FocusBlast,ShadowBall,Protect|Modest|||||50|]Weavile||FocusSash|Pressure|TripleAxel,KnockOff,FakeOut,LowKick|Jolly||F|||50|]Milotic||Leftovers|Competitive|MuddyWater,Coil,Hypnosis,Recover|Calm||F|||50|]Raichu||RaichuniteY|LightningRod|ZapCannon,FocusBlast,FakeOut,Feint|Timid||F|||50|\n|showteam|p2|Blastoise||Blastoisinite|Torrent|Protect,ShellSmash,WaterSpout,DarkPulse|Modest||F|||50|]Delphox||Delphoxite|Blaze|Protect,HeatWave,Psyshock,NastyPlot|Timid||F|||50|]Incineroar||PasshoBerry|Intimidate|FakeOut,PartingShot,FlareBlitz,ThroatChop|Impish||F|||50|]Sinistcha||SitrusBerry|Hospitality|Protect,MatchaGotcha,TrickRoom,RagePowder|Bold|||||50|]Sneasler||FocusSash|PoisonTouch|QuickGuard,FakeOut,CloseCombat,DireClaw|Jolly||M|||50|]Vivillon||ChoiceScarf|CompoundEyes|Hurricane,SleepPowder,RagePowder,Uturn|Timid||F|||50|\n|inactive|Battle timer is ON: inactive players will automatically lose when time's up. (requested by humania1)\n|\n|t:|1788288819\n|teamsize|p1|4\n|teamsize|p2|4\n|start\n|switch|p1a: Raichu|Raichu, L50, F|100/100\n|switch|p1b: Maushold|Maushold-Four, L50|100/100\n|switch|p2a: Blastoise|Blastoise, L50, F|100/100\n|switch|p2b: Incineroar|Incineroar, L50, F|100/100\n|-ability|p2b: Incineroar|Intimidate|boost\n|-unboost|p1a: Raichu|atk|1\n|-unboost|p1b: Maushold|atk|1\n|turn|1\n|\n|t:|1788288837\n|detailschange|p1a: Raichu|Raichu-Mega-Y, L50, F\n|-mega|p1a: Raichu|Raichu|Raichunite Y\n|detailschange|p2a: Blastoise|Blastoise-Mega, L50, F\n|-mega|p2a: Blastoise|Blastoise|Blastoisinite\n|move|p1b: Maushold|Follow Me|p1b: Maushold\n|-singleturn|p1b: Maushold|move: Follow Me\n|move|p1a: Raichu|Zap Cannon|p2a: Blastoise\n|-supereffective|p2a: Blastoise|1\n|-damage|p2a: Blastoise|0 fnt\n|faint|p2a: Blastoise\n|move|p2b: Incineroar|Throat Chop|p1b: Maushold\n|-damage|p1b: Maushold|61/100\n|-start|p1b: Maushold|Throat Chop|[silent]\n|\n|upkeep\n|\n|t:|1788288837\n|switch|p2a: Sinistcha|Sinistcha, L50|100/100\n|turn|2\n|\n|t:|1788288854\n|move|p1b: Maushold|Protect|p1b: Maushold\n|-singleturn|p1b: Maushold|Protect\n|move|p1a: Raichu|Focus Blast|p2b: Incineroar\n|-supereffective|p2b: Incineroar|1\n|-damage|p2b: Incineroar|14/100\n|-unboost|p2b: Incineroar|spd|1\n|move|p2b: Incineroar|Throat Chop|p1a: Raichu\n|-crit|p1a: Raichu\n|-damage|p1a: Raichu|44/100\n|-start|p1a: Raichu|Throat Chop|[silent]\n|move|p2a: Sinistcha|Matcha Gotcha|p1a: Raichu|[spread] p1a\n|-activate|p1b: Maushold|move: Protect\n|-damage|p1a: Raichu|19/100\n|\n|-end|p1b: Maushold|Throat Chop|[silent]\n|upkeep\n|turn|3\n|inactive|DarkMoonbreon has 30 seconds left.\n|\n|t:|1788288882\n|switch|p1a: Gallade|Gallade, L50, M, shiny|100/100\n|switch|p2b: Sneasler|Sneasler, L50, M|100/100\n|move|p1b: Maushold|Beat Up|p1a: Gallade\n|-damage|p1a: Gallade|97/100\n|-ability|p1a: Gallade|Justified|boost\n|-boost|p1a: Gallade|atk|1\n|-damage|p1a: Gallade|95/100\n|-ability|p1a: Gallade|Justified|boost\n|-boost|p1a: Gallade|atk|1\n|-damage|p1a: Gallade|92/100\n|-ability|p1a: Gallade|Justified|boost\n|-boost|p1a: Gallade|atk|1\n|-damage|p1a: Gallade|90/100\n|-ability|p1a: Gallade|Justified|boost\n|-boost|p1a: Gallade|atk|1\n|-hitcount|p1a: Gallade|4\n|move|p2a: Sinistcha|Matcha Gotcha|p1a: Gallade|[spread] p1a,p1b\n|-damage|p1a: Gallade|73/100\n|-damage|p1b: Maushold|30/100\n|-status|p1a: Gallade|brn\n|\n|-damage|p1a: Gallade|66/100 brn|[from] brn\n|upkeep\n|turn|4\n|inactive|DarkMoonbreon has 30 seconds left.\n|inactive|DarkMoonbreon has 20 seconds left.\n|\n|t:|1788288922\n|move|p2a: Sinistcha|Protect|p2a: Sinistcha\n|-singleturn|p2a: Sinistcha|Protect\n|move|p1b: Maushold|Follow Me|p1b: Maushold\n|-singleturn|p1b: Maushold|move: Follow Me\n|move|p1a: Gallade|Shadow Sneak|p2a: Sinistcha\n|-activate|p2a: Sinistcha|move: Protect\n|move|p2b: Sneasler|Dire Claw|p1b: Maushold\n|-damage|p1b: Maushold|0 fnt\n|faint|p1b: Maushold\n|\n|-damage|p1a: Gallade|60/100 brn|[from] brn\n|upkeep\n|\n|t:|1788288936\n|switch|p1b: Raichu|Raichu-Mega-Y, L50, F|19/100\n|turn|5\n|\n|t:|1788288943\n|move|p1a: Gallade|Protect|p1a: Gallade\n|-singleturn|p1a: Gallade|Protect\n|move|p1b: Raichu|Fake Out|p2b: Sneasler\n|-damage|p2b: Sneasler|85/100\n|cant|p2b: Sneasler|flinch\n|move|p2a: Sinistcha|Matcha Gotcha|p1a: Gallade|[spread] p1b\n|-activate|p1a: Gallade|move: Protect\n|-damage|p1b: Raichu|0 fnt\n|faint|p1b: Raichu\n|\n|-damage|p1a: Gallade|54/100 brn|[from] brn\n|upkeep\n|\n|t:|1788288955\n|switch|p1b: Milotic|Milotic, L50, F|100/100\n|turn|6\n|\n|t:|1788288967\n|move|p2a: Sinistcha|Protect|p2a: Sinistcha\n|-singleturn|p2a: Sinistcha|Protect\n|move|p1a: Gallade|Shadow Sneak|p2a: Sinistcha\n|-activate|p2a: Sinistcha|move: Protect\n|move|p2b: Sneasler|Dire Claw|p1a: Gallade\n|-damage|p1a: Gallade|0 fnt\n|faint|p1a: Gallade\n|move|p1b: Milotic|Hypnosis|p2b: Sneasler|[miss]\n|-miss|p1b: Milotic|p2b: Sneasler\n|\n|upkeep\n|turn|7\n|\n|t:|1788288983\n|move|p2b: Sneasler|Close Combat|p1b: Milotic\n|-damage|p1b: Milotic|44/100\n|-unboost|p2b: Sneasler|def|1\n|-unboost|p2b: Sneasler|spd|1\n|move|p1b: Milotic|Coil|p1b: Milotic\n|-boost|p1b: Milotic|atk|1\n|-boost|p1b: Milotic|def|1\n|-boost|p1b: Milotic|accuracy|1\n|move|p2a: Sinistcha|Matcha Gotcha|p1b: Milotic\n|-supereffective|p1b: Milotic|1\n|-damage|p1b: Milotic|0 fnt\n|faint|p1b: Milotic\n|\n|win|humania1\n|raw|DarkMoonbreon's rating: 1000 &rarr; <strong>1000</strong><br />(+0 for losing)\n|raw|humania1's rating: 1055 &rarr; <strong>1082</strong><br />(+27 for winning)\n","uploadtime":1788288983,"views":"0","formatid":"gen9championsvgc2026regmbbo3","rating":1000,"private":0,"password":null}