{"id":"gen9championsvgc2026regmb-2674438745","format":"[Gen 9 Champions] VGC 2026 Reg M-B","players":["Yo_Asta","isaac_nofinger"],"log":"|j|☆Yo_Asta\n|j|☆isaac_nofinger\n|t:|1788359898\n|gametype|doubles\n|player|p1|Yo_Asta|clown|1159\n|player|p2|isaac_nofinger|n|1127\n|gen|9\n|tier|[Gen 9 Champions] VGC 2026 Reg M-B\n|rated|\n|rule|Species Clause: Limit one of each Pokémon\n|rule|Item Clause: Limit 1 of each item\n|clearpoke\n|poke|p1|Farigiraf, L50, M|\n|poke|p1|Arcanine-Hisui, L50, M, shiny|\n|poke|p1|Sylveon, L50, F|\n|poke|p1|Staraptor, L50, F|\n|poke|p1|Raichu, L50, F|\n|poke|p1|Kingambit, L50, F|\n|poke|p2|Raichu, L50, F|\n|poke|p2|Froslass, L50, F, shiny|\n|poke|p2|Kingambit, L50, M|\n|poke|p2|Aerodactyl, L50, M|\n|poke|p2|Incineroar, L50, F|\n|poke|p2|Sinistcha-Masterpiece, L50|\n|teampreview|4\nYo_Asta rejected open team sheets.\n|inactive|Battle timer is ON: inactive players will automatically lose when time's up. (requested by Yo_Asta)\n|inactive|Yo_Asta has 60 seconds left.\n|\n|t:|1788359940\n|teamsize|p1|4\n|teamsize|p2|4\n|start\n|switch|p1a: Farigiraf|Farigiraf, L50, M|100/100\n|switch|p1b: Arcanine|Arcanine-Hisui, L50, M, shiny|100/100\n|switch|p2a: Raichu|Raichu, L50, F|100/100\n|switch|p2b: Froslass|Froslass, L50, F, shiny|100/100\n|turn|1\n|\n|t:|1788359955\n|detailschange|p2a: Raichu|Raichu-Mega-Y, L50, F\n|-mega|p2a: Raichu|Raichu|Raichunite Y\n|move|p1b: Arcanine|Protect|p1b: Arcanine\n|-singleturn|p1b: Arcanine|Protect\n|move|p2b: Froslass|Switcheroo|p1a: Farigiraf\n|-activate|p2b: Froslass|move: Trick|[of] p1a: Farigiraf\n|-item|p1a: Farigiraf|Choice Scarf|[from] move: Switcheroo\n|-item|p2b: Froslass|Sitrus Berry|[from] move: Switcheroo\n|move|p2a: Raichu|Focus Blast|p1b: Arcanine\n|-activate|p1b: Arcanine|move: Protect\n|move|p1a: Farigiraf|Trick Room|p1a: Farigiraf\n|-fieldstart|move: Trick Room|[of] p1a: Farigiraf\n|\n|upkeep\n|turn|2\n|inactive|Yo_Asta has 30 seconds left.\n|inactive|isaac_nofinger has 30 seconds left.\n|\n|t:|1788359986\n|switch|p1a: Raichu|Raichu, L50, F|100/100\n|move|p2a: Raichu|Protect|p2a: Raichu\n|-singleturn|p2a: Raichu|Protect\n|move|p1b: Arcanine|Flare Blitz|p2a: Raichu\n|-activate|p2a: Raichu|move: Protect\n|move|p2b: Froslass|Shadow Ball|p1b: Arcanine\n|-damage|p1b: Arcanine|65/100\n|\n|upkeep\n|turn|3\n|\n|t:|1788360007\n|switch|p2a: Sinistcha|Sinistcha-Masterpiece, L50|100/100\n|detailschange|p1a: Raichu|Raichu-Mega-Y, L50, F\n|-mega|p1a: Raichu|Raichu|Raichunite Y\n|move|p1b: Arcanine|Flare Blitz|p2a: Sinistcha\n|-supereffective|p2a: Sinistcha|1\n|-damage|p2a: Sinistcha|19/100\n|move|p2b: Froslass|Ice Beam|p1a: Raichu\n|-damage|p1a: Raichu|55/100\n|move|p1a: Raichu|Zap Cannon|p2b: Froslass\n|-damage|p2b: Froslass|4/100\n|-status|p2b: Froslass|par\n|-enditem|p2b: Froslass|Sitrus Berry|[eat]\n|-heal|p2b: Froslass|28/100 par|[from] item: Sitrus Berry\n|\n|-heal|p2a: Sinistcha|25/100|[from] item: Leftovers\n|upkeep\n|turn|4\n|inactive|Yo_Asta has 30 seconds left.\n|\n|t:|1788360033\n|switch|p1a: Farigiraf|Farigiraf, L50, M|100/100\n|move|p1b: Arcanine|Protect|p1b: Arcanine\n|-singleturn|p1b: Arcanine|Protect\n|move|p2b: Froslass|Shadow Ball|p1b: Arcanine\n|-activate|p1b: Arcanine|move: Protect\n|move|p2a: Sinistcha|Matcha Gotcha|p1b: Arcanine|[spread] p1a\n|-activate|p1b: Arcanine|move: Protect\n|-damage|p1a: Farigiraf|82/100\n|-heal|p2a: Sinistcha|36/100|[from] drain|[of] p1a: Farigiraf\n|\n|-heal|p2a: Sinistcha|42/100|[from] item: Leftovers\n|upkeep\n|turn|5\n|\n|t:|1788360053\n|switch|p1b: Kingambit|Kingambit, L50, F|100/100\n|move|p2b: Froslass|Ice Beam|p1a: Farigiraf\n|-damage|p1a: Farigiraf|58/100\n|move|p2a: Sinistcha|Matcha Gotcha|p1a: Farigiraf|[spread] p1a,p1b\n|-resisted|p1b: Kingambit|1\n|-damage|p1a: Farigiraf|41/100\n|-heal|p2a: Sinistcha|53/100|[from] drain|[of] p1a: Farigiraf\n|-damage|p1b: Kingambit|88/100\n|-heal|p2a: Sinistcha|60/100|[from] drain|[of] p1b: Kingambit\n|move|p1a: Farigiraf|Psychic|p2b: Froslass\n|-damage|p2b: Froslass|0 fnt\n|faint|p2b: Froslass\n|\n|-heal|p2a: Sinistcha|66/100|[from] item: Leftovers\n|-fieldend|move: Trick Room\n|upkeep\n|\n|t:|1788360069\n|switch|p2b: Raichu|Raichu-Mega-Y, L50, F|100/100\n|turn|6\n|inactive|Yo_Asta has 30 seconds left.\n|\n|t:|1788360100\n|move|p1b: Kingambit|Protect|p1b: Kingambit\n|-singleturn|p1b: Kingambit|Protect\n|move|p2a: Sinistcha|Rage Powder|p2a: Sinistcha\n|-singleturn|p2a: Sinistcha|move: Rage Powder\n|move|p2b: Raichu|Focus Blast|p1b: Kingambit\n|-activate|p1b: Kingambit|move: Protect\n|move|p1a: Farigiraf|Psychic|p2a: Sinistcha\n|-damage|p2a: Sinistcha|24/100\n|\n|-heal|p2a: Sinistcha|30/100|[from] item: Leftovers\n|upkeep\n|turn|7\n|\n|t:|1788360121\n|switch|p1b: Raichu|Raichu-Mega-Y, L50, F|55/100\n|move|p2b: Raichu|Focus Blast|p1b: Raichu\n|-damage|p1b: Raichu|0 fnt\n|faint|p1b: Raichu\n|move|p1a: Farigiraf|Psychic|p2a: Sinistcha\n|-damage|p2a: Sinistcha|0 fnt\n|faint|p2a: Sinistcha\n|\n|upkeep\n|\n|t:|1788360144\n|switch|p1b: Kingambit|Kingambit, L50, F|88/100\n|switch|p2a: Kingambit|Kingambit, L50, M|100/100\n|turn|8\n|\n|t:|1788360160\n|move|p1b: Kingambit|Sucker Punch|p2b: Raichu\n|-damage|p2b: Raichu|0 fnt\n|faint|p2b: Raichu\n|-damage|p1b: Kingambit|78/100|[from] item: Life Orb\n|move|p1a: Farigiraf|Psychic|p2a: Kingambit\n|-immune|p2a: Kingambit\n|move|p2a: Kingambit|Kowtow Cleave|p1a: Farigiraf\n|-supereffective|p1a: Farigiraf|1\n|-damage|p1a: Farigiraf|0 fnt\n|faint|p1a: Farigiraf\n|\n|upkeep\n|\n|t:|1788360164\n|switch|p1a: Arcanine|Arcanine-Hisui, L50, M, shiny|65/100\n|turn|9\n|\n|t:|1788360174\n|move|p1a: Arcanine|Flare Blitz|p2a: Kingambit\n|-supereffective|p2a: Kingambit|1\n|-damage|p2a: Kingambit|10/100\n|-enditem|p2a: Kingambit|Sitrus Berry|[eat]\n|-heal|p2a: Kingambit|34/100|[from] item: Sitrus Berry\n|move|p1b: Kingambit|Swords Dance|p1b: Kingambit\n|-boost|p1b: Kingambit|atk|2\n|move|p2a: Kingambit|Iron Head|p1a: Arcanine\n|-damage|p1a: Arcanine|5/100\n|\n|upkeep\n|turn|10\n|\n|t:|1788360185\n|move|p2a: Kingambit|Sucker Punch|p1a: Arcanine\n|-damage|p1a: Arcanine|0 fnt\n|faint|p1a: Arcanine\n|move|p1b: Kingambit|Kowtow Cleave|p2a: Kingambit\n|-resisted|p2a: Kingambit|1\n|-damage|p2a: Kingambit|0 fnt\n|faint|p2a: Kingambit\n|-damage|p1b: Kingambit|69/100|[from] item: Life Orb\n|\n|win|Yo_Asta\n|raw|Yo_Asta's rating: 1159 &rarr; <strong>1182</strong><br />(+23 for winning)\n|raw|isaac_nofinger's rating: 1127 &rarr; <strong>1104</strong><br />(-23 for losing)\n|c|☆Yo_Asta|gg\n|l|☆isaac_nofinger\n|player|p2|\n","uploadtime":1788360215,"views":"4","formatid":"gen9championsvgc2026regmb","rating":1104,"private":0,"password":null}