{"id":"gen9championsvgc2026regmb-2674119600","format":"[Gen 9 Champions] VGC 2026 Reg M-B","players":["Cheribat","Hoopester"],"log":"|j|☆Cheribat\n|j|☆Hoopester\n|t:|1788301949\n|gametype|doubles\n|player|p1|Cheribat|waitress-gen4|1328\n|player|p2|Hoopester|2|1360\n|gen|9\n|tier|[Gen 9 Champions] VGC 2026 Reg M-B\n|rated|\n|rule|Species Clause: Limit one of each Pokémon\n|rule|Item Clause: Limit 1 of each item\n|clearpoke\n|poke|p1|Hydreigon, L50, F|\n|poke|p1|Volcarona, L50, F|\n|poke|p1|Zoroark-Hisui, L50, F|\n|poke|p1|Sneasler, L50, F|\n|poke|p1|Milotic, L50, F|\n|poke|p1|Metagross, L50|\n|poke|p2|Staraptor, L50, M|\n|poke|p2|Sinistcha, L50|\n|poke|p2|Whimsicott, L50, M|\n|poke|p2|Incineroar, L50, M|\n|poke|p2|Sneasler, L50, F|\n|poke|p2|Aerodactyl, L50, F|\n|teampreview|4\n|inactive|Battle timer is ON: inactive players will automatically lose when time's up. (requested by Hoopester)\n|\n|t:|1788301983\n|teamsize|p1|4\n|teamsize|p2|4\n|start\n|switch|p1a: Milotic|Milotic, L50, F|100/100\n|switch|p1b: Sneasler|Sneasler, L50, F|100/100\n|switch|p2a: Whimsicott|Whimsicott, L50, M|100/100\n|switch|p2b: Incineroar|Incineroar, L50, M|100/100\n|-ability|p2b: Incineroar|Intimidate|boost\n|-unboost|p1a: Milotic|atk|1\n|-ability|p1a: Milotic|Competitive|boost\n|-boost|p1a: Milotic|spa|2\n|-unboost|p1b: Sneasler|atk|1\n|turn|1\n|inactive|Cheribat has 30 seconds left.\n|\n|t:|1788302013\n|move|p1a: Milotic|Protect|p1a: Milotic\n|-singleturn|p1a: Milotic|Protect\n|move|p2b: Incineroar|Fake Out|p1a: Milotic\n|-activate|p1a: Milotic|move: Protect\n|move|p2a: Whimsicott|Charm|p1b: Sneasler\n|-unboost|p1b: Sneasler|atk|2\n|move|p1b: Sneasler|Taunt|p2a: Whimsicott\n|-start|p2a: Whimsicott|move: Taunt\n|\n|upkeep\n|turn|2\n|\n|t:|1788302037\n|switch|p2a: Sinistcha|Sinistcha, L50|100/100\n|move|p1b: Sneasler|Icy Wind|p2a: Sinistcha|[spread] p2a,p2b\n|-supereffective|p2a: Sinistcha|1\n|-resisted|p2b: Incineroar|1\n|-damage|p2a: Sinistcha|73/100\n|-damage|p2b: Incineroar|92/100\n|-unboost|p2a: Sinistcha|spe|1\n|-unboost|p2b: Incineroar|spe|1\n|move|p1a: Milotic|Ice Beam|p2a: Sinistcha\n|-supereffective|p2a: Sinistcha|1\n|-damage|p2a: Sinistcha|3/100\n|-enditem|p2a: Sinistcha|Sitrus Berry|[eat]\n|-heal|p2a: Sinistcha|28/100|[from] item: Sitrus Berry\n|move|p2b: Incineroar|Parting Shot|p1b: Sneasler\n|-unboost|p1b: Sneasler|atk|1\n|-unboost|p1b: Sneasler|spa|1\n|\n|t:|1788302059\n|switch|p2b: Whimsicott|Whimsicott, L50, M|100/100|[from] Parting Shot\n|\n|upkeep\n|turn|3\n|\n|t:|1788302073\n|move|p2b: Whimsicott|Tailwind|p2b: Whimsicott\n|-sidestart|p2: Hoopester|move: Tailwind\n|move|p1b: Sneasler|Icy Wind|p2b: Whimsicott|[spread] p2a,p2b\n|-supereffective|p2a: Sinistcha|1\n|-supereffective|p2b: Whimsicott|1\n|-damage|p2a: Sinistcha|12/100\n|-damage|p2b: Whimsicott|66/100\n|-unboost|p2a: Sinistcha|spe|1\n|-unboost|p2b: Whimsicott|spe|1\n|move|p1a: Milotic|Ice Beam|p2b: Whimsicott\n|-supereffective|p2b: Whimsicott|1\n|-damage|p2b: Whimsicott|0 fnt\n|faint|p2b: Whimsicott\n|move|p2a: Sinistcha|Matcha Gotcha|p1a: Milotic|[spread] p1b\n|-miss|p2a: Sinistcha|p1a: Milotic\n|-damage|p1b: Sneasler|53/100\n|-heal|p2a: Sinistcha|29/100|[from] drain|[of] p1b: Sneasler\n|replace|p1b: Zoroark|Zoroark-Hisui, L50, F\n|-end|p1b: Zoroark|Illusion\n|\n|upkeep\n|\n|t:|1788302092\n|switch|p2b: Incineroar|Incineroar, L50, M|92/100\n|-ability|p2b: Incineroar|Intimidate|boost\n|-unboost|p1a: Milotic|atk|1\n|-ability|p1a: Milotic|Competitive|boost\n|-boost|p1a: Milotic|spa|2\n|-unboost|p1b: Zoroark|atk|1\n|turn|4\n|\n|t:|1788302110\n|move|p1b: Zoroark|Bitter Malice|p2a: Sinistcha\n|-supereffective|p2a: Sinistcha|1\n|-damage|p2a: Sinistcha|0 fnt\n|faint|p2a: Sinistcha\n|move|p2b: Incineroar|Darkest Lariat|p1b: Zoroark\n|-supereffective|p1b: Zoroark|1\n|-damage|p1b: Zoroark|0 fnt\n|faint|p1b: Zoroark\n|move|p1a: Milotic|Scald|p2b: Incineroar\n|-supereffective|p2b: Incineroar|1\n|-damage|p2b: Incineroar|0 fnt\n|faint|p2b: Incineroar\n|\n|upkeep\n|\n|t:|1788302130\n|switch|p1b: Metagross|Metagross, L50|100/100\n|switch|p2a: Staraptor|Staraptor, L50, M|100/100\n|-ability|p2a: Staraptor|Intimidate|boost\n|-unboost|p1a: Milotic|atk|1\n|-ability|p1a: Milotic|Competitive|boost\n|-boost|p1a: Milotic|spa|2\n|-fail|p1b: Metagross|unboost|[from] ability: Clear Body|[of] p1b: Metagross\n|turn|5\n|\n|t:|1788302141\n|detailschange|p2a: Staraptor|Staraptor-Mega, L50, M\n|-mega|p2a: Staraptor|Staraptor|Staraptite\n|detailschange|p1b: Metagross|Metagross-Mega, L50\n|-mega|p1b: Metagross|Metagross|Metagrossite\n|move|p2a: Staraptor|Close Combat|p1a: Milotic\n|-damage|p1a: Milotic|60/100\n|-boost|p2a: Staraptor|def|1\n|-boost|p2a: Staraptor|spd|1\n|move|p1b: Metagross|Psychic Fangs|p2a: Staraptor\n|-supereffective|p2a: Staraptor|1\n|-damage|p2a: Staraptor|33/100\n|move|p1a: Milotic|Ice Beam|p2a: Staraptor\n|-supereffective|p2a: Staraptor|1\n|-damage|p2a: Staraptor|0 fnt\n|faint|p2a: Staraptor\n|\n|win|Cheribat\n|raw|Cheribat's rating: 1328 &rarr; <strong>1350</strong><br />(+22 for winning)\n|raw|Hoopester's rating: 1360 &rarr; <strong>1338</strong><br />(-22 for losing)\n|l|☆Hoopester\n|player|p2|\n","uploadtime":1788302161,"views":"7","formatid":"gen9championsvgc2026regmb","rating":1338,"private":0,"password":null}