{"id":"gen9championsvgc2026regmb-2674188984","format":"[Gen 9 Champions] VGC 2026 Reg M-B","players":["Drakediddler","Namranan"],"log":"|j|☆Drakediddler\n|j|☆Namranan\n|t:|1788312611\n|gametype|doubles\n|player|p1|Drakediddler|169|1084\n|player|p2|Namranan|harlequin|1046\n|gen|9\n|tier|[Gen 9 Champions] VGC 2026 Reg M-B\n|rated|\n|rule|Species Clause: Limit one of each Pokémon\n|rule|Item Clause: Limit 1 of each item\n|clearpoke\n|poke|p1|Sceptile, L50, M|\n|poke|p1|Rotom-Wash, L50|\n|poke|p1|Torkoal, L50, F|\n|poke|p1|Farigiraf, L50, M|\n|poke|p1|Garchomp, L50, F|\n|poke|p1|Lucario, L50, F|\n|poke|p2|Volcarona, L50, M|\n|poke|p2|Lycanroc-Dusk, L50, F|\n|poke|p2|Metagross, L50|\n|poke|p2|Basculegion, L50, M|\n|poke|p2|Aerodactyl, L50, F|\n|poke|p2|Raichu, L50, F|\n|teampreview|4\nNamranan has agreed to open team sheets.\n|\n|t:|1788312657\n|teamsize|p1|4\n|teamsize|p2|4\n|start\n|switch|p1a: Sceptile|Sceptile, L50, M|100/100\n|switch|p1b: Rotom|Rotom-Wash, L50|100/100\n|switch|p2a: Aerodactyl|Aerodactyl, L50, F|100/100\n|switch|p2b: Metagross|Metagross, L50|100/100\n|-ability|p2a: Aerodactyl|Unnerve\n|turn|1\n|\n|t:|1788312687\n|detailschange|p1a: Sceptile|Sceptile-Mega, L50, M\n|-mega|p1a: Sceptile|Sceptile|Sceptilite\n|detailschange|p2b: Metagross|Metagross-Mega, L50\n|-mega|p2b: Metagross|Metagross|Metagrossite\n|move|p1b: Rotom|Discharge|p2a: Aerodactyl|[spread] p2a,p2b\n|-ability|p1a: Sceptile|Lightning Rod|boost\n|-boost|p1a: Sceptile|spa|1\n|-supereffective|p2a: Aerodactyl|1\n|-damage|p2a: Aerodactyl|23/100\n|-damage|p2b: Metagross|73/100\n|-status|p2a: Aerodactyl|par\n|move|p1a: Sceptile|Earth Power|p2b: Metagross\n|-supereffective|p2b: Metagross|1\n|-damage|p2b: Metagross|0 fnt\n|faint|p2b: Metagross\n|move|p2a: Aerodactyl|Tailwind|p2a: Aerodactyl\n|-sidestart|p2: Namranan|move: Tailwind\n|\n|upkeep\n|\n|t:|1788312708\n|switch|p2b: Volcarona|Volcarona, L50, M|100/100\n|turn|2\n|\n|t:|1788312723\n|move|p2a: Aerodactyl|Wide Guard|p2a: Aerodactyl\n|-singleturn|p2a: Aerodactyl|Wide Guard\n|move|p2b: Volcarona|Quiver Dance|p2b: Volcarona\n|-boost|p2b: Volcarona|spa|1\n|-boost|p2b: Volcarona|spd|1\n|-boost|p2b: Volcarona|spe|1\n|move|p1b: Rotom|Discharge|p2b: Volcarona|[spread] \n|-activate|p2a: Aerodactyl|move: Wide Guard\n|-activate|p2b: Volcarona|move: Wide Guard\n|-ability|p1a: Sceptile|Lightning Rod|boost\n|-boost|p1a: Sceptile|spa|1\n|move|p1a: Sceptile|Earth Power|p2b: Volcarona\n|-damage|p2b: Volcarona|61/100\n|\n|-heal|p2b: Volcarona|68/100|[from] item: Leftovers\n|upkeep\n|turn|3\n|\n|t:|1788312753\n|move|p2a: Aerodactyl|Wide Guard|p2a: Aerodactyl\n|-singleturn|p2a: Aerodactyl|Wide Guard\n|move|p2b: Volcarona|Heat Wave|p1b: Rotom|[spread] p1a,p1b\n|-resisted|p1b: Rotom|1\n|-damage|p1a: Sceptile|34/100\n|-damage|p1b: Rotom|66/100\n|-status|p1b: Rotom|brn\n|move|p1b: Rotom|Discharge|p2b: Volcarona|[spread] \n|-activate|p2a: Aerodactyl|move: Wide Guard\n|-activate|p2b: Volcarona|move: Wide Guard\n|-ability|p1a: Sceptile|Lightning Rod|boost\n|-boost|p1a: Sceptile|spa|1\n|move|p1a: Sceptile|Earth Power|p2b: Volcarona\n|-damage|p2b: Volcarona|18/100\n|\n|-heal|p2b: Volcarona|24/100|[from] item: Leftovers\n|-damage|p1b: Rotom|61/100 brn|[from] brn\n|upkeep\n|turn|4\n|\n|t:|1788312793\n|move|p2a: Aerodactyl|Wide Guard|p2a: Aerodactyl\n|-singleturn|p2a: Aerodactyl|Wide Guard\n|move|p2b: Volcarona|Heat Wave|p1b: Rotom|[spread] p1a,p1b\n|-resisted|p1b: Rotom|1\n|-damage|p1a: Sceptile|0 fnt\n|-damage|p1b: Rotom|30/100 brn\n|faint|p1a: Sceptile\n|move|p1b: Rotom|Discharge|p2a: Aerodactyl|[spread] \n|-activate|p2a: Aerodactyl|move: Wide Guard\n|-activate|p2b: Volcarona|move: Wide Guard\n|\n|-heal|p2b: Volcarona|30/100|[from] item: Leftovers\n|-damage|p1b: Rotom|25/100 brn|[from] brn\n|-sideend|p2: Namranan|move: Tailwind\n|upkeep\n|\n|t:|1788312810\n|switch|p1a: Torkoal|Torkoal, L50, F|100/100\n|-weather|SunnyDay|[from] ability: Drought|[of] p1a: Torkoal\n|turn|5\n|\n|t:|1788312834\n|switch|p1b: Farigiraf|Farigiraf, L50, M|100/100\n|move|p2a: Aerodactyl|Wide Guard|p2a: Aerodactyl\n|-singleturn|p2a: Aerodactyl|Wide Guard\n|move|p2b: Volcarona|Heat Wave|p1b: Farigiraf|[spread] p1a,p1b\n|-resisted|p1a: Torkoal|1\n|-damage|p1a: Torkoal|54/100\n|-damage|p1b: Farigiraf|24/100\n|move|p1a: Torkoal|Yawn|p2b: Volcarona\n|-start|p2b: Volcarona|move: Yawn|[of] p1a: Torkoal\n|\n|-weather|SunnyDay|[upkeep]\n|-heal|p2b: Volcarona|36/100|[from] item: Leftovers\n|upkeep\n|turn|6\n|\n|t:|1788312857\n|move|p1a: Torkoal|Protect|p1a: Torkoal\n|-singleturn|p1a: Torkoal|Protect\n|move|p2b: Volcarona|Heat Wave|p1b: Farigiraf|[spread] p1b\n|-activate|p1a: Torkoal|move: Protect\n|-damage|p1b: Farigiraf|0 fnt\n|faint|p1b: Farigiraf\n|move|p2a: Aerodactyl|Rock Slide|p1a: Torkoal\n|-activate|p1a: Torkoal|move: Protect\n|\n|-weather|SunnyDay|[upkeep]\n|-heal|p2b: Volcarona|43/100|[from] item: Leftovers\n|-end|p2b: Volcarona|move: Yawn|[silent]\n|-status|p2b: Volcarona|slp\n|upkeep\n|\n|t:|1788312862\n|switch|p1b: Rotom|Rotom-Wash, L50|25/100 brn\n|turn|7\n|\n|t:|1788312877\n|cant|p2b: Volcarona|slp\n|move|p2a: Aerodactyl|Wide Guard|p2a: Aerodactyl\n|-singleturn|p2a: Aerodactyl|Wide Guard\n|move|p1b: Rotom|Hydro Pump|p2b: Volcarona|[miss]\n|-miss|p1b: Rotom|p2b: Volcarona\n|move|p1a: Torkoal|Weather Ball|p2a: Aerodactyl\n|-resisted|p2a: Aerodactyl|1\n|-damage|p2a: Aerodactyl|0 fnt\n|faint|p2a: Aerodactyl\n|\n|-weather|SunnyDay|[upkeep]\n|-heal|p2b: Volcarona|49/100 slp|[from] item: Leftovers\n|-damage|p1b: Rotom|19/100 brn|[from] brn\n|upkeep\n|\n|t:|1788312886\n|switch|p2a: Basculegion|Basculegion, L50, M|100/100\n|turn|8\n|\n|t:|1788312896\n|cant|p2b: Volcarona|slp\n|move|p1a: Torkoal|Protect|p1a: Torkoal\n|-singleturn|p1a: Torkoal|Protect\n|move|p1b: Rotom|Hydro Pump|p2b: Volcarona\n|-supereffective|p2b: Volcarona|1\n|-damage|p2b: Volcarona|20/100y slp\n|move|p2a: Basculegion|Wave Crash|p1a: Torkoal\n|-activate|p1a: Torkoal|move: Protect\n|\n|-weather|SunnyDay|[upkeep]\n|-heal|p2b: Volcarona|26/100 slp|[from] item: Leftovers\n|-damage|p1b: Rotom|14/100 brn|[from] brn\n|upkeep\n|turn|9\n|\n|t:|1788312908\n|-curestatus|p2b: Volcarona|slp|[msg]\n|move|p2b: Volcarona|Protect|p2b: Volcarona\n|-singleturn|p2b: Volcarona|Protect\n|move|p1b: Rotom|Hydro Pump|p2a: Basculegion\n|-resisted|p2a: Basculegion|1\n|-damage|p2a: Basculegion|85/100\n|move|p2a: Basculegion|Wave Crash|p1a: Torkoal\n|-supereffective|p1a: Torkoal|1\n|-damage|p1a: Torkoal|0 fnt\n|faint|p1a: Torkoal\n|-damage|p2a: Basculegion|69/100|[from] Recoil\n|-damage|p2a: Basculegion|59/100|[from] item: Life Orb\n|\n|-weather|SunnyDay|[upkeep]\n|-heal|p2b: Volcarona|32/100|[from] item: Leftovers\n|-damage|p1b: Rotom|8/100 brn|[from] brn\n|upkeep\n|turn|10\n|-message|Drakediddler forfeited.\n|\n|win|Namranan\n|raw|Drakediddler's rating: 1084 &rarr; <strong>1059</strong><br />(-25 for losing)\n|raw|Namranan's rating: 1046 &rarr; <strong>1083</strong><br />(+37 for winning)\n|l|☆Drakediddler\n|player|p1|\n","uploadtime":1788312931,"views":"0","formatid":"gen9championsvgc2026regmb","rating":1059,"private":0,"password":null}