{"id":"gen9championsvgc2026regmbbo3-2673983415","format":"[Gen 9 Champions] VGC 2026 Reg M-B (Bo3)","players":["BaxcaliburFan#1","Kirlikira"],"log":"|j|☆BaxcaliburFan#1\n|j|☆Kirlikira\n|html|<table width=\"100%\"><tr><td align=\"left\">BaxcaliburFan#1</td><td align=\"right\">Kirlikira</tr><tr><td align=\"left\"><i class=\"fa fa-circle-o\"></i> <i class=\"fa fa-circle-o\"></i> </td><td align=\"right\"><i class=\"fa fa-circle-o\"></i> <i class=\"fa fa-circle\"></i> </tr></table>\n|uhtml|bestof|<h2><strong>Game 2</strong> of <a href=\"/game-bestof3-gen9championsvgc2026regmbbo3-2673980980\">a best-of-3</a></h2>\n|t:|1788284738\n|gametype|doubles\n|player|p1|BaxcaliburFan#1|acetrainer-gen4dp|\n|player|p2|Kirlikira|101|\n|gen|9\n|tier|[Gen 9 Champions] VGC 2026 Reg M-B (Bo3)\n|rule|Species Clause: Limit one of each Pokémon\n|rule|Item Clause: Limit 1 of each item\n|clearpoke\n|poke|p1|Froslass, L50, F|\n|poke|p1|Sneasler, L50, F|\n|poke|p1|Basculegion, L50, M|\n|poke|p1|Dragonite, L50, M|\n|poke|p1|Kingambit, L50, F|\n|poke|p1|Arcanine-Hisui, L50, M|\n|poke|p2|Raichu, L50, M|\n|poke|p2|Aerodactyl, L50, F|\n|poke|p2|Sneasler, L50, F|\n|poke|p2|Sylveon, L50, F|\n|poke|p2|Kingambit, L50, F|\n|poke|p2|Tsareena, L50, F|\n|teampreview|4\n|showteam|p1|Froslass||Froslassite|CursedBody|Blizzard,ShadowBall,IcyWind,Protect|Modest||F|||50|]Sneasler||FocusSash|Unburden|FakeOut,CloseCombat,DireClaw,Coaching|Jolly||F|||50|]Basculegion||MysticWater|Adaptability|WaveCrash,AquaJet,LastRespects,Protect|Adamant||M|||50|]Dragonite||Dragoninite|Multiscale|DragonPulse,HeatWave,Tailwind,Protect|Modest||M|||50|]Kingambit||ChopleBerry|Defiant|KowtowCleave,SuckerPunch,IronHead,LowKick|Adamant||F|||50|]Arcanine-Hisui||LifeOrb|RockHead|FlareBlitz,RockSlide,ExtremeSpeed,Protect|Adamant||M|||50|\n|showteam|p2|Raichu||RaichuniteY|LightningRod|ZapCannon,FocusBlast,FakeOut,Protect|Timid||M|||50|]Aerodactyl||Aerodactylite|Unnerve|RockSlide,DualWingbeat,Tailwind,Protect|Jolly||F|||50|]Sneasler||WhiteHerb|Unburden|CloseCombat,DireClaw,Feint,FakeOut|Jolly||F|||50|]Sylveon||FairyFeather|Pixilate|HyperVoice,HyperBeam,Yawn,Protect|Modest||F|||50|]Kingambit||LifeOrb|Defiant|KowtowCleave,SuckerPunch,SwordsDance,Protect|Adamant||F|||50|]Tsareena||FocusSash|QueenlyMajesty|PowerWhip,TripleAxel,LowKick,Protect|Jolly||F|||50|\n|\n|t:|1788284783\n|teamsize|p1|4\n|teamsize|p2|4\n|start\n|switch|p1a: Basculegion|Basculegion, L50, M|100/100\n|switch|p1b: Sneasler|Sneasler, L50, F|100/100\n|switch|p2a: Sneasler|Sneasler, L50, F|100/100\n|switch|p2b: Aerodactyl|Aerodactyl, L50, F|100/100\n|-ability|p2b: Aerodactyl|Unnerve\n|turn|1\n|\n|t:|1788284820\n|switch|p2a: Kingambit|Kingambit, L50, F|100/100\n|detailschange|p2b: Aerodactyl|Aerodactyl-Mega, L50, F\n|-mega|p2b: Aerodactyl|Aerodactyl|Aerodactylite\n|move|p2b: Aerodactyl|Protect|p2b: Aerodactyl\n|-singleturn|p2b: Aerodactyl|Protect\n|move|p1b: Sneasler|Coaching|p1a: Basculegion\n|-boost|p1a: Basculegion|atk|1\n|-boost|p1a: Basculegion|def|1\n|move|p1a: Basculegion|Wave Crash|p2a: Kingambit\n|-damage|p2a: Kingambit|14/100\n|-damage|p1a: Basculegion|69/100|[from] Recoil\n|\n|upkeep\n|turn|2\n|\n|t:|1788284855\n|move|p1a: Basculegion|Aqua Jet|p2b: Aerodactyl\n|-supereffective|p2b: Aerodactyl|1\n|-damage|p2b: Aerodactyl|4/100\n|move|p2b: Aerodactyl|Dual Wingbeat|p1b: Sneasler|[miss]\n|-miss|p2b: Aerodactyl|p1b: Sneasler\n|move|p1b: Sneasler|Close Combat|p2a: Kingambit\n|-supereffective|p2a: Kingambit|2\n|-damage|p2a: Kingambit|0 fnt\n|-unboost|p1b: Sneasler|def|1\n|-unboost|p1b: Sneasler|spd|1\n|faint|p2a: Kingambit\n|\n|upkeep\n|\n|t:|1788284884\n|switch|p2a: Sylveon|Sylveon, L50, F|100/100\n|turn|3\n|\n|t:|1788284908\n|move|p1a: Basculegion|Protect|p1a: Basculegion\n|-singleturn|p1a: Basculegion|Protect\n|move|p2b: Aerodactyl|Dual Wingbeat|p1b: Sneasler\n|-supereffective|p1b: Sneasler|1\n|-enditem|p1b: Sneasler|Focus Sash\n|-damage|p1b: Sneasler|1/100\n|-supereffective|p1b: Sneasler|1\n|-damage|p1b: Sneasler|0 fnt\n|faint|p1b: Sneasler\n|-hitcount|p1: Sneasler|2\n|move|p2a: Sylveon|Yawn|p1a: Basculegion\n|-activate|p1a: Basculegion|move: Protect\n|\n|upkeep\n|\n|t:|1788284919\n|switch|p1b: Kingambit|Kingambit, L50, F|100/100\n|turn|4\n|\n|t:|1788284957\n|move|p2b: Aerodactyl|Protect|p2b: Aerodactyl\n|-singleturn|p2b: Aerodactyl|Protect\n|move|p1a: Basculegion|Aqua Jet|p2b: Aerodactyl\n|-activate|p2b: Aerodactyl|move: Protect\n|move|p2a: Sylveon|Hyper Voice|p1a: Basculegion|[spread] p1a,p1b\n|-damage|p1a: Basculegion|14/100\n|-damage|p1b: Kingambit|42/100\n|move|p1b: Kingambit|Iron Head|p2a: Sylveon\n|-supereffective|p2a: Sylveon|1\n|-damage|p2a: Sylveon|12/100\n|\n|upkeep\n|turn|5\n|\n|t:|1788284998\n|switch|p2a: Sneasler|Sneasler, L50, F|100/100\n|move|p2b: Aerodactyl|Protect|p2b: Aerodactyl\n|-singleturn|p2b: Aerodactyl|Protect\n|move|p1a: Basculegion|Aqua Jet|p2a: Sneasler\n|-crit|p2a: Sneasler\n|-damage|p2a: Sneasler|14/100\n|move|p1b: Kingambit|Sucker Punch||[still]\n|-fail|p1b: Kingambit\n|\n|upkeep\n|turn|6\n|\n|t:|1788285042\n|move|p1a: Basculegion|Protect|p1a: Basculegion\n|-singleturn|p1a: Basculegion|Protect\n|move|p2a: Sneasler|Fake Out|p1b: Kingambit\n|-resisted|p1b: Kingambit|1\n|-damage|p1b: Kingambit|37/100\n|cant|p1b: Kingambit|flinch\n|move|p2b: Aerodactyl|Rock Slide|p1b: Kingambit|[spread] p1b\n|-activate|p1a: Basculegion|move: Protect\n|-resisted|p1b: Kingambit|1\n|-damage|p1b: Kingambit|25/100\n|\n|upkeep\n|turn|7\n|\n|t:|1788285079\n|switch|p2a: Sylveon|Sylveon, L50, F|12/100\n|move|p1a: Basculegion|Aqua Jet|p2b: Aerodactyl\n|-supereffective|p2b: Aerodactyl|1\n|-damage|p2b: Aerodactyl|0 fnt\n|faint|p2b: Aerodactyl\n|move|p1b: Kingambit|Sucker Punch||[still]\n|-fail|p1b: Kingambit\n|\n|upkeep\n|\n|t:|1788285088\n|switch|p2b: Sneasler|Sneasler, L50, F|14/100\n|turn|8\n|\n|t:|1788285118\n|move|p1a: Basculegion|Protect|p1a: Basculegion\n|-singleturn|p1a: Basculegion|Protect\n|move|p2a: Sylveon|Protect|p2a: Sylveon\n|-singleturn|p2a: Sylveon|Protect\n|move|p1b: Kingambit|Sucker Punch||[still]\n|-fail|p1b: Kingambit\n|move|p2b: Sneasler|Dire Claw|p1a: Basculegion\n|-activate|p1a: Basculegion|move: Protect\n|\n|upkeep\n|turn|9\n|\n|t:|1788285152\n|move|p1a: Basculegion|Aqua Jet|p2a: Sylveon\n|-damage|p2a: Sylveon|0 fnt\n|faint|p2a: Sylveon\n|move|p1b: Kingambit|Sucker Punch|p2b: Sneasler\n|-resisted|p2b: Sneasler|1\n|-damage|p2b: Sneasler|0 fnt\n|faint|p2b: Sneasler\n|\n|win|BaxcaliburFan#1\n||BaxcaliburFan#1 is ready for game 3.\n|inactive|Kirlikira has 30 seconds to confirm battle start!\n||Kirlikira is ready for game 3.\n|uhtml|next|Next: <a href=\"/battle-gen9championsvgc2026regmbbo3-2673987077\"><strong>Game 3 of 3</strong></a>\n","uploadtime":1788285530,"views":"14","formatid":"gen9championsvgc2026regmbbo3","rating":null,"private":0,"password":null}