{"id":"gen9championsvgc2026regmbbo3-2674674443","format":"[Gen 9 Champions] VGC 2026 Reg M-B (Bo3)","players":["Jarvis1","jeanryupr"],"log":"|j|☆Jarvis1\n|j|☆jeanryupr\n|html|<table width=\"100%\"><tr><td align=\"left\">Jarvis1</td><td align=\"right\">jeanryupr</tr><tr><td align=\"left\"><i class=\"fa fa-circle-o\"></i> <i class=\"fa fa-circle-o\"></i> </td><td align=\"right\"><i class=\"fa fa-circle-o\"></i> <i class=\"fa fa-circle-o\"></i> </tr></table>\n|uhtml|bestof|<h2><strong>Game 1</strong> of <a href=\"/game-bestof3-gen9championsvgc2026regmbbo3-2674674442\">a best-of-3</a></h2>\n|t:|1788388637\n|gametype|doubles\n|player|p1|Jarvis1|2|1215\n|player|p2|jeanryupr|2|1294\n|gen|9\n|tier|[Gen 9 Champions] VGC 2026 Reg M-B (Bo3)\n|rated|\n|rule|Species Clause: Limit one of each Pokémon\n|rule|Item Clause: Limit 1 of each item\n|clearpoke\n|poke|p1|Gholdengo, L50|\n|poke|p1|Kingambit, L50, F|\n|poke|p1|Maushold, L50|\n|poke|p1|Sinistcha, L50|\n|poke|p1|Staraptor, L50, M|\n|poke|p1|Tyranitar, L50, M|\n|poke|p2|Scovillain, L50, F, shiny|\n|poke|p2|Basculegion, L50, M|\n|poke|p2|Kingambit, L50, F|\n|poke|p2|Sneasler, L50, M|\n|poke|p2|Lycanroc-Dusk, L50, F|\n|poke|p2|Froslass, L50, F|\n|teampreview|4\n|showteam|p1|Gholdengo||LifeOrb|GoodasGold|NastyPlot,MakeItRain,ShadowBall,Protect|Modest|||||50|]Kingambit||OccaBerry|Defiant|SuckerPunch,IronHead,KowtowCleave,Protect|Brave||F|||50|]Maushold||ChopleBerry|FriendGuard|SuperFang,Charm,FollowMe,Protect|Timid|||||50|]Sinistcha||SitrusBerry|Hospitality|LeafStorm,RagePowder,TrickRoom,Protect|Calm|||||50|]Staraptor||Staraptite|Intimidate|BraveBird,CloseCombat,Roost,Protect|Jolly||M|||50|]Tyranitar||Tyranitarite|SandStream|LowKick,KnockOff,RockSlide,Protect|Jolly||M|||50|\n|showteam|p2|Scovillain||Scovillainite|Moody|GigaDrain,Overheat,RagePowder,Protect|Bold||F|||50|]Basculegion||LifeOrb|Adaptability|WaveCrash,LastRespects,AquaJet,Protect|Adamant||M|||50|]Kingambit||BlackGlasses|Defiant|KowtowCleave,SuckerPunch,SwordsDance,Protect|Adamant||F|||50|]Sneasler||WhiteHerb|Unburden|CloseCombat,DireClaw,Protect,FakeOut|Adamant||M|||50|]Lycanroc-Dusk||FocusSash|ToughClaws|CloseCombat,Accelerock,RockSlide,Protect|Adamant||F|||50|]Froslass||Froslassite|CursedBody|Blizzard,ShadowBall,AuroraVeil,Protect|Timid||F|||50|\n|inactive|Battle timer is ON: inactive players will automatically lose when time's up. (requested by Jarvis1)\n|\n|t:|1788388696\n|teamsize|p1|4\n|teamsize|p2|4\n|start\n|switch|p1a: Gholdengo|Gholdengo, L50|100/100\n|switch|p1b: Maushold|Maushold, L50|100/100\n|switch|p2a: Scovillain|Scovillain, L50, F, shiny|100/100\n|switch|p2b: Kingambit|Kingambit, L50, F|100/100\n|turn|1\n|\n|t:|1788388711\n|move|p2a: Scovillain|Protect|p2a: Scovillain\n|-singleturn|p2a: Scovillain|Protect\n|move|p1b: Maushold|Super Fang|p2a: Scovillain\n|-activate|p2a: Scovillain|move: Protect\n|move|p1a: Gholdengo|Nasty Plot|p1a: Gholdengo\n|-boost|p1a: Gholdengo|spa|2\n|move|p2b: Kingambit|Kowtow Cleave|p1a: Gholdengo\n|-supereffective|p1a: Gholdengo|1\n|-damage|p1a: Gholdengo|19/100\n|\n|-ability|p2a: Scovillain|Moody|boost\n|-boost|p2a: Scovillain|atk|2\n|-unboost|p2a: Scovillain|spd|1\n|upkeep\n|turn|2\n|inactive|jeanryupr has 30 seconds left.\n|\n|t:|1788388737\n|detailschange|p2a: Scovillain|Scovillain-Mega, L50, F, shiny\n|-mega|p2a: Scovillain|Scovillain|Scovillainite\n|move|p1b: Maushold|Follow Me|p1b: Maushold\n|-singleturn|p1b: Maushold|move: Follow Me\n|move|p2a: Scovillain|Rage Powder|p2a: Scovillain\n|-singleturn|p2a: Scovillain|move: Rage Powder\n|move|p1a: Gholdengo|Make It Rain|p2a: Scovillain|[spread] p2a,p2b\n|-resisted|p2a: Scovillain|1\n|-resisted|p2b: Kingambit|1\n|-damage|p2a: Scovillain|9/100\n|-damage|p2b: Kingambit|43/100\n|-unboost|p1a: Gholdengo|spa|2\n|-status|p1a: Gholdengo|brn|[from] ability: Spicy Spray|[of] p2a: Scovillain\n|-damage|p1a: Gholdengo|9/100 brn|[from] item: Life Orb\n|move|p2b: Kingambit|Kowtow Cleave|p1b: Maushold\n|-damage|p1b: Maushold|25/100\n|\n|-damage|p1a: Gholdengo|3/100 brn|[from] brn\n|upkeep\n|turn|3\n|\n|t:|1788388760\n|switch|p1b: Sinistcha|Sinistcha, L50|100/100\n|-heal|p1a: Gholdengo|28/100 brn|[from] ability: Hospitality|[of] p1b: Sinistcha\n|move|p2a: Scovillain|Protect|p2a: Scovillain\n|-singleturn|p2a: Scovillain|Protect\n|move|p2b: Kingambit|Protect|p2b: Kingambit\n|-singleturn|p2b: Kingambit|Protect\n|move|p1a: Gholdengo|Nasty Plot|p1a: Gholdengo\n|-boost|p1a: Gholdengo|spa|2\n|\n|-damage|p1a: Gholdengo|22/100 brn|[from] brn\n|upkeep\n|turn|4\n|inactive|Jarvis1 has 30 seconds left.\n|inactive|jeanryupr has 30 seconds left.\n|inactive|Jarvis1 has 20 seconds left.\n|inactive|Jarvis1 has 15 seconds left.\n|\n|t:|1788388803\n|move|p1b: Sinistcha|Rage Powder|p1b: Sinistcha\n|-singleturn|p1b: Sinistcha|move: Rage Powder\n|move|p1a: Gholdengo|Make It Rain|p2a: Scovillain|[spread] p2a,p2b\n|-resisted|p2a: Scovillain|1\n|-resisted|p2b: Kingambit|1\n|-damage|p2a: Scovillain|0 fnt\n|-damage|p2b: Kingambit|0 fnt\n|-unboost|p1a: Gholdengo|spa|2\n|faint|p2a: Scovillain\n|faint|p2b: Kingambit\n|-damage|p1a: Gholdengo|13/100 brn|[from] item: Life Orb\n|\n|-damage|p1a: Gholdengo|7/100 brn|[from] brn\n|upkeep\n|\n|t:|1788388815\n|switch|p2a: Basculegion|Basculegion, L50, M|100/100\n|switch|p2b: Lycanroc|Lycanroc-Dusk, L50, F|100/100\n|turn|5\n|\n|t:|1788388832\n|move|p1b: Sinistcha|Protect|p1b: Sinistcha\n|-singleturn|p1b: Sinistcha|Protect\n|move|p2b: Lycanroc|Rock Slide|p1a: Gholdengo|[spread] p1a\n|-activate|p1b: Sinistcha|move: Protect\n|-resisted|p1a: Gholdengo|1\n|-damage|p1a: Gholdengo|0 fnt\n|faint|p1a: Gholdengo\n|move|p2a: Basculegion|Last Respects|p1b: Sinistcha\n|-activate|p1b: Sinistcha|move: Protect\n|\n|upkeep\n|\n|t:|1788388843\n|switch|p1a: Staraptor|Staraptor, L50, M|100/100\n|-ability|p1a: Staraptor|Intimidate|boost\n|-unboost|p2a: Basculegion|atk|1\n|-unboost|p2b: Lycanroc|atk|1\n|turn|6\n|\n|t:|1788388851\n|switch|p1b: Maushold|Maushold, L50|25/100\n|detailschange|p1a: Staraptor|Staraptor-Mega, L50, M\n|-mega|p1a: Staraptor|Staraptor|Staraptite\n|move|p1a: Staraptor|Close Combat|p2b: Lycanroc\n|-supereffective|p2b: Lycanroc|1\n|-enditem|p2b: Lycanroc|Focus Sash\n|-damage|p2b: Lycanroc|1/100\n|-boost|p1a: Staraptor|def|1\n|-boost|p1a: Staraptor|spd|1\n|move|p2b: Lycanroc|Rock Slide|p1b: Maushold|[spread] p1b\n|-miss|p2b: Lycanroc|p1a: Staraptor\n|-damage|p1b: Maushold|1/100\n|move|p2a: Basculegion|Last Respects|p1b: Maushold\n|-immune|p1b: Maushold\n|\n|upkeep\n|turn|7\n|\n|t:|1788388874\n|move|p1b: Maushold|Protect|p1b: Maushold\n|-singleturn|p1b: Maushold|Protect\n|move|p2b: Lycanroc|Protect|p2b: Lycanroc\n|-singleturn|p2b: Lycanroc|Protect\n|move|p2a: Basculegion|Aqua Jet|p1b: Maushold\n|-activate|p1b: Maushold|move: Protect\n|move|p1a: Staraptor|Close Combat|p2b: Lycanroc\n|-activate|p2b: Lycanroc|move: Protect\n|\n|upkeep\n|turn|8\n|\n|t:|1788388893\n|move|p2b: Lycanroc|Protect||[still]\n|-fail|p2b: Lycanroc\n|move|p1b: Maushold|Follow Me|p1b: Maushold\n|-singleturn|p1b: Maushold|move: Follow Me\n|move|p2a: Basculegion|Aqua Jet|p1b: Maushold\n|-damage|p1b: Maushold|0 fnt\n|faint|p1b: Maushold\n|-damage|p2a: Basculegion|90/100|[from] item: Life Orb\n|move|p1a: Staraptor|Close Combat|p2b: Lycanroc\n|-supereffective|p2b: Lycanroc|1\n|-damage|p2b: Lycanroc|0 fnt\n|-boost|p1a: Staraptor|def|1\n|-boost|p1a: Staraptor|spd|1\n|faint|p2b: Lycanroc\n|\n|upkeep\n|\n|t:|1788388901\n|switch|p1b: Sinistcha|Sinistcha, L50|100/100\n|turn|9\n|-message|jeanryupr forfeited.\n|\n|win|Jarvis1\n","uploadtime":1788388639,"views":"0","formatid":"gen9championsvgc2026regmbbo3","rating":null,"private":0,"password":null}