{"id":"gen9championsvgc2026regmb-2674209567","format":"[Gen 9 Champions] VGC 2026 Reg M-B","players":["chriszim14","juldrian"],"log":"|j|☆chriszim14\n|j|☆juldrian\n|t:|1788315877\n|gametype|doubles\n|player|p1|chriszim14|266|1245\n|player|p2|juldrian|swimmer-gen4|1307\n|gen|9\n|tier|[Gen 9 Champions] VGC 2026 Reg M-B\n|rated|\n|rule|Species Clause: Limit one of each Pokémon\n|rule|Item Clause: Limit 1 of each item\n|clearpoke\n|poke|p1|Scizor, L50, M|\n|poke|p1|Charizard, L50, M|\n|poke|p1|Rotom-Wash, L50, shiny|\n|poke|p1|Garchomp, L50, M|\n|poke|p1|Dragonite, L50, M|\n|poke|p1|Gardevoir, L50, F|\n|poke|p2|Tyranitar, L50, F|\n|poke|p2|Metagross, L50|\n|poke|p2|Mamoswine, L50, M|\n|poke|p2|Rotom-Wash, L50|\n|poke|p2|Farigiraf, L50, M|\n|poke|p2|Sneasler, L50, F|\n|teampreview|4\n|\n|t:|1788315907\n|teamsize|p1|4\n|teamsize|p2|4\n|start\n|switch|p1a: Dragonite|Dragonite, L50, M|100/100\n|switch|p1b: Garchomp|Garchomp, L50, M|100/100\n|switch|p2a: Rotom|Rotom-Wash, L50|100/100\n|switch|p2b: Sneasler|Sneasler, L50, F|100/100\n|turn|1\n|inactive|Battle timer is ON: inactive players will automatically lose when time's up. (requested by juldrian)\n|\n|t:|1788315920\n|move|p2b: Sneasler|Protect|p2b: Sneasler\n|-singleturn|p2b: Sneasler|Protect\n|move|p1b: Garchomp|Protect|p1b: Garchomp\n|-singleturn|p1b: Garchomp|Protect\n|move|p1a: Dragonite|Protect|p1a: Dragonite\n|-singleturn|p1a: Dragonite|Protect\n|move|p2a: Rotom|Will-O-Wisp|p1b: Garchomp\n|-activate|p1b: Garchomp|move: Protect\n|\n|upkeep\n|turn|2\n|\n|t:|1788315940\n|switch|p1b: Rotom|Rotom-Wash, L50, shiny|100/100\n|move|p2b: Sneasler|Dire Claw|p1a: Dragonite\n|-damage|p1a: Dragonite|80/100\n|-status|p1a: Dragonite|psn\n|move|p2a: Rotom|Will-O-Wisp|p1b: Rotom\n|-status|p1b: Rotom|brn\n|move|p1a: Dragonite|Tailwind|p1a: Dragonite\n|-sidestart|p1: chriszim14|move: Tailwind\n|\n|-damage|p1a: Dragonite|68/100 psn|[from] psn\n|-damage|p1b: Rotom|94/100 brn|[from] brn\n|upkeep\n|turn|3\n|\n|t:|1788315963\n|move|p1b: Rotom|Thunderbolt|p2b: Sneasler\n|-damage|p2b: Sneasler|57/100\n|move|p1a: Dragonite|Dragon Claw|p2b: Sneasler\n|-damage|p2b: Sneasler|0 fnt\n|faint|p2b: Sneasler\n|move|p2a: Rotom|Thunderbolt|p1b: Rotom\n|-damage|p1b: Rotom|63/100 brn\n|\n|-heal|p1b: Rotom|69/100 brn|[from] item: Leftovers\n|-damage|p1a: Dragonite|56/100 psn|[from] psn\n|-damage|p1b: Rotom|63/100 brn|[from] brn\n|upkeep\n|\n|t:|1788315971\n|switch|p2b: Mamoswine|Mamoswine, L50, M|100/100\n|turn|4\n|\n|t:|1788315979\n|move|p1a: Dragonite|Protect|p1a: Dragonite\n|-singleturn|p1a: Dragonite|Protect\n|move|p2b: Mamoswine|Protect|p2b: Mamoswine\n|-singleturn|p2b: Mamoswine|Protect\n|move|p1b: Rotom|Hydro Pump|p2b: Mamoswine\n|-activate|p2b: Mamoswine|move: Protect\n|move|p2a: Rotom|Thunderbolt|p1b: Rotom\n|-damage|p1b: Rotom|32/100 brn\n|\n|-heal|p1b: Rotom|38/100 brn|[from] item: Leftovers\n|-damage|p1a: Dragonite|43/100 psn|[from] psn\n|-damage|p1b: Rotom|32/100 brn|[from] brn\n|upkeep\n|-enditem|p1a: Dragonite|Sitrus Berry|[eat]\n|-heal|p1a: Dragonite|68/100 psn|[from] item: Sitrus Berry\n|turn|5\n|\n|t:|1788315998\n|move|p1a: Dragonite|Extreme Speed|p2a: Rotom\n|-damage|p2a: Rotom|68/100\n|move|p2b: Mamoswine|Ice Shard|p1a: Dragonite\n|-supereffective|p1a: Dragonite|2\n|-damage|p1a: Dragonite|0 fnt\n|faint|p1a: Dragonite\n|move|p1b: Rotom|Hydro Pump|p2b: Mamoswine\n|-supereffective|p2b: Mamoswine|1\n|-enditem|p2b: Mamoswine|Focus Sash\n|-damage|p2b: Mamoswine|1/100\n|move|p2a: Rotom|Thunderbolt|p1b: Rotom\n|-damage|p1b: Rotom|1/100 brn\n|\n|-heal|p1b: Rotom|7/100 brn|[from] item: Leftovers\n|-damage|p1b: Rotom|1/100 brn|[from] brn\n|-sideend|p1: chriszim14|move: Tailwind\n|upkeep\n|\n|t:|1788316018\n|switch|p1a: Garchomp|Garchomp, L50, M|100/100\n|turn|6\n|\n|t:|1788316025\n|move|p1a: Garchomp|Protect|p1a: Garchomp\n|-singleturn|p1a: Garchomp|Protect\n|move|p2b: Mamoswine|Protect|p2b: Mamoswine\n|-singleturn|p2b: Mamoswine|Protect\n|move|p1b: Rotom|Hydro Pump|p2b: Mamoswine\n|-activate|p2b: Mamoswine|move: Protect\n|move|p2a: Rotom|Will-O-Wisp|p1a: Garchomp\n|-activate|p1a: Garchomp|move: Protect\n|\n|-heal|p1b: Rotom|7/100 brn|[from] item: Leftovers\n|-damage|p1b: Rotom|1/100 brn|[from] brn\n|upkeep\n|turn|7\n|\n|t:|1788316043\n|switch|p1a: Charizard|Charizard, L50, M|100/100\n|move|p2b: Mamoswine|Ice Shard|p1b: Rotom\n|-resisted|p1b: Rotom|1\n|-damage|p1b: Rotom|0 fnt\n|faint|p1b: Rotom\n|move|p2a: Rotom|Will-O-Wisp|p1a: Charizard\n|-immune|p1a: Charizard\n|\n|upkeep\n|\n|t:|1788316053\n|switch|p1b: Garchomp|Garchomp, L50, M|100/100\n|turn|8\n|\n|t:|1788316070\n|detailschange|p1a: Charizard|Charizard-Mega-X, L50, M\n|-mega|p1a: Charizard|Charizard|Charizardite X\n|move|p1b: Garchomp|Protect|p1b: Garchomp\n|-singleturn|p1b: Garchomp|Protect\n|move|p2b: Mamoswine|Protect|p2b: Mamoswine\n|-singleturn|p2b: Mamoswine|Protect\n|move|p1a: Charizard|Dragon Claw|p2b: Mamoswine\n|-activate|p2b: Mamoswine|move: Protect\n|move|p2a: Rotom|Will-O-Wisp|p1b: Garchomp\n|-activate|p1b: Garchomp|move: Protect\n|\n|upkeep\n|turn|9\n|\n|t:|1788316090\n|move|p1b: Garchomp|Protect||[still]\n|-fail|p1b: Garchomp\n|move|p2b: Mamoswine|Ice Shard|p1b: Garchomp\n|-supereffective|p1b: Garchomp|2\n|-crit|p1b: Garchomp\n|-damage|p1b: Garchomp|0 fnt\n|faint|p1b: Garchomp\n|move|p1a: Charizard|Dragon Claw|p2b: Mamoswine\n|-damage|p2b: Mamoswine|0 fnt\n|faint|p2b: Mamoswine\n|move|p2a: Rotom|Will-O-Wisp|p1a: Charizard\n|-immune|p1a: Charizard\n|\n|upkeep\n|\n|t:|1788316098\n|switch|p2b: Tyranitar|Tyranitar, L50, F|100/100\n|-weather|Sandstorm|[from] ability: Sand Stream|[of] p2b: Tyranitar\n|turn|10\n|\n|t:|1788316105\n|detailschange|p2b: Tyranitar|Tyranitar-Mega, L50, F\n|-mega|p2b: Tyranitar|Tyranitar|Tyranitarite\n|move|p2b: Tyranitar|Protect|p2b: Tyranitar\n|-singleturn|p2b: Tyranitar|Protect\n|move|p1a: Charizard|Dragon Claw|p2b: Tyranitar\n|-activate|p2b: Tyranitar|move: Protect\n|move|p2a: Rotom|Hydro Pump|p1a: Charizard\n|-damage|p1a: Charizard|49/100\n|\n|-weather|Sandstorm|[upkeep]\n|-damage|p1a: Charizard|43/100|[from] Sandstorm\n|-damage|p2a: Rotom|62/100|[from] Sandstorm\n|upkeep\n|turn|11\n|-message|chriszim14 forfeited.\n|\n|win|juldrian\n|raw|chriszim14's rating: 1245 &rarr; <strong>1224</strong><br />(-21 for losing)\n|raw|juldrian's rating: 1307 &rarr; <strong>1323</strong><br />(+16 for winning)\n|l|☆chriszim14\n|player|p1|\n","uploadtime":1788316119,"views":"0","formatid":"gen9championsvgc2026regmb","rating":1224,"private":0,"password":null}