{"id":"gen9championsvgc2026regmbbo3-2673649899","format":"[Gen 9 Champions] VGC 2026 Reg M-B (Bo3)","players":["laki_rico","Jerry Judewong"],"log":"|j|☆laki_rico\n|j|☆Jerry Judewong\n|html|<table width=\"100%\"><tr><td align=\"left\">laki_rico</td><td align=\"right\">Jerry Judewong</tr><tr><td align=\"left\"><i class=\"fa fa-circle\"></i> <i class=\"fa fa-circle-o\"></i> </td><td align=\"right\"><i class=\"fa fa-circle-o\"></i> <i class=\"fa fa-circle-o\"></i> </tr></table>\n|uhtml|bestof|<h2><strong>Game 2</strong> of <a href=\"/game-bestof3-gen9championsvgc2026regmbbo3-2673648037\">a best-of-3</a></h2>\n|t:|1788227086\n|gametype|doubles\n|player|p1|laki_rico|sage|\n|player|p2|Jerry Judewong|hilbert-wonderlauncher|\n|gen|9\n|tier|[Gen 9 Champions] VGC 2026 Reg M-B (Bo3)\n|rule|Species Clause: Limit one of each Pokémon\n|rule|Item Clause: Limit 1 of each item\n|clearpoke\n|poke|p1|Maushold-Four, L50|\n|poke|p1|Lycanroc-Dusk, L50, M|\n|poke|p1|Blaziken, L50, M|\n|poke|p1|Drampa, L50, F|\n|poke|p1|Empoleon, L50, F|\n|poke|p1|Pangoro, L50, F|\n|poke|p2|Kommo-o, L50, F|\n|poke|p2|Ariados, L50, M|\n|poke|p2|Alcremie, L50, F|\n|poke|p2|Mawile, L50, F|\n|poke|p2|Farigiraf, L50, M|\n|poke|p2|Roserade, L50, F|\n|teampreview|4\n|showteam|p1|Maushold-Four||LifeOrb|Technician|PopulationBomb,Protect,Taunt,Bite|Adamant|||||50|]Lycanroc-Dusk||HardStone|ToughClaws|Accelerock,RockSlide,PlayRough,Protect|Adamant||M|||50|]Blaziken||Blazikenite|Blaze|RockSlide,FlareBlitz,CloseCombat,Detect|Adamant||M|||50|]Drampa||Drampanite|Berserk|HydroPump,EarthPower,DracoMeteor,Protect|Modest||F|||50|]Empoleon||Leftovers|Competitive|AquaRing,IronDefense,Whirlpool,Protect|Modest||F|||50|]Pangoro||FocusSash|Scrappy|StormThrow,Detect,ThroatChop,StompingTantrum|Adamant||F|||50|\n|showteam|p2|Kommo-o||RoseliBerry|Overcoat|ClangingScales,ClangorousSoul,AuraSphere,FlashCannon|Timid||F|||50|]Ariados||OccaBerry|Sniper|RagePowder,Toxic,CrossPoison,StruggleBug|Relaxed||M|||50|]Alcremie||KebiaBerry|AromaVeil|Decorate,HelpingHand,DazzlingGleam,Protect|Relaxed||F|||50|]Mawile||Mawilite|HyperCutter|IronHead,PlayRough,BrickBreak,Protect|Adamant||F|||50|]Farigiraf||ColburBerry|ArmorTail|TrickRoom,NastyPlot,Thunderbolt,TwinBeam|Modest||M|||50|]Roserade||FocusSash|PoisonPoint|SleepPowder,LeafStorm,SludgeBomb,Protect|Modest||F|||50|\n|\n|t:|1788227116\n|teamsize|p1|4\n|teamsize|p2|4\n|start\n|switch|p1a: Maushold|Maushold-Four, L50|100/100\n|switch|p1b: Lycanroc|Lycanroc-Dusk, L50, M|100/100\n|switch|p2a: Farigiraf|Farigiraf, L50, M|100/100\n|switch|p2b: Ariados|Ariados, L50, M|100/100\n|turn|1\n|\n|t:|1788227128\n|move|p2b: Ariados|Rage Powder|p2b: Ariados\n|-singleturn|p2b: Ariados|move: Rage Powder\n|move|p1b: Lycanroc|Accelerock||[still]\n|cant|p2a: Farigiraf|ability: Armor Tail|Accelerock|[of] p1b: Lycanroc\n|move|p1a: Maushold|Population Bomb|p2b: Ariados\n|-damage|p2b: Ariados|83/100\n|-damage|p2b: Ariados|68/100\n|-hitcount|p2b: Ariados|2\n|-damage|p1a: Maushold|90/100|[from] item: Life Orb\n|move|p2a: Farigiraf|Trick Room|p2a: Farigiraf\n|-fieldstart|move: Trick Room|[of] p2a: Farigiraf\n|\n|upkeep\n|turn|2\n|c|☆laki_rico|i might be dumb as fduck\n|c|☆Jerry Judewong|I don't blame you, i do the same shit\n|\n|t:|1788227177\n|move|p2b: Ariados|Cross Poison|p1a: Maushold\n|-damage|p1a: Maushold|57/100\n|move|p2a: Farigiraf|Nasty Plot|p2a: Farigiraf\n|-boost|p2a: Farigiraf|spa|2\n|move|p1b: Lycanroc|Rock Slide|p2b: Ariados|[spread] p2a,p2b\n|-supereffective|p2b: Ariados|1\n|-damage|p2a: Farigiraf|70/100\n|-damage|p2b: Ariados|1/100\n|move|p1a: Maushold|Population Bomb|p2a: Farigiraf\n|-damage|p2a: Farigiraf|56/100\n|-hitcount|p2a: Farigiraf|1\n|-damage|p1a: Maushold|47/100|[from] item: Life Orb\n|\n|upkeep\n|turn|3\n|c|☆Jerry Judewong|And its one of my favorite mons\n|\n|t:|1788227205\n|move|p1b: Lycanroc|Protect|p1b: Lycanroc\n|-singleturn|p1b: Lycanroc|Protect\n|move|p2b: Ariados|Rage Powder|p2b: Ariados\n|-singleturn|p2b: Ariados|move: Rage Powder\n|move|p2a: Farigiraf|Twin Beam|p1b: Lycanroc\n|-activate|p1b: Lycanroc|move: Protect\n|move|p1a: Maushold|Bite|p2b: Ariados\n|-damage|p2b: Ariados|0 fnt\n|faint|p2b: Ariados\n|-damage|p1a: Maushold|37/100|[from] item: Life Orb\n|\n|upkeep\n|\n|t:|1788227221\n|switch|p2b: Mawile|Mawile, L50, F|100/100\n|turn|4\n|\n|t:|1788227235\n|switch|p1b: Pangoro|Pangoro, L50, F|100/100\n|detailschange|p2b: Mawile|Mawile-Mega, L50, F\n|-mega|p2b: Mawile|Mawile|Mawilite\n|move|p1a: Maushold|Protect|p1a: Maushold\n|-singleturn|p1a: Maushold|Protect\n|move|p2b: Mawile|Play Rough|p1b: Pangoro\n|-supereffective|p1b: Pangoro|2\n|-enditem|p1b: Pangoro|Focus Sash\n|-damage|p1b: Pangoro|1/100\n|move|p2a: Farigiraf|Twin Beam|p1b: Pangoro\n|-immune|p1b: Pangoro\n|\n|upkeep\n|turn|5\n|c|☆Jerry Judewong|PANG SASH\n|c|☆Jerry Judewong|bro what\n|\n|t:|1788227269\n|move|p2b: Mawile|Brick Break|p1b: Pangoro\n|-supereffective|p1b: Pangoro|1\n|-damage|p1b: Pangoro|0 fnt\n|faint|p1b: Pangoro\n|move|p2a: Farigiraf|Twin Beam|p1a: Maushold\n|-damage|p1a: Maushold|0 fnt\n|faint|p1a: Maushold\n|-hitcount|p1: Maushold|1\n|\n|-fieldend|move: Trick Room\n|upkeep\n|\n|t:|1788227276\n|switch|p1a: Blaziken|Blaziken, L50, M|100/100\n|switch|p1b: Lycanroc|Lycanroc-Dusk, L50, M|100/100\n|turn|6\n|\n|t:|1788227310\n|detailschange|p1a: Blaziken|Blaziken-Mega, L50, M\n|-mega|p1a: Blaziken|Blaziken|Blazikenite\n|move|p1b: Lycanroc|Rock Slide|p2b: Mawile|[spread] p2b\n|-miss|p1b: Lycanroc|p2a: Farigiraf\n|-resisted|p2b: Mawile|1\n|-damage|p2b: Mawile|82/100\n|move|p1a: Blaziken|Flare Blitz|p2a: Farigiraf\n|-damage|p2a: Farigiraf|0 fnt\n|faint|p2a: Farigiraf\n|-damage|p1a: Blaziken|76/100|[from] Recoil\n|cant|p2b: Mawile|flinch\n|\n|-ability|p1a: Blaziken|Speed Boost|boost\n|-boost|p1a: Blaziken|spe|1\n|upkeep\n|c|☆Jerry Judewong|BROOOO\n|\n|t:|1788227330\n|switch|p2a: Roserade|Roserade, L50, F|100/100\n|turn|7\n|\n|t:|1788227347\n|move|p2b: Mawile|Protect|p2b: Mawile\n|-singleturn|p2b: Mawile|Protect\n|move|p1a: Blaziken|Flare Blitz|p2b: Mawile\n|-activate|p2b: Mawile|move: Protect\n|move|p1b: Lycanroc|Rock Slide|p2a: Roserade|[spread] p2a\n|-activate|p2b: Mawile|move: Protect\n|-damage|p2a: Roserade|38/100\n|move|p2a: Roserade|Sleep Powder|p1a: Blaziken\n|-status|p1a: Blaziken|slp|[from] move: Sleep Powder\n|\n|-ability|p1a: Blaziken|Speed Boost|boost\n|-boost|p1a: Blaziken|spe|1\n|upkeep\n|turn|8\n|\n|t:|1788227368\n|move|p2a: Roserade|Protect|p2a: Roserade\n|-singleturn|p2a: Roserade|Protect\n|cant|p1a: Blaziken|slp\n|move|p1b: Lycanroc|Rock Slide|p2a: Roserade|[spread] p2b\n|-activate|p2a: Roserade|move: Protect\n|-resisted|p2b: Mawile|1\n|-damage|p2b: Mawile|64/100\n|move|p2b: Mawile|Iron Head|p1b: Lycanroc\n|-supereffective|p1b: Lycanroc|1\n|-damage|p1b: Lycanroc|0 fnt\n|faint|p1b: Lycanroc\n|\n|-ability|p1a: Blaziken|Speed Boost|boost\n|-boost|p1a: Blaziken|spe|1\n|upkeep\n|turn|9\n|\n|t:|1788227393\n|cant|p1a: Blaziken|slp\n|move|p2a: Roserade|Sludge Bomb|p1a: Blaziken\n|-damage|p1a: Blaziken|11/100 slp\n|move|p2b: Mawile|Brick Break|p1a: Blaziken\n|-damage|p1a: Blaziken|0 fnt\n|faint|p1a: Blaziken\n|\n|win|Jerry Judewong\n||Jerry Judewong is ready for game 3.\n|inactive|laki_rico has 30 seconds to confirm battle start!\n||laki_rico is ready for game 3.\n|uhtml|next|Next: <a href=\"/battle-gen9championsvgc2026regmbbo3-2673651962\"><strong>Game 3 of 3</strong></a>\n|j| astuarywave\n|l| astuarywave\n","uploadtime":1788228033,"views":"0","formatid":"gen9championsvgc2026regmbbo3","rating":null,"private":0,"password":null}