{"id":"gen9championsvgc2026regmb-2674966326","format":"[Gen 9 Champions] VGC 2026 Reg M-B","players":["ZXDoom","lecher0"],"log":"|j|☆ZXDoom\n|j|☆lecher0\n|t:|1788443026\n|gametype|doubles\n|player|p1|ZXDoom|jacinthe|1238\n|player|p2|lecher0|interviewers|1292\n|gen|9\n|tier|[Gen 9 Champions] VGC 2026 Reg M-B\n|rated|\n|rule|Species Clause: Limit one of each Pokémon\n|rule|Item Clause: Limit 1 of each item\n|clearpoke\n|poke|p1|Lycanroc-Dusk, L50, M, shiny|\n|poke|p1|Clefable, L50, F, shiny|\n|poke|p1|Scovillain, L50, F, shiny|\n|poke|p1|Whimsicott, L50, M, shiny|\n|poke|p1|Gholdengo, L50|\n|poke|p1|Incineroar, L50, F, shiny|\n|poke|p2|Charizard, L50, M, shiny|\n|poke|p2|Incineroar, L50, F, shiny|\n|poke|p2|Sylveon, L50, M, shiny|\n|poke|p2|Toxapex, L50, M, shiny|\n|poke|p2|Garchomp, L50, F, shiny|\n|poke|p2|Venusaur, L50, F, shiny|\n|teampreview|4\n|inactive|Battle timer is ON: inactive players will automatically lose when time's up. (requested by lecher0)\n|inactive|ZXDoom also wants the timer to be on.\nZXDoom rejected open team sheets.\n|inactive|lecher0 has 60 seconds left.\n|\n|t:|1788443069\n|teamsize|p1|4\n|teamsize|p2|4\n|start\n|switch|p1a: Sonic The Werehog|Lycanroc-Dusk, L50, M, shiny|100/100\n|switch|p1b: Clinics Fear Me|Scovillain, L50, F, shiny|100/100\n|switch|p2a: Charizard|Charizard, L50, M, shiny|100/100\n|switch|p2b: Incineroar|Incineroar, L50, F, shiny|100/100\n|-ability|p2b: Incineroar|Intimidate|boost\n|-unboost|p1a: Sonic The Werehog|atk|1\n|-unboost|p1b: Clinics Fear Me|atk|1\n|turn|1\n|\n|t:|1788443085\n|switch|p1a: Sowwy Not Sorry|Incineroar, L50, F, shiny|100/100\n|-ability|p1a: Sowwy Not Sorry|Intimidate|boost\n|-unboost|p2a: Charizard|atk|1\n|-unboost|p2b: Incineroar|atk|1\n|detailschange|p2a: Charizard|Charizard-Mega-Y, L50, M, shiny\n|-mega|p2a: Charizard|Charizard|Charizardite Y\n|-weather|SunnyDay|[from] ability: Drought|[of] p2a: Charizard\n|detailschange|p1b: Clinics Fear Me|Scovillain-Mega, L50, F, shiny\n|-mega|p1b: Clinics Fear Me|Scovillain|Scovillainite\n|move|p2a: Charizard|Protect|p2a: Charizard\n|-singleturn|p2a: Charizard|Protect\n|move|p1b: Clinics Fear Me|Leech Seed|p2b: Incineroar\n|-start|p2b: Incineroar|move: Leech Seed\n|move|p2b: Incineroar|Flare Blitz|p1b: Clinics Fear Me\n|-crit|p1b: Clinics Fear Me\n|-damage|p1b: Clinics Fear Me|0 fnt\n|faint|p1b: Clinics Fear Me\n|-damage|p2b: Incineroar|71/100|[from] Recoil\n|\n|-weather|SunnyDay|[upkeep]\n|upkeep\n|\n|t:|1788443102\n|switch|p1b: Sonic The Werehog|Lycanroc-Dusk, L50, M, shiny|100/100\n|turn|2\n|\n|t:|1788443112\n|switch|p2a: Venusaur|Venusaur, L50, F, shiny|100/100\n|switch|p2b: Garchomp|Garchomp, L50, F, shiny|100/100\n|move|p1a: Sowwy Not Sorry|Fake Out|p2b: Garchomp\n|-damage|p2b: Garchomp|89/100\n|-damage|p1a: Sowwy Not Sorry|87/100|[from] ability: Rough Skin|[of] p2b: Garchomp\n|move|p1b: Sonic The Werehog|Accelerock|p2a: Venusaur\n|-damage|p2a: Venusaur|69/100\n|\n|-weather|SunnyDay|[upkeep]\n|upkeep\n|turn|3\n|inactive|lecher0 has 30 seconds left.\n|\n|t:|1788443143\n|move|p1b: Sonic The Werehog|Protect|p1b: Sonic The Werehog\n|-singleturn|p1b: Sonic The Werehog|Protect\n|move|p2a: Venusaur|Earth Power|p1a: Sowwy Not Sorry\n|-supereffective|p1a: Sowwy Not Sorry|1\n|-crit|p1a: Sowwy Not Sorry\n|-damage|p1a: Sowwy Not Sorry|7/100\n|-enditem|p1a: Sowwy Not Sorry|Sitrus Berry|[eat]\n|-heal|p1a: Sowwy Not Sorry|32/100|[from] item: Sitrus Berry\n|-damage|p2a: Venusaur|59/100|[from] item: Life Orb\n|move|p2b: Garchomp|Stomping Tantrum|p1b: Sonic The Werehog\n|-activate|p1b: Sonic The Werehog|move: Protect\n|move|p1a: Sowwy Not Sorry|Flare Blitz|p2a: Venusaur\n|-supereffective|p2a: Venusaur|1\n|-damage|p2a: Venusaur|0 fnt\n|faint|p2a: Venusaur\n|-damage|p1a: Sowwy Not Sorry|16/100|[from] Recoil\n|\n|-weather|SunnyDay|[upkeep]\n|upkeep\n|\n|t:|1788443162\n|switch|p2a: Incineroar|Incineroar, L50, F, shiny|71/100\n|-ability|p2a: Incineroar|Intimidate|boost\n|-unboost|p1a: Sowwy Not Sorry|atk|1\n|-unboost|p1b: Sonic The Werehog|atk|1\n|turn|4\n|\n|t:|1788443185\n|switch|p1b: Giorno Giovanna|Gholdengo, L50|100/100\n|move|p2b: Garchomp|Stomping Tantrum|p1a: Sowwy Not Sorry\n|-supereffective|p1a: Sowwy Not Sorry|1\n|-damage|p1a: Sowwy Not Sorry|0 fnt\n|faint|p1a: Sowwy Not Sorry\n|move|p2a: Incineroar|Flare Blitz|p1b: Giorno Giovanna\n|-supereffective|p1b: Giorno Giovanna|1\n|-damage|p1b: Giorno Giovanna|0 fnt\n|faint|p1b: Giorno Giovanna\n|-damage|p2a: Incineroar|45/100|[from] Recoil\n|-enditem|p2a: Incineroar|Sitrus Berry|[eat]\n|-heal|p2a: Incineroar|69/100|[from] item: Sitrus Berry\n|\n|-weather|SunnyDay|[upkeep]\n|upkeep\n|\n|t:|1788443200\n|switch|p1a: Sonic The Werehog|Lycanroc-Dusk, L50, M, shiny|100/100\n|turn|5\n|c|☆ZXDoom|gg\n|\n|t:|1788443206\n|move|p2b: Garchomp|Stomping Tantrum|p1a: Sonic The Werehog\n|-supereffective|p1a: Sonic The Werehog|1\n|-enditem|p1a: Sonic The Werehog|Focus Sash\n|-damage|p1a: Sonic The Werehog|1/100\n|move|p1a: Sonic The Werehog|Close Combat|p2a: Incineroar\n|-supereffective|p2a: Incineroar|1\n|-damage|p2a: Incineroar|0 fnt\n|-unboost|p1a: Sonic The Werehog|def|1\n|-unboost|p1a: Sonic The Werehog|spd|1\n|faint|p2a: Incineroar\n|\n|-weather|none\n|upkeep\n|\n|t:|1788443218\n|switch|p2a: Charizard|Charizard-Mega-Y, L50, M, shiny|100/100\n|-weather|SunnyDay|[from] ability: Drought|[of] p2a: Charizard\n|turn|6\n|\n|t:|1788443224\n|move|p1a: Sonic The Werehog|Protect|p1a: Sonic The Werehog\n|-singleturn|p1a: Sonic The Werehog|Protect\n|move|p2a: Charizard|Protect|p2a: Charizard\n|-singleturn|p2a: Charizard|Protect\n|move|p2b: Garchomp|Stomping Tantrum|p1a: Sonic The Werehog\n|-activate|p1a: Sonic The Werehog|move: Protect\n|\n|-weather|SunnyDay|[upkeep]\n|upkeep\n|turn|7\n|inactive|ZXDoom has 30 seconds left.\n|\n|t:|1788443257\n|move|p1a: Sonic The Werehog|Accelerock|p2a: Charizard\n|-supereffective|p2a: Charizard|2\n|-damage|p2a: Charizard|0 fnt\n|faint|p2a: Charizard\n|move|p2b: Garchomp|Stomping Tantrum|p1a: Sonic The Werehog\n|-supereffective|p1a: Sonic The Werehog|1\n|-damage|p1a: Sonic The Werehog|0 fnt\n|faint|p1a: Sonic The Werehog\n|\n|win|lecher0\n|raw|ZXDoom's rating: 1238 &rarr; <strong>1217</strong><br />(-21 for losing)\n|raw|lecher0's rating: 1292 &rarr; <strong>1313</strong><br />(+21 for winning)\n|l|☆ZXDoom\n|player|p1|\n","uploadtime":1788443274,"views":"0","formatid":"gen9championsvgc2026regmb","rating":1217,"private":0,"password":null}