{"id":"gen9championsvgc2026regmb-2674639382","format":"[Gen 9 Champions] VGC 2026 Reg M-B","players":["Pawah","RinsakuEnLinea"],"log":"|j|☆Pawah\n|j|☆RinsakuEnLinea\n|t:|1788383650\n|gametype|doubles\n|player|p1|Pawah|ethan|1163\n|player|p2|RinsakuEnLinea|acetrainersnow|1109\n|gen|9\n|tier|[Gen 9 Champions] VGC 2026 Reg M-B\n|rated|\n|rule|Species Clause: Limit one of each Pokémon\n|rule|Item Clause: Limit 1 of each item\n|clearpoke\n|poke|p1|Froslass, L50, F|\n|poke|p1|Scovillain, L50, F, shiny|\n|poke|p1|Basculegion, L50, M|\n|poke|p1|Kingambit, L50, F|\n|poke|p1|Sneasler, L50, F|\n|poke|p1|Lycanroc-Dusk, L50, M|\n|poke|p2|Politoed, L50, F, shiny|\n|poke|p2|Skarmory, L50, F|\n|poke|p2|Sableye, L50, F|\n|poke|p2|Sneasler, L50, F|\n|poke|p2|Dragonite, L50, F|\n|poke|p2|Meganium, L50, F|\n|teampreview|4\n|inactive|Battle timer is ON: inactive players will automatically lose when time's up. (requested by Pawah)\n|inactive|Pawah has 60 seconds left.\n|inactive|RinsakuEnLinea has 60 seconds left.\n|\n|t:|1788383693\n|teamsize|p1|4\n|teamsize|p2|4\n|start\n|switch|p1a: Froslass|Froslass, L50, F|100/100\n|switch|p1b: Basculegion|Basculegion, L50, M|100/100\n|switch|p2a: Sableye|Sableye, L50, F|100/100\n|switch|p2b: Sneasler|Sneasler, L50, F|100/100\n|turn|1\n|inactive|RinsakuEnLinea has 30 seconds left.\n|\n|t:|1788383722\n|detailschange|p1a: Froslass|Froslass-Mega, L50, F\n|-mega|p1a: Froslass|Froslass|Froslassite\n|-weather|Snowscape|[from] ability: Snow Warning|[of] p1a: Froslass\n|move|p2a: Sableye|Swagger|p2b: Sneasler\n|-boost|p2b: Sneasler|atk|2\n|-start|p2b: Sneasler|confusion\n|-enditem|p2b: Sneasler|Lum Berry|[eat]\n|-end|p2b: Sneasler|confusion\n|move|p2b: Sneasler|Throat Chop|p1b: Basculegion\n|-supereffective|p1b: Basculegion|1\n|-damage|p1b: Basculegion|0 fnt\n|faint|p1b: Basculegion\n|move|p1a: Froslass|Aurora Veil|p1a: Froslass\n|-sidestart|p1: Pawah|move: Aurora Veil\n|\n|-weather|Snowscape|[upkeep]\n|upkeep\n|\n|t:|1788383745\n|switch|p1b: Sneasler|Sneasler, L50, F|100/100\n|turn|2\n|\n|t:|1788383765\n|move|p2b: Sneasler|Protect|p2b: Sneasler\n|-singleturn|p2b: Sneasler|Protect\n|move|p2a: Sableye|Encore|p1a: Froslass\n|-start|p1a: Froslass|Encore\n|move|p1a: Froslass|Aurora Veil||[still]\n|-fail|p1a: Froslass\n|move|p1b: Sneasler|Gunk Shot|p2a: Sableye|[miss]\n|-miss|p1b: Sneasler|p2a: Sableye\n|\n|-weather|Snowscape|[upkeep]\n|upkeep\n|turn|3\n|\n|t:|1788383785\n|switch|p1a: Kingambit|Kingambit, L50, F|100/100\n|move|p2a: Sableye|Feint|p1b: Sneasler\n|-damage|p1b: Sneasler|95/100\n|move|p2b: Sneasler|Close Combat|p1b: Sneasler\n|-resisted|p1b: Sneasler|1\n|-crit|p1b: Sneasler\n|-damage|p1b: Sneasler|0 fnt\n|-unboost|p2b: Sneasler|def|1\n|-unboost|p2b: Sneasler|spd|1\n|faint|p1b: Sneasler\n|\n|-weather|Snowscape|[upkeep]\n|upkeep\n|\n|t:|1788383796\n|switch|p1b: Froslass|Froslass-Mega, L50, F|100/100\n|turn|4\n|\n|t:|1788383803\n|move|p2a: Sableye|Feint|p1a: Kingambit\n|-resisted|p1a: Kingambit|1\n|-damage|p1a: Kingambit|98/100\n|move|p1a: Kingambit|Sucker Punch|p2b: Sneasler\n|-resisted|p2b: Sneasler|1\n|-damage|p2b: Sneasler|33/100\n|move|p2b: Sneasler|Close Combat|p1a: Kingambit\n|-supereffective|p1a: Kingambit|2\n|-damage|p1a: Kingambit|0 fnt\n|-unboost|p2b: Sneasler|def|1\n|-unboost|p2b: Sneasler|spd|1\n|faint|p1a: Kingambit\n|move|p1b: Froslass|Blizzard|p2a: Sableye|[spread] p2a,p2b\n|-damage|p2a: Sableye|53/100\n|-damage|p2b: Sneasler|0 fnt\n|faint|p2b: Sneasler\n|\n|-weather|Snowscape|[upkeep]\n|upkeep\n|\n|t:|1788383821\n|switch|p2b: Politoed|Politoed, L50, F, shiny|100/100\n|-weather|RainDance|[from] ability: Drizzle|[of] p2b: Politoed\n|turn|5\n|\n|t:|1788383829\n|move|p2a: Sableye|Swagger|p1b: Froslass\n|-boost|p1b: Froslass|atk|2\n|-start|p1b: Froslass|confusion\n|-activate|p1b: Froslass|confusion\n|move|p1b: Froslass|Shadow Ball|p2b: Politoed\n|-damage|p2b: Politoed|60/100\n|move|p2b: Politoed|Perish Song|p2b: Politoed\n|-start|p1b: Froslass|perish3|[silent]\n|-start|p2a: Sableye|perish3|[silent]\n|-start|p2b: Politoed|perish3|[silent]\n|-fieldactivate|move: Perish Song\n|\n|-weather|RainDance|[upkeep]\n|-start|p1b: Froslass|perish3\n|-start|p2b: Politoed|perish3\n|-start|p2a: Sableye|perish3\n|-sideend|p1: Pawah|move: Aurora Veil\n|upkeep\n|turn|6\n|-message|Pawah forfeited.\n|\n|win|RinsakuEnLinea\n|raw|Pawah's rating: 1163 &rarr; <strong>1134</strong><br />(-29 for losing)\n|raw|RinsakuEnLinea's rating: 1109 &rarr; <strong>1138</strong><br />(+29 for winning)\n","uploadtime":1788383839,"views":"1","formatid":"gen9championsvgc2026regmb","rating":1134,"private":0,"password":null}