{"id":"gen9championsvgc2026regmb-2674959212","format":"[Gen 9 Champions] VGC 2026 Reg M-B","players":["TESTDIGI","CrYMoDzZ"],"log":"|j|☆TESTDIGI\n|j|☆CrYMoDzZ\n|t:|1788442081\n|gametype|doubles\n|player|p1|TESTDIGI|169|1304\n|player|p2|CrYMoDzZ|harlequin|1421\n|gen|9\n|tier|[Gen 9 Champions] VGC 2026 Reg M-B\n|rated|\n|rule|Species Clause: Limit one of each Pokémon\n|rule|Item Clause: Limit 1 of each item\n|clearpoke\n|poke|p1|Gholdengo, L50|\n|poke|p1|Staraptor, L50, M, shiny|\n|poke|p1|Tyranitar, L50, F|\n|poke|p1|Farigiraf, L50, M|\n|poke|p1|Whimsicott, L50, M, shiny|\n|poke|p1|Excadrill, L50, F|\n|poke|p2|Floette-Eternal, L50, F|\n|poke|p2|Basculegion, L50, M, shiny|\n|poke|p2|Kingambit, L50, F|\n|poke|p2|Dragonite, L50, M, shiny|\n|poke|p2|Garchomp, L50, M|\n|poke|p2|Sneasler, L50, M|\n|teampreview|4\n|inactive|Battle timer is ON: inactive players will automatically lose when time's up. (requested by CrYMoDzZ)\n|\n|t:|1788442139\n|teamsize|p1|4\n|teamsize|p2|4\n|start\n|switch|p1a: Whimsicott|Whimsicott, L50, M, shiny|100/100\n|switch|p1b: Excadrill|Excadrill, L50, F|100/100\n|switch|p2a: Floette|Floette-Eternal, L50, F|100/100\n|switch|p2b: Garchomp|Garchomp, L50, M|100/100\n|turn|1\n|\n|t:|1788442162\n|detailschange|p2a: Floette|Floette-Mega, L50, F\n|-mega|p2a: Floette|Floette|Floettite\n|-ability|p2a: Floette|Fairy Aura\n|move|p1a: Whimsicott|Tailwind|p1a: Whimsicott\n|-sidestart|p1: TESTDIGI|move: Tailwind\n|move|p1b: Excadrill|Iron Head|p2a: Floette\n|-supereffective|p2a: Floette|1\n|-damage|p2a: Floette|0 fnt\n|faint|p2a: Floette\n|move|p2b: Garchomp|Stomping Tantrum|p1b: Excadrill\n|-supereffective|p1b: Excadrill|1\n|-damage|p1b: Excadrill|0 fnt\n|faint|p1b: Excadrill\n|\n|upkeep\n|\n|t:|1788442176\n|switch|p2a: Sneasler|Sneasler, L50, M|100/100\n|switch|p1b: Staraptor|Staraptor, L50, M, shiny|100/100\n|-ability|p1b: Staraptor|Intimidate|boost\n|-unboost|p2a: Sneasler|atk|1\n|-unboost|p2b: Garchomp|atk|1\n|turn|2\n|\n|t:|1788442193\n|switch|p1a: Gholdengo|Gholdengo, L50|100/100\n|switch|p2b: Basculegion|Basculegion, L50, M, shiny|100/100\n|detailschange|p1b: Staraptor|Staraptor-Mega, L50, M, shiny\n|-mega|p1b: Staraptor|Staraptor|Staraptite\n|move|p2a: Sneasler|Fake Out|p1b: Staraptor\n|-damage|p1b: Staraptor|91/100\n|cant|p1b: Staraptor|flinch\n|\n|upkeep\n|turn|3\n|\n|t:|1788442213\n|move|p2b: Basculegion|Protect|p2b: Basculegion\n|-singleturn|p2b: Basculegion|Protect\n|move|p1b: Staraptor|Brave Bird|p2a: Sneasler\n|-supereffective|p2a: Sneasler|1\n|-enditem|p2a: Sneasler|Focus Sash\n|-damage|p2a: Sneasler|1/100\n|-damage|p1b: Staraptor|64/100|[from] Recoil\n|move|p2a: Sneasler|Dire Claw|p1b: Staraptor\n|-damage|p1b: Staraptor|38/100\n|move|p1a: Gholdengo|Shadow Ball|p2b: Basculegion\n|-activate|p2b: Basculegion|move: Protect\n|\n|upkeep\n|turn|4\n|\n|t:|1788442231\n|switch|p2b: Garchomp|Garchomp, L50, M|100/100\n|move|p2a: Sneasler|Dire Claw|p1b: Staraptor\n|-damage|p1b: Staraptor|14/100\n|move|p1b: Staraptor|Close Combat|p2a: Sneasler\n|-resisted|p2a: Sneasler|1\n|-damage|p2a: Sneasler|0 fnt\n|-boost|p1b: Staraptor|def|1\n|-boost|p1b: Staraptor|spd|1\n|faint|p2a: Sneasler\n|move|p1a: Gholdengo|Shadow Ball|p2b: Garchomp\n|-damage|p2b: Garchomp|38/100\n|-damage|p1a: Gholdengo|90/100|[from] item: Life Orb\n|\n|-sideend|p1: TESTDIGI|move: Tailwind\n|upkeep\n|\n|t:|1788442238\n|switch|p2a: Basculegion|Basculegion, L50, M, shiny|100/100\n|turn|5\n|\n|t:|1788442250\n|move|p1a: Gholdengo|Protect|p1a: Gholdengo\n|-singleturn|p1a: Gholdengo|Protect\n|move|p2a: Basculegion|Aqua Jet|p1b: Staraptor\n|-damage|p1b: Staraptor|0 fnt\n|faint|p1b: Staraptor\n|-damage|p2a: Basculegion|90/100|[from] item: Life Orb\n|move|p2b: Garchomp|Stomping Tantrum|p1a: Gholdengo\n|-activate|p1a: Gholdengo|move: Protect\n|\n|upkeep\n|\n|t:|1788442254\n|switch|p1b: Whimsicott|Whimsicott, L50, M, shiny|100/100\n|turn|6\n|\n|t:|1788442268\n|move|p1b: Whimsicott|Encore|p2a: Basculegion\n|-start|p2a: Basculegion|Encore\n|move|p2a: Basculegion|Aqua Jet|p1b: Whimsicott\n|-resisted|p1b: Whimsicott|1\n|-damage|p1b: Whimsicott|73/100\n|-damage|p2a: Basculegion|80/100|[from] item: Life Orb\n|move|p2b: Garchomp|Stomping Tantrum|p1a: Gholdengo\n|-supereffective|p1a: Gholdengo|1\n|-damage|p1a: Gholdengo|0 fnt\n|faint|p1a: Gholdengo\n|\n|upkeep\n|turn|7\n|\n|t:|1788442282\n|move|p2a: Basculegion|Aqua Jet|p1b: Whimsicott\n|-resisted|p1b: Whimsicott|1\n|-damage|p1b: Whimsicott|44/100\n|-damage|p2a: Basculegion|71/100|[from] item: Life Orb\n|move|p2b: Garchomp|Stomping Tantrum|p1b: Whimsicott\n|-resisted|p1b: Whimsicott|1\n|-damage|p1b: Whimsicott|14/100\n|move|p1b: Whimsicott|Moonblast|p2b: Garchomp\n|-supereffective|p2b: Garchomp|1\n|-damage|p2b: Garchomp|0 fnt\n|faint|p2b: Garchomp\n|\n|upkeep\n|turn|8\n|c|☆CrYMoDzZ|lol\n|\n|t:|1788442303\n|move|p1b: Whimsicott|Charm|p2a: Basculegion\n|-unboost|p2a: Basculegion|atk|2\n|move|p2a: Basculegion|Aqua Jet|p1b: Whimsicott\n|-resisted|p1b: Whimsicott|1\n|-damage|p1b: Whimsicott|0 fnt\n|faint|p1b: Whimsicott\n|-damage|p2a: Basculegion|61/100|[from] item: Life Orb\n|\n|win|CrYMoDzZ\n","uploadtime":1788442083,"views":"0","formatid":"gen9championsvgc2026regmb","rating":null,"private":0,"password":null}