{"id":"gen9championsvgc2026regmbbo3-2674228460","format":"[Gen 9 Champions] VGC 2026 Reg M-B (Bo3)","players":["Olimario98","Dangeraffe_01"],"log":"|j|☆Olimario98\n|j|☆Dangeraffe_01\n|html|<table width=\"100%\"><tr><td align=\"left\">Olimario98</td><td align=\"right\">Dangeraffe_01</tr><tr><td align=\"left\"><i class=\"fa fa-circle\"></i> <i class=\"fa fa-circle-o\"></i> </td><td align=\"right\"><i class=\"fa fa-circle-o\"></i> <i class=\"fa fa-circle\"></i> </tr></table>\n|uhtml|bestof|<h2><strong>Game 3</strong> of <a href=\"/game-bestof3-gen9championsvgc2026regmbbo3-2674225115\">a best-of-3</a></h2>\n|t:|1788319075\n|gametype|doubles\n|player|p1|Olimario98|102|\n|player|p2|Dangeraffe_01|waitress|\n|gen|9\n|tier|[Gen 9 Champions] VGC 2026 Reg M-B (Bo3)\n|rule|Species Clause: Limit one of each Pokémon\n|rule|Item Clause: Limit 1 of each item\n|clearpoke\n|poke|p1|Eelektross, L50, M|\n|poke|p1|Garchomp, L50, M|\n|poke|p1|Sinistcha, L50|\n|poke|p1|Kingambit, L50, M|\n|poke|p1|Sylveon, L50, M|\n|poke|p1|Whimsicott, L50, M|\n|poke|p2|Camerupt, L50, M|\n|poke|p2|Farigiraf, L50, F|\n|poke|p2|Sinistcha, L50|\n|poke|p2|Crabominable, L50, F|\n|poke|p2|Primarina, L50, F|\n|poke|p2|Sableye, L50, M|\n|teampreview|4\n|showteam|p1|Eelektross||Eelektrossite|Levitate|Discharge,Flamethrower,DragonPulse,Protect|Serious||M|||50|]Garchomp||LifeOrb|RoughSkin|Earthquake,RockSlide,DragonClaw,Protect|Jolly||M|||50|]Sinistcha||ColburBerry|Hospitality|MatchaGotcha,TrickRoom,RagePowder,LifeDew|Calm|||||50|]Kingambit||ChopleBerry|Defiant|IronHead,KowtowCleave,SuckerPunch,LowKick|Adamant||M|||50|]Sylveon||FairyFeather|Pixilate|HyperBeam,HyperVoice,QuickAttack,Detect|Modest||M|||50|]Whimsicott||FocusSash|Prankster|Moonblast,Tailwind,Encore,Protect|Timid||M|||50|\n|showteam|p2|Camerupt||Cameruptite|SolidRock|Eruption,EarthPower,AncientPower,Protect|Quiet||M|||50|]Farigiraf||SitrusBerry|ArmorTail|TwinBeam,Thunderbolt,TrickRoom,Protect|Relaxed||F|||50|]Sinistcha||ColburBerry|Hospitality|MatchaGotcha,LifeDew,TrickRoom,RagePowder|Calm|||||50|]Crabominable||Crabominite|HyperCutter|DrainPunch,IceHammer,MachPunch,Protect|Brave||F|||50|]Primarina||LifeOrb|LiquidVoice|HyperVoice,Moonblast,Psychic,Protect|Modest||F|||50|]Sableye||LightClay|Prankster|LightScreen,Reflect,SunnyDay,Quash|Bold||M|||50|\n|\n|t:|1788319101\n|teamsize|p1|4\n|teamsize|p2|4\n|start\n|switch|p1a: Garchomp|Garchomp, L50, M|100/100\n|switch|p1b: Kingambit|Kingambit, L50, M|100/100\n|switch|p2a: Camerupt|Camerupt, L50, M|100/100\n|switch|p2b: Farigiraf|Farigiraf, L50, F|100/100\n|turn|1\n|\n|t:|1788319120\n|detailschange|p2a: Camerupt|Camerupt-Mega, L50, M\n|-mega|p2a: Camerupt|Camerupt|Cameruptite\n|move|p2b: Farigiraf|Protect|p2b: Farigiraf\n|-singleturn|p2b: Farigiraf|Protect\n|move|p1a: Garchomp|Rock Slide|p2b: Farigiraf|[spread] p2a\n|-activate|p2b: Farigiraf|move: Protect\n|-damage|p2a: Camerupt|74/100\n|-damage|p1a: Garchomp|90/100|[from] item: Life Orb\n|move|p1b: Kingambit|Kowtow Cleave|p2b: Farigiraf\n|-activate|p2b: Farigiraf|move: Protect\n|cant|p2a: Camerupt|flinch\n|\n|upkeep\n|turn|2\n|c|☆Olimario98|FLINCH\n|c|☆Olimario98|YES\n|\n|t:|1788319137\n|switch|p2b: Sinistcha|Sinistcha, L50|100/100\n|-heal|p2a: Camerupt|99/100|[from] ability: Hospitality|[of] p2b: Sinistcha\n|move|p1a: Garchomp|Rock Slide|p2b: Sinistcha|[spread] p2a,p2b\n|-damage|p2a: Camerupt|75/100\n|-damage|p2b: Sinistcha|76/100\n|-damage|p1a: Garchomp|80/100|[from] item: Life Orb\n|move|p1b: Kingambit|Kowtow Cleave|p2b: Sinistcha\n|-supereffective|p2b: Sinistcha|1\n|-enditem|p2b: Sinistcha|Colbur Berry|[eat]\n|-enditem|p2b: Sinistcha|Colbur Berry|[weaken]\n|-damage|p2b: Sinistcha|35/100\n|cant|p2a: Camerupt|flinch\n|\n|upkeep\n|turn|3\n|c|☆Dangeraffe_01|...\n|c|☆Olimario98|no way\n|\n|t:|1788319162\n|switch|p2b: Crabominable|Crabominable, L50, F|100/100\n|move|p1a: Garchomp|Rock Slide|p2a: Camerupt|[spread] p2b\n|-miss|p1a: Garchomp|p2a: Camerupt\n|-damage|p2b: Crabominable|71/100\n|-damage|p1a: Garchomp|70/100|[from] item: Life Orb\n|move|p1b: Kingambit|Kowtow Cleave|p2b: Crabominable\n|-resisted|p2b: Crabominable|1\n|-damage|p2b: Crabominable|44/100\n|move|p2a: Camerupt|Earth Power|p1b: Kingambit\n|-supereffective|p1b: Kingambit|1\n|-damage|p1b: Kingambit|0 fnt\n|faint|p1b: Kingambit\n|\n|upkeep\n|\n|t:|1788319179\n|switch|p1b: Eelektross|Eelektross, L50, M|100/100\n|turn|4\n|\n|t:|1788319196\n|detailschange|p1b: Eelektross|Eelektross-Mega, L50, M\n|-mega|p1b: Eelektross|Eelektross|Eelektrossite\n|move|p2a: Camerupt|Protect|p2a: Camerupt\n|-singleturn|p2a: Camerupt|Protect\n|move|p1a: Garchomp|Earthquake|p2a: Camerupt|[spread] p2b\n|-activate|p2a: Camerupt|move: Protect\n|-immune|p1b: Eelektross|[from] ability: Eelevate\n|-damage|p2b: Crabominable|0 fnt\n|faint|p2b: Crabominable\n|-damage|p1a: Garchomp|61/100|[from] item: Life Orb\n|move|p1b: Eelektross|Discharge|p2a: Camerupt|[spread] \n|-activate|p2a: Camerupt|move: Protect\n|-immune|p1a: Garchomp\n|\n|upkeep\n|\n|t:|1788319211\n|switch|p2b: Farigiraf|Farigiraf, L50, F|100/100\n|turn|5\n|\n|t:|1788319231\n|move|p1a: Garchomp|Earthquake|p2b: Farigiraf|[spread] p2a,p2b\n|-immune|p1b: Eelektross|[from] ability: Eelevate\n|-supereffective|p2a: Camerupt|1\n|-damage|p2a: Camerupt|0 fnt\n|-damage|p2b: Farigiraf|61/100\n|faint|p2a: Camerupt\n|-damage|p1a: Garchomp|51/100|[from] item: Life Orb\n|move|p1b: Eelektross|Dragon Pulse|p2b: Farigiraf\n|-damage|p2b: Farigiraf|31/100\n|-enditem|p2b: Farigiraf|Sitrus Berry|[eat]\n|-heal|p2b: Farigiraf|55/100|[from] item: Sitrus Berry\n|move|p2b: Farigiraf|Trick Room|p2b: Farigiraf\n|-fieldstart|move: Trick Room|[of] p2b: Farigiraf\n|\n|upkeep\n|\n|t:|1788319243\n|switch|p2a: Sinistcha|Sinistcha, L50|35/100\n|-heal|p2b: Farigiraf|80/100|[from] ability: Hospitality|[of] p2a: Sinistcha\n|turn|6\n|\n|t:|1788319260\n|move|p2b: Farigiraf|Twin Beam|p1b: Eelektross\n|-damage|p1b: Eelektross|82/100\n|-damage|p1b: Eelektross|66/100\n|-hitcount|p1b: Eelektross|2\n|move|p2a: Sinistcha|Matcha Gotcha|p1b: Eelektross|[spread] p1a,p1b\n|-damage|p1a: Garchomp|23/100\n|-heal|p2a: Sinistcha|50/100g|[from] drain|[of] p1a: Garchomp\n|-damage|p1b: Eelektross|41/100\n|-heal|p2a: Sinistcha|64/100|[from] drain|[of] p1b: Eelektross\n|move|p1b: Eelektross|Flamethrower|p2a: Sinistcha\n|-supereffective|p2a: Sinistcha|1\n|-damage|p2a: Sinistcha|6/100\n|move|p1a: Garchomp|Earthquake|p2a: Sinistcha|[spread] p2a,p2b\n|-immune|p1b: Eelektross|[from] ability: Eelevate\n|-resisted|p2a: Sinistcha|1\n|-damage|p2a: Sinistcha|0 fnt\n|-damage|p2b: Farigiraf|42/100\n|faint|p2a: Sinistcha\n|-damage|p1a: Garchomp|14/100|[from] item: Life Orb\n|\n|upkeep\n|turn|7\n|\n|t:|1788319293\n|move|p2b: Farigiraf|Twin Beam|p1b: Eelektross\n|-damage|p1b: Eelektross|23/100\n|-damage|p1b: Eelektross|6/100\n|-hitcount|p1b: Eelektross|2\n|move|p1b: Eelektross|Discharge|p2b: Farigiraf|[spread] p2b\n|-immune|p1a: Garchomp\n|-damage|p2b: Farigiraf|5/100\n|move|p1a: Garchomp|Dragon Claw|p2b: Farigiraf\n|-damage|p2b: Farigiraf|0 fnt\n|faint|p2b: Farigiraf\n|-damage|p1a: Garchomp|4/100|[from] item: Life Orb\n|\n|win|Olimario98\n|l|☆Dangeraffe_01\n|player|p2|\n","uploadtime":1788319316,"views":"24","formatid":"gen9championsvgc2026regmbbo3","rating":null,"private":0,"password":null}