{"id":"gen9championsvgc2026regmb-2674079580","format":"[Gen 9 Champions] VGC 2026 Reg M-B","players":["conngfan","Theredapple"],"log":"|j|☆conngfan\n|j|☆Theredapple\n|t:|1788296303\n|gametype|doubles\n|player|p1|conngfan|arven-s|1537\n|player|p2|Theredapple|2|1491\n|gen|9\n|tier|[Gen 9 Champions] VGC 2026 Reg M-B\n|rated|\n|rule|Species Clause: Limit one of each Pokémon\n|rule|Item Clause: Limit 1 of each item\n|clearpoke\n|poke|p1|Aerodactyl, L50, M|\n|poke|p1|Raichu, L50, F|\n|poke|p1|Sneasler, L50, M|\n|poke|p1|Sylveon, L50, M|\n|poke|p1|Kingambit, L50, M|\n|poke|p1|Tsareena, L50, F|\n|poke|p2|Tyranitar, L50, F|\n|poke|p2|Staraptor, L50, F|\n|poke|p2|Glimmora, L50, F|\n|poke|p2|Sinistcha, L50|\n|poke|p2|Whimsicott, L50, F|\n|poke|p2|Kingambit, L50, F|\n|teampreview|4\n|inactive|Battle timer is ON: inactive players will automatically lose when time's up. (requested by conngfan)\n|\n|t:|1788296329\n|teamsize|p1|4\n|teamsize|p2|4\n|start\n|switch|p1a: Raichu|Raichu, L50, F|100/100\n|switch|p1b: Sylveon|Sylveon, L50, M|100/100\n|switch|p2a: Whimsicott|Whimsicott, L50, F|100/100\n|switch|p2b: Glimmora|Glimmora, L50, F|100/100\n|turn|1\n|\n|t:|1788296351\n|switch|p1a: Sneasler|Sneasler, L50, M|100/100\n|move|p2a: Whimsicott|Protect|p2a: Whimsicott\n|-singleturn|p2a: Whimsicott|Protect\n|move|p2b: Glimmora|Spiky Shield|p2b: Glimmora\n|-singleturn|p2b: Glimmora|move: Protect\n|move|p1b: Sylveon|Hyper Voice|p2a: Whimsicott|[spread] \n|-activate|p2a: Whimsicott|move: Protect\n|-activate|p2b: Glimmora|move: Protect\n|\n|upkeep\n|turn|2\n|\n|t:|1788296369\n|switch|p1b: Kingambit|Kingambit, L50, M|100/100\n|detailschange|p2b: Glimmora|Glimmora-Mega, L50, F\n|-mega|p2b: Glimmora|Glimmora|Glimmoranite\n|move|p2a: Whimsicott|Tailwind|p2a: Whimsicott\n|-sidestart|p2: Theredapple|move: Tailwind\n|move|p2b: Glimmora|Sludge Bomb|p1b: Kingambit\n|-immune|p1b: Kingambit\n|move|p1a: Sneasler|Close Combat|p2b: Glimmora\n|-damage|p2b: Glimmora|38/100\n|-unboost|p1a: Sneasler|def|1\n|-unboost|p1a: Sneasler|spd|1\n|-enditem|p1a: Sneasler|White Herb\n|-clearnegativeboost|p1a: Sneasler|[silent]\n|\n|upkeep\n|turn|3\n|\n|t:|1788296386\n|switch|p2b: Tyranitar|Tyranitar, L50, F|100/100\n|-weather|Sandstorm|[from] ability: Sand Stream|[of] p2b: Tyranitar\n|move|p2a: Whimsicott|Moonblast|p1a: Sneasler\n|-damage|p1a: Sneasler|65/100\n|move|p1a: Sneasler|Dire Claw|p2a: Whimsicott\n|-supereffective|p2a: Whimsicott|2\n|-damage|p2a: Whimsicott|0 fnt\n|faint|p2a: Whimsicott\n|move|p1b: Kingambit|Swords Dance|p1b: Kingambit\n|-boost|p1b: Kingambit|atk|2\n|\n|-weather|Sandstorm|[upkeep]\n|-damage|p1a: Sneasler|59/100|[from] Sandstorm\n|upkeep\n|\n|t:|1788296399\n|switch|p2a: Kingambit|Kingambit, L50, F|100/100\n|turn|4\n|inactive|Theredapple has 30 seconds left.\n|\n|t:|1788296428\n|move|p2b: Tyranitar|Protect|p2b: Tyranitar\n|-singleturn|p2b: Tyranitar|Protect\n|move|p1a: Sneasler|Close Combat|p2a: Kingambit\n|-supereffective|p2a: Kingambit|2\n|-enditem|p2a: Kingambit|Focus Sash\n|-damage|p2a: Kingambit|1/100\n|-unboost|p1a: Sneasler|def|1\n|-unboost|p1a: Sneasler|spd|1\n|move|p2a: Kingambit|Kowtow Cleave|p1a: Sneasler\n|-resisted|p1a: Sneasler|1\n|-damage|p1a: Sneasler|1/100\n|move|p1b: Kingambit|Kowtow Cleave|p2b: Tyranitar\n|-activate|p2b: Tyranitar|move: Protect\n|\n|-weather|Sandstorm|[upkeep]\n|-damage|p1a: Sneasler|0 fnt|[from] Sandstorm\n|faint|p1a: Sneasler\n|upkeep\n|\n|t:|1788296436\n|switch|p1a: Raichu|Raichu, L50, F|100/100\n|turn|5\n|\n|t:|1788296445\n|switch|p2a: Glimmora|Glimmora-Mega, L50, F|38/100\n|detailschange|p1a: Raichu|Raichu-Mega-Y, L50, F\n|-mega|p1a: Raichu|Raichu|Raichunite Y\n|move|p1a: Raichu|Fake Out|p2b: Tyranitar\n|-resisted|p2b: Tyranitar|1\n|-damage|p2b: Tyranitar|96/100\n|cant|p2b: Tyranitar|flinch\n|move|p1b: Kingambit|Kowtow Cleave|p2a: Glimmora\n|-damage|p2a: Glimmora|0 fnt\n|faint|p2a: Glimmora\n|-damage|p1b: Kingambit|90/100|[from] item: Life Orb\n|\n|-weather|Sandstorm|[upkeep]\n|-damage|p1a: Raichu|94/100|[from] Sandstorm\n|-sideend|p2: Theredapple|move: Tailwind\n|upkeep\n|\n|t:|1788296456\n|switch|p2a: Kingambit|Kingambit, L50, F|1/100\n|turn|6\n|\n|t:|1788296464\n|move|p2b: Tyranitar|Protect|p2b: Tyranitar\n|-singleturn|p2b: Tyranitar|Protect\n|move|p1a: Raichu|Zap Cannon|p2b: Tyranitar\n|-activate|p2b: Tyranitar|move: Protect\n|move|p2a: Kingambit|Kowtow Cleave|p1a: Raichu\n|-damage|p1a: Raichu|23/100\n|move|p1b: Kingambit|Kowtow Cleave|p2a: Kingambit\n|-resisted|p2a: Kingambit|1\n|-damage|p2a: Kingambit|0 fnt\n|faint|p2a: Kingambit\n|-damage|p1b: Kingambit|80/100|[from] item: Life Orb\n|\n|-weather|Sandstorm|[upkeep]\n|-damage|p1a: Raichu|17/100|[from] Sandstorm\n|upkeep\n|turn|7\n|\n|t:|1788296475\n|move|p1a: Raichu|Zap Cannon|p2b: Tyranitar\n|-damage|p2b: Tyranitar|51/100\n|-status|p2b: Tyranitar|par\n|move|p1b: Kingambit|Kowtow Cleave|p2b: Tyranitar\n|-resisted|p2b: Tyranitar|1\n|-damage|p2b: Tyranitar|0 fnt\n|faint|p2b: Tyranitar\n|-damage|p1b: Kingambit|71/100|[from] item: Life Orb\n|\n|win|conngfan\n|raw|conngfan's rating: 1537 &rarr; <strong>1554</strong><br />(+17 for winning)\n|raw|Theredapple's rating: 1491 &rarr; <strong>1474</strong><br />(-17 for losing)\n","uploadtime":1788296475,"views":"0","formatid":"gen9championsvgc2026regmb","rating":1474,"private":0,"password":null}