{"id":"gen9championsvgc2026regmb-2674260845","format":"[Gen 9 Champions] VGC 2026 Reg M-B","players":["nerd159","blackred123永雏塔菲侠"],"log":"|j|☆nerd159\n|j|☆blackred123永雏塔菲侠\n|t:|1788325733\n|gametype|doubles\n|player|p1|nerd159|2|1765\n|player|p2|blackred123永雏塔菲侠|emma|1564\n|gen|9\n|tier|[Gen 9 Champions] VGC 2026 Reg M-B\n|rated|\n|rule|Species Clause: Limit one of each Pokémon\n|rule|Item Clause: Limit 1 of each item\n|clearpoke\n|poke|p1|Rotom-Wash, L50|\n|poke|p1|Sinistcha, L50|\n|poke|p1|Kommo-o, L50, M|\n|poke|p1|Incineroar, L50, F|\n|poke|p1|Scizor, L50, M|\n|poke|p1|Aerodactyl, L50, M|\n|poke|p2|Raichu, L50, F|\n|poke|p2|Kingambit, L50, F|\n|poke|p2|Primarina, L50, M|\n|poke|p2|Farigiraf, L50, F|\n|poke|p2|Meowscarada, L50, F|\n|poke|p2|Aerodactyl, L50, M|\n|teampreview|4\n|inactive|Battle timer is ON: inactive players will automatically lose when time's up. (requested by blackred123永雏塔菲侠)\n|inactive|blackred123永雏塔菲侠 has 60 seconds left.\n|\n|t:|1788325765\n|teamsize|p1|4\n|teamsize|p2|4\n|start\n|switch|p1a: Sinistcha|Sinistcha, L50|100/100\n|switch|p1b: Scizor|Scizor, L50, M|100/100\n|switch|p2a: Raichu|Raichu, L50, F|100/100\n|switch|p2b: Aerodactyl|Aerodactyl, L50, M|100/100\n|-ability|p2b: Aerodactyl|Unnerve\n|turn|1\n|\n|t:|1788325775\n|switch|p1a: Incineroar|Incineroar, L50, F|100/100\n|-ability|p1a: Incineroar|Intimidate|boost\n|-unboost|p2a: Raichu|atk|1\n|-unboost|p2b: Aerodactyl|atk|1\n|detailschange|p2a: Raichu|Raichu-Mega-Y, L50, F\n|-mega|p2a: Raichu|Raichu|Raichunite Y\n|detailschange|p1b: Scizor|Scizor-Mega, L50, M\n|-mega|p1b: Scizor|Scizor|Scizorite\n|move|p1b: Scizor|Protect|p1b: Scizor\n|-singleturn|p1b: Scizor|Protect\n|move|p2b: Aerodactyl|Dual Wingbeat|p1a: Incineroar\n|-damage|p1a: Incineroar|89/100\n|-damage|p1a: Incineroar|77/100\n|-hitcount|p1a: Incineroar|2\n|move|p2a: Raichu|Zap Cannon|p1a: Incineroar\n|-damage|p1a: Incineroar|29/100\n|-status|p1a: Incineroar|par\n|\n|upkeep\n|turn|2\n|\n|t:|1788325789\n|switch|p1b: Sinistcha|Sinistcha, L50|100/100\n|-heal|p1a: Incineroar|54/100 par|[from] ability: Hospitality|[of] p1b: Sinistcha\n|move|p2b: Aerodactyl|Rock Slide|p1b: Sinistcha|[spread] p1a\n|-miss|p2b: Aerodactyl|p1b: Sinistcha\n|-supereffective|p1a: Incineroar|1\n|-damage|p1a: Incineroar|27/100 par\n|move|p2a: Raichu|Zap Cannon|p1b: Sinistcha\n|-resisted|p1b: Sinistcha|1\n|-damage|p1b: Sinistcha|69/100\n|-status|p1b: Sinistcha|par\n|move|p1a: Incineroar|Parting Shot|p2a: Raichu\n|-unboost|p2a: Raichu|atk|1\n|-unboost|p2a: Raichu|spa|1\n|\n|t:|1788325802\n|switch|p1a: Scizor|Scizor-Mega, L50, M|100/100|[from] Parting Shot\n|\n|upkeep\n|turn|3\n|\n|t:|1788325811\n|move|p1a: Scizor|Protect|p1a: Scizor\n|-singleturn|p1a: Scizor|Protect\n|move|p2b: Aerodactyl|Rock Slide|p1a: Scizor|[spread] p1b\n|-activate|p1a: Scizor|move: Protect\n|-damage|p1b: Sinistcha|57/100 par\n|move|p2a: Raichu|Zap Cannon|p1a: Scizor\n|-activate|p1a: Scizor|move: Protect\n|cant|p1b: Sinistcha|par\n|\n|upkeep\n|turn|4\n|\n|t:|1788325822\n|move|p1a: Scizor|Bullet Punch|p2b: Aerodactyl\n|-supereffective|p2b: Aerodactyl|1\n|-damage|p2b: Aerodactyl|0 fnt\n|faint|p2b: Aerodactyl\n|move|p2a: Raichu|Zap Cannon|p1a: Scizor\n|-crit|p1a: Scizor\n|-damage|p1a: Scizor|0 fnt\n|faint|p1a: Scizor\n|move|p1b: Sinistcha|Trick Room|p1b: Sinistcha\n|-fieldstart|move: Trick Room|[of] p1b: Sinistcha\n|\n|upkeep\n|c|☆nerd159|Damn\n|\n|t:|1788325830\n|switch|p1a: Kommo-o|Kommo-o, L50, M|100/100\n|switch|p2b: Primarina|Primarina, L50, M|100/100\n|turn|5\n|\n|t:|1788325840\n|move|p1a: Kommo-o|Protect|p1a: Kommo-o\n|-singleturn|p1a: Kommo-o|Protect\n|move|p1b: Sinistcha|Matcha Gotcha|p2b: Primarina|[spread] p2a,p2b\n|-supereffective|p2b: Primarina|1\n|-damage|p2a: Raichu|70/100\n|-heal|p1b: Sinistcha|71/100 par|[from] drain|[of] p2a: Raichu\n|-damage|p2b: Primarina|56/100\n|-heal|p1b: Sinistcha|90/100 par|[from] drain|[of] p2b: Primarina\n|move|p2b: Primarina|Moonblast|p1a: Kommo-o\n|-activate|p1a: Kommo-o|move: Protect\n|move|p2a: Raichu|Zap Cannon|p1b: Sinistcha\n|-resisted|p1b: Sinistcha|1\n|-damage|p1b: Sinistcha|71/100 par\n|\n|upkeep\n|turn|6\n|\n|t:|1788325850\n|switch|p1a: Incineroar|Incineroar, L50, F|27/100 par\n|-ability|p1a: Incineroar|Intimidate|boost\n|-unboost|p2a: Raichu|atk|1\n|-unboost|p2b: Primarina|atk|1\n|move|p2b: Primarina|Protect|p2b: Primarina\n|-singleturn|p2b: Primarina|Protect\n|move|p1b: Sinistcha|Matcha Gotcha|p2a: Raichu|[spread] p2a\n|-activate|p2b: Primarina|move: Protect\n|-damage|p2a: Raichu|39/100\n|-heal|p1b: Sinistcha|86/100 par|[from] drain|[of] p2a: Raichu\n|move|p2a: Raichu|Focus Blast|p1b: Sinistcha\n|-immune|p1b: Sinistcha\n|\n|upkeep\n|turn|7\n|\n|t:|1788325863\n|switch|p2b: Meowscarada|Meowscarada, L50, F|100/100\n|move|p1b: Sinistcha|Matcha Gotcha|p2b: Meowscarada|[spread] p2a,p2b\n|-resisted|p2b: Meowscarada|1\n|-damage|p2a: Raichu|10/100\n|-heal|p1b: Sinistcha|100/100 par|[from] drain|[of] p2a: Raichu\n|-damage|p2b: Meowscarada|80/100\n|cant|p1a: Incineroar|par\n|move|p2a: Raichu|Zap Cannon|p1a: Incineroar\n|-damage|p1a: Incineroar|0 fnt\n|faint|p1a: Incineroar\n|\n|upkeep\n|c|☆nerd159|Damnnn\n|\n|t:|1788325872\n|switch|p1a: Kommo-o|Kommo-o, L50, M|100/100\n|turn|8\n|c|☆blackred123永雏塔菲侠|sorry\n|c|☆blackred123永雏塔菲侠|haha\n|\n|t:|1788325895\n|move|p2a: Raichu|Protect|p2a: Raichu\n|-singleturn|p2a: Raichu|Protect\n|move|p1b: Sinistcha|Matcha Gotcha|p2a: Raichu|[spread] p2b\n|-activate|p2a: Raichu|move: Protect\n|-resisted|p2b: Meowscarada|1\n|-damage|p2b: Meowscarada|62/100\n|move|p1a: Kommo-o|Clangorous Soul|p1a: Kommo-o\n|-boost|p1a: Kommo-o|atk|1\n|-boost|p1a: Kommo-o|def|1\n|-boost|p1a: Kommo-o|spa|1\n|-boost|p1a: Kommo-o|spd|1\n|-boost|p1a: Kommo-o|spe|1\n|-damage|p1a: Kommo-o|67/100\n|move|p2b: Meowscarada|Triple Axel|p1a: Kommo-o\n|-start|p2b: Meowscarada|typechange|Ice|[from] ability: Protean\n|-supereffective|p1a: Kommo-o|1\n|-damage|p1a: Kommo-o|56/100\n|-supereffective|p1a: Kommo-o|1\n|-damage|p1a: Kommo-o|32/100\n|-supereffective|p1a: Kommo-o|1\n|-damage|p1a: Kommo-o|0 fnt\n|faint|p1a: Kommo-o\n|-hitcount|p1: Kommo-o|3\n|\n|-fieldend|move: Trick Room\n|upkeep\n|turn|9\n|-message|nerd159 forfeited.\n|\n|win|blackred123永雏塔菲侠\n|raw|nerd159's rating: 1765 &rarr; <strong>1735</strong><br />(-30 for losing)\n|raw|blackred123永雏塔菲侠's rating: 1564 &rarr; <strong>1594</strong><br />(+30 for winning)\n|l|☆nerd159\n|player|p1|\n","uploadtime":1788325912,"views":"2","formatid":"gen9championsvgc2026regmb","rating":1594,"private":0,"password":null}