{"id":"gen9championsvgc2026regmbbo3-2674058490","format":"[Gen 9 Champions] VGC 2026 Reg M-B (Bo3)","players":["humania1","lokinator"],"log":"|j|☆humania1\n|j|☆lokinator\n|html|<table width=\"100%\"><tr><td align=\"left\">humania1</td><td align=\"right\">lokinator</tr><tr><td align=\"left\"><i class=\"fa fa-circle-o\"></i> <i class=\"fa fa-circle-o\"></i> </td><td align=\"right\"><i class=\"fa fa-circle-o\"></i> <i class=\"fa fa-circle\"></i> </tr></table>\n|uhtml|bestof|<h2><strong>Game 2</strong> of <a href=\"/game-bestof3-gen9championsvgc2026regmbbo3-2674056989\">a best-of-3</a></h2>\n|t:|1788293630\n|gametype|doubles\n|player|p1|humania1|266|1087\n|player|p2|lokinator|2|1183\n|gen|9\n|tier|[Gen 9 Champions] VGC 2026 Reg M-B (Bo3)\n|rated|\n|rule|Species Clause: Limit one of each Pokémon\n|rule|Item Clause: Limit 1 of each item\n|clearpoke\n|poke|p1|Blastoise, L50, F|\n|poke|p1|Delphox, L50, M, shiny|\n|poke|p1|Incineroar, L50, F|\n|poke|p1|Sinistcha, L50|\n|poke|p1|Sneasler, L50, M|\n|poke|p1|Vivillon, L50, F|\n|poke|p2|Basculegion, L50, M|\n|poke|p2|Froslass, L50, F|\n|poke|p2|Kingambit, L50, F|\n|poke|p2|Sneasler, L50, F|\n|poke|p2|Incineroar, L50, M|\n|poke|p2|Charizard, L50, F|\n|teampreview|4\n|showteam|p1|Blastoise||Blastoisinite|Torrent|Protect,ShellSmash,WaterSpout,DarkPulse|Modest||F|||50|]Delphox||Delphoxite|Blaze|Protect,HeatWave,Psyshock,NastyPlot|Timid||M|||50|]Incineroar||PasshoBerry|Intimidate|FakeOut,PartingShot,FlareBlitz,ThroatChop|Impish||F|||50|]Sinistcha||SitrusBerry|Hospitality|Protect,MatchaGotcha,TrickRoom,RagePowder|Bold|||||50|]Sneasler||FocusSash|PoisonTouch|QuickGuard,FakeOut,CloseCombat,DireClaw|Jolly||M|||50|]Vivillon||ChoiceScarf|CompoundEyes|Hurricane,SleepPowder,RagePowder,Uturn|Timid||F|||50|\n|showteam|p2|Basculegion||ChoiceScarf|Adaptability|LastRespects,WaveCrash,AquaJet,FlipTurn|Jolly||M|||50|]Froslass||Froslassite|SnowCloak|AuroraVeil,ShadowBall,Protect,Blizzard|Timid||F|||50|]Kingambit||LifeOrb|Defiant|KowtowCleave,SuckerPunch,LowKick,IronHead|Adamant||F|||50|]Sneasler||WhiteHerb|Unburden|Protect,DireClaw,FakeOut,CloseCombat|Jolly||F|||50|]Incineroar||SitrusBerry|Intimidate|PartingShot,FakeOut,WillOWisp,FlareBlitz|Careful||M|||50|]Charizard||CharizarditeY|Blaze|SolarBeam,Protect,HeatWave,AncientPower|Timid||F|||50|\n|inactive|Battle timer is ON: inactive players will automatically lose when time's up. (requested by humania1)\n|\n|t:|1788293649\n|teamsize|p1|4\n|teamsize|p2|4\n|start\n|switch|p1a: Blastoise|Blastoise, L50, F|100/100\n|switch|p1b: Incineroar|Incineroar, L50, F|100/100\n|switch|p2a: Charizard|Charizard, L50, F|100/100\n|switch|p2b: Basculegion|Basculegion, L50, M|100/100\n|-ability|p1b: Incineroar|Intimidate|boost\n|-unboost|p2a: Charizard|atk|1\n|-unboost|p2b: Basculegion|atk|1\n|turn|1\n|\n|t:|1788293669\n|detailschange|p1a: Blastoise|Blastoise-Mega, L50, F\n|-mega|p1a: Blastoise|Blastoise|Blastoisinite\n|move|p2a: Charizard|Protect|p2a: Charizard\n|-singleturn|p2a: Charizard|Protect\n|move|p2b: Basculegion|Flip Turn|p1b: Incineroar\n|-supereffective|p1b: Incineroar|1\n|-enditem|p1b: Incineroar|Passho Berry|[eat]\n|-enditem|p1b: Incineroar|Passho Berry|[weaken]\n|-damage|p1b: Incineroar|81/100\n|\n|t:|1788293676\n|switch|p2b: Kingambit|Kingambit, L50, F|100/100|[from] Flip Turn\n|move|p1a: Blastoise|Water Spout|p2a: Charizard|[spread] p2b\n|-activate|p2a: Charizard|move: Protect\n|-damage|p2b: Kingambit|35/100\n|move|p1b: Incineroar|Throat Chop|p2b: Kingambit\n|-resisted|p2b: Kingambit|1\n|-damage|p2b: Kingambit|23/100\n|-start|p2b: Kingambit|Throat Chop|[silent]\n|\n|upkeep\n|turn|2\n|\n|t:|1788293699\n|switch|p2b: Incineroar|Incineroar, L50, M|100/100\n|-ability|p2b: Incineroar|Intimidate|boost\n|-unboost|p1a: Blastoise|atk|1\n|-unboost|p1b: Incineroar|atk|1\n|detailschange|p2a: Charizard|Charizard-Mega-Y, L50, F\n|-mega|p2a: Charizard|Charizard|Charizardite Y\n|-weather|SunnyDay|[from] ability: Drought|[of] p2a: Charizard\n|move|p2a: Charizard|Ancient Power|p1b: Incineroar\n|-supereffective|p1b: Incineroar|1\n|-damage|p1b: Incineroar|35/100\n|move|p1a: Blastoise|Water Spout|p2b: Incineroar|[spread] p2a,p2b\n|-supereffective|p2a: Charizard|1\n|-supereffective|p2b: Incineroar|1\n|-damage|p2a: Charizard|40/100\n|-damage|p2b: Incineroar|57/100\n|move|p1b: Incineroar|Flare Blitz|p2b: Incineroar\n|-resisted|p2b: Incineroar|1\n|-damage|p2b: Incineroar|34/100\n|-enditem|p2b: Incineroar|Sitrus Berry|[eat]\n|-heal|p2b: Incineroar|58/100|[from] item: Sitrus Berry\n|-damage|p1b: Incineroar|27/100|[from] Recoil\n|\n|-weather|SunnyDay|[upkeep]\n|upkeep\n|turn|3\n|inactive|lokinator has 30 seconds left.\n|\n|t:|1788293724\n|move|p2b: Incineroar|Fake Out|p1a: Blastoise\n|-damage|p1a: Blastoise|88/100\n|move|p2a: Charizard|Ancient Power|p1b: Incineroar\n|-supereffective|p1b: Incineroar|1\n|-damage|p1b: Incineroar|0 fnt\n|faint|p1b: Incineroar\n|cant|p1a: Blastoise|flinch\n|\n|-weather|SunnyDay|[upkeep]\n|upkeep\n|\n|t:|1788293725\n|switch|p1b: Sinistcha|Sinistcha, L50|100/100\n|-heal|p1a: Blastoise|100/100|[from] ability: Hospitality|[of] p1b: Sinistcha\n|turn|4\n|\n|t:|1788293748\n|switch|p2b: Kingambit|Kingambit, L50, F|23/100\n|move|p1b: Sinistcha|Protect|p1b: Sinistcha\n|-singleturn|p1b: Sinistcha|Protect\n|move|p2a: Charizard|Heat Wave|p1b: Sinistcha|[spread] p1a\n|-activate|p1b: Sinistcha|move: Protect\n|-resisted|p1a: Blastoise|1\n|-damage|p1a: Blastoise|69/100\n|move|p1a: Blastoise|Water Spout|p2b: Kingambit|[spread] p2a,p2b\n|-supereffective|p2a: Charizard|1\n|-damage|p2a: Charizard|0 fnt\n|-damage|p2b: Kingambit|4/100\n|faint|p2a: Charizard\n|\n|-weather|SunnyDay|[upkeep]\n|upkeep\n|\n|t:|1788293763\n|switch|p2a: Incineroar|Incineroar, L50, M|58/100\n|-ability|p2a: Incineroar|Intimidate|boost\n|-unboost|p1a: Blastoise|atk|1\n|-unboost|p1b: Sinistcha|atk|1\n|turn|5\n|\n|t:|1788293781\n|move|p2b: Kingambit|Sucker Punch|p1a: Blastoise\n|-damage|p1a: Blastoise|13/100\n|-damage|p2b: Kingambit|0 fnt|[from] item: Life Orb\n|faint|p2b: Kingambit\n|move|p1a: Blastoise|Dark Pulse|p2a: Incineroar\n|-resisted|p2a: Incineroar|1\n|-damage|p2a: Incineroar|42/100\n|move|p1b: Sinistcha|Matcha Gotcha|p2a: Incineroar\n|-resisted|p2a: Incineroar|1\n|-damage|p2a: Incineroar|31/100\n|move|p2a: Incineroar|Flare Blitz|p1b: Sinistcha\n|-supereffective|p1b: Sinistcha|1\n|-damage|p1b: Sinistcha|0 fnt\n|faint|p1b: Sinistcha\n|-damage|p2a: Incineroar|2/100|[from] Recoil\n|\n|-weather|SunnyDay|[upkeep]\n|upkeep\n|\n|t:|1788293797\n|switch|p1b: Sneasler|Sneasler, L50, M|100/100\n|switch|p2b: Basculegion|Basculegion, L50, M|100/100\n|turn|6\n|\n|t:|1788293811\n|move|p1a: Blastoise|Protect|p1a: Blastoise\n|-singleturn|p1a: Blastoise|Protect\n|move|p2b: Basculegion|Last Respects|p1a: Blastoise\n|-activate|p1a: Blastoise|move: Protect\n|move|p1b: Sneasler|Close Combat|p2a: Incineroar\n|-supereffective|p2a: Incineroar|1\n|-damage|p2a: Incineroar|0 fnt\n|-unboost|p1b: Sneasler|def|1\n|-unboost|p1b: Sneasler|spd|1\n|faint|p2a: Incineroar\n|\n|-weather|none\n|upkeep\n|turn|7\n|\n|t:|1788293822\n|move|p1b: Sneasler|Quick Guard|p1b: Sneasler\n|-singleturn|p1b: Sneasler|Quick Guard\n|move|p2b: Basculegion|Last Respects|p1a: Blastoise\n|-damage|p1a: Blastoise|0 fnt\n|faint|p1a: Blastoise\n|\n|upkeep\n|turn|8\n|\n|t:|1788293829\n|move|p1b: Sneasler|Quick Guard|p1b: Sneasler\n|-singleturn|p1b: Sneasler|Quick Guard\n|move|p2b: Basculegion|Last Respects|p1b: Sneasler\n|-enditem|p1b: Sneasler|Focus Sash\n|-damage|p1b: Sneasler|1/100\n|\n|upkeep\n|turn|9\n|c|☆lokinator|?\n|\n|t:|1788293836\n|move|p1b: Sneasler|Quick Guard|p1b: Sneasler\n|-singleturn|p1b: Sneasler|Quick Guard\n|move|p2b: Basculegion|Last Respects|p1b: Sneasler\n|-damage|p1b: Sneasler|0 fnt\n|faint|p1b: Sneasler\n|\n|win|lokinator\n|raw|humania1's rating: 1087 &rarr; <strong>1072</strong><br />(-15 for losing)\n|raw|lokinator's rating: 1216 &rarr; <strong>1232</strong><br />(+16 for winning)\n","uploadtime":1788293836,"views":"4","formatid":"gen9championsvgc2026regmbbo3","rating":1072,"private":0,"password":null}