{"id":"gen9championsvgc2026regmb-2674277712","format":"[Gen 9 Champions] VGC 2026 Reg M-B","players":["volanaro","zedsssss"],"log":"|j|☆volanaro\n|j|☆zedsssss\n|t:|1788329812\n|gametype|doubles\n|player|p1|volanaro|proton|1160\n|player|p2|zedsssss|juan|1163\n|gen|9\n|tier|[Gen 9 Champions] VGC 2026 Reg M-B\n|rated|\n|rule|Species Clause: Limit one of each Pokémon\n|rule|Item Clause: Limit 1 of each item\n|clearpoke\n|poke|p1|Meganium, L50, F|\n|poke|p1|Garchomp, L50, M|\n|poke|p1|Aerodactyl, L50, M|\n|poke|p1|Gardevoir, L50, F|\n|poke|p1|Farigiraf, L50, F|\n|poke|p1|Incineroar, L50, M|\n|poke|p2|Infernape, L50, F|\n|poke|p2|Delphox, L50, F|\n|poke|p2|Meowstic, L50, M|\n|poke|p2|Garchomp, L50, F|\n|poke|p2|Farigiraf, L50, M|\n|poke|p2|Mawile, L50, F|\n|teampreview|4\n|inactive|Battle timer is ON: inactive players will automatically lose when time's up. (requested by volanaro)\n|\n|t:|1788329834\n|teamsize|p1|4\n|teamsize|p2|4\n|start\n|switch|p1a: Aerodactyl|Aerodactyl, L50, M|100/100\n|switch|p1b: Farigiraf|Farigiraf, L50, F|100/100\n|switch|p2a: Infernape|Infernape, L50, F|100/100\n|switch|p2b: Garchomp|Garchomp, L50, F|100/100\n|-ability|p1a: Aerodactyl|Unnerve\n|turn|1\n|inactive|zedsssss has 30 seconds left.\n|\n|t:|1788329860\n|move|p1a: Aerodactyl|Dual Wingbeat|p2a: Infernape\n|-supereffective|p2a: Infernape|1\n|-damage|p2a: Infernape|47/100\n|-supereffective|p2a: Infernape|1\n|-damage|p2a: Infernape|0 fnt\n|faint|p2a: Infernape\n|-hitcount|p2: Infernape|2\n|move|p2b: Garchomp|Rock Slide|p1a: Aerodactyl|[spread] p1a\n|-miss|p2b: Garchomp|p1b: Farigiraf\n|-supereffective|p1a: Aerodactyl|1\n|-damage|p1a: Aerodactyl|19/100\n|-damage|p2b: Garchomp|90/100|[from] item: Life Orb\n|move|p1b: Farigiraf|Dazzling Gleam|p2b: Garchomp\n|-supereffective|p2b: Garchomp|1\n|-damage|p2b: Garchomp|42/100\n|\n|upkeep\n|\n|t:|1788329868\n|switch|p2a: Farigiraf|Farigiraf, L50, M|100/100\n|turn|2\n|\n|t:|1788329889\n|move|p2b: Garchomp|Protect|p2b: Garchomp\n|-singleturn|p2b: Garchomp|Protect\n|move|p1a: Aerodactyl|Tailwind|p1a: Aerodactyl\n|-sidestart|p1: volanaro|move: Tailwind\n|move|p1b: Farigiraf|Imprison|p1b: Farigiraf\n|-start|p1b: Farigiraf|move: Imprison\n|move|p2a: Farigiraf|Hyper Voice|p1b: Farigiraf|[spread] p1a,p1b\n|-resisted|p1a: Aerodactyl|1\n|-damage|p1a: Aerodactyl|1/100\n|-damage|p1b: Farigiraf|77/100\n|\n|upkeep\n|turn|3\n|\n|t:|1788329911\n|move|p1a: Aerodactyl|Dual Wingbeat|p2a: Farigiraf|[miss]\n|-miss|p1a: Aerodactyl|p2a: Farigiraf\n|move|p2b: Garchomp|Rock Slide|p1a: Aerodactyl|[spread] p1a,p1b\n|-supereffective|p1a: Aerodactyl|1\n|-damage|p1a: Aerodactyl|0 fnt\n|-damage|p1b: Farigiraf|58/100\n|faint|p1a: Aerodactyl\n|-damage|p2b: Garchomp|32/100|[from] item: Life Orb\n|move|p1b: Farigiraf|Dazzling Gleam|p2b: Garchomp|[spread] p2a,p2b\n|-supereffective|p2b: Garchomp|1\n|-damage|p2a: Farigiraf|88/100\n|-damage|p2b: Garchomp|0 fnt\n|faint|p2b: Garchomp\n|move|p2a: Farigiraf|Hyper Voice|p1b: Farigiraf\n|-damage|p1b: Farigiraf|25/100\n|\n|upkeep\n|inactive|volanaro has 30 seconds left.\n|\n|t:|1788329938\n|switch|p1a: Gardevoir|Gardevoir, L50, F|100/100\n|switch|p2b: Mawile|Mawile, L50, F|100/100\n|-ability|p2b: Mawile|Intimidate|boost\n|-unboost|p1a: Gardevoir|atk|1\n|-unboost|p1b: Farigiraf|atk|1\n|turn|4\n|\n|t:|1788329958\n|detailschange|p2b: Mawile|Mawile-Mega, L50, F\n|-mega|p2b: Mawile|Mawile|Mawilite\n|move|p2a: Farigiraf|Protect|p2a: Farigiraf\n|-singleturn|p2a: Farigiraf|Protect\n|move|p1a: Gardevoir|Icy Wind|p2b: Mawile|[spread] p2b\n|-activate|p2a: Farigiraf|move: Protect\n|-resisted|p2b: Mawile|1\n|-damage|p2b: Mawile|92/100\n|-unboost|p2b: Mawile|spe|1\n|move|p1b: Farigiraf|Dazzling Gleam|p2b: Mawile|[spread] p2b\n|-activate|p2a: Farigiraf|move: Protect\n|-resisted|p2b: Mawile|1\n|-damage|p2b: Mawile|84/100\n|move|p2b: Mawile|Iron Head|p1a: Gardevoir\n|-supereffective|p1a: Gardevoir|1\n|-damage|p1a: Gardevoir|0 fnt\n|faint|p1a: Gardevoir\n|\n|upkeep\n|\n|t:|1788329975\n|switch|p1a: Incineroar|Incineroar, L50, M|100/100\n|-ability|p1a: Incineroar|Intimidate|boost\n|-unboost|p2a: Farigiraf|atk|1\n|-unboost|p2b: Mawile|atk|1\n|turn|5\n|\n|t:|1788329989\n|move|p2b: Mawile|Protect|p2b: Mawile\n|-singleturn|p2b: Mawile|Protect\n|move|p1a: Incineroar|Flare Blitz|p2b: Mawile\n|-activate|p2b: Mawile|move: Protect\n|move|p1b: Farigiraf|Dazzling Gleam|p2a: Farigiraf|[spread] p2a\n|-activate|p2b: Mawile|move: Protect\n|-damage|p2a: Farigiraf|77/100\n|move|p2a: Farigiraf|Hyper Voice|p1b: Farigiraf|[spread] p1a,p1b\n|-damage|p1a: Incineroar|79/100\n|-damage|p1b: Farigiraf|0 fnt\n|faint|p1b: Farigiraf\n|\n|-sideend|p1: volanaro|move: Tailwind\n|upkeep\n|turn|6\n|\n|t:|1788330007\n|move|p2a: Farigiraf|Ally Switch|p2a: Farigiraf\n|swap|p2a: Farigiraf|1|[from] move: Ally Switch\n|move|p1a: Incineroar|Flare Blitz|p2b: Farigiraf\n|-damage|p2b: Farigiraf|25/100\n|-enditem|p2b: Farigiraf|Sitrus Berry|[eat]\n|-heal|p2b: Farigiraf|49/100|[from] item: Sitrus Berry\n|-damage|p1a: Incineroar|59/100|[from] Recoil\n|move|p2a: Mawile|Rock Slide|p1a: Incineroar\n|-supereffective|p1a: Incineroar|1\n|-crit|p1a: Incineroar\n|-damage|p1a: Incineroar|0 fnt\n|faint|p1a: Incineroar\n|\n|win|zedsssss\n|raw|volanaro's rating: 1160 &rarr; <strong>1135</strong><br />(-25 for losing)\n|raw|zedsssss's rating: 1163 &rarr; <strong>1188</strong><br />(+25 for winning)\n|l|☆volanaro\n|player|p1|\n","uploadtime":1788330030,"views":"10","formatid":"gen9championsvgc2026regmb","rating":1135,"private":0,"password":null}