{"id":"gen9championsvgc2026regmb-2673925221","format":"[Gen 9 Champions] VGC 2026 Reg M-B","players":["tung cubed","IronSerpentFan"],"log":"|j|☆tung cubed\n|j|☆IronSerpentFan\n|html|<table width=\"100%\"><tr><td align=\"left\">tung cubed</td><td align=\"right\">IronSerpentFan</tr><tr><td align=\"left\"><i class=\"fa fa-circle-o\"></i> <i class=\"fa fa-circle-o\"></i> </td><td align=\"right\"><i class=\"fa fa-circle-o\"></i> <i class=\"fa fa-circle\"></i> </tr></table>\n|uhtml|bestof|<h2><strong>Game 2</strong> of <a href=\"/game-bestof3-gen9championsvgc2026regmb-2673922513\">a best-of-3</a></h2>\n|t:|1788277831\n|gametype|doubles\n|player|p1|tung cubed|skyla|\n|player|p2|IronSerpentFan|schoolkid-gen4|\n|gen|9\n|tier|[Gen 9 Champions] VGC 2026 Reg M-B\n|rated|Tournament battle\n|rule|Species Clause: Limit one of each Pokémon\n|rule|Item Clause: Limit 1 of each item\n|raw|<div class=\"infobox\"><details class=\"readmore\" open><summary><strong>2 custom rules:</strong></summary> Force Open Team Sheets, Best of = 3</details></div>\n|clearpoke\n|poke|p1|Floette-Eternal, L50, F|\n|poke|p1|Charizard, L50, F|\n|poke|p1|Kingambit, L50, M|\n|poke|p1|Whimsicott, L50, M|\n|poke|p1|Basculegion, L50, M|\n|poke|p1|Garchomp, L50, M|\n|poke|p2|Raichu, L50, M|\n|poke|p2|Gengar, L50, M|\n|poke|p2|Politoed, L50, M|\n|poke|p2|Incineroar, L50, M|\n|poke|p2|Sinistcha, L50|\n|poke|p2|Palafin, L50, F|\n|teampreview|4\n|showteam|p1|Floette-Eternal||Floettite|FlowerVeil|Protect,LightofRuin,Moonblast,DazzlingGleam|Timid||F|||50|]Charizard||CharizarditeY|Blaze|SolarBeam,HeatWave,WeatherBall,Protect|Modest||F|||50|]Kingambit||BlackGlasses|Defiant|IronHead,Protect,KowtowCleave,SuckerPunch|Adamant||M|||50|]Whimsicott||FocusSash|Prankster|Moonblast,Tailwind,Encore,Protect|Timid||M|||50|]Basculegion||MysticWater|Adaptability|WaveCrash,Protect,LastRespects,AquaJet|Adamant||M|||50|]Garchomp||LifeOrb|RoughSkin|Earthquake,RockSlide,Protect,DragonClaw|Jolly||M|||50|\n|showteam|p2|Raichu||RaichuniteY|LightningRod|Protect,Thunder,Electroweb,FocusBlast|Timid||M|||50|]Gengar||Gengarite|CursedBody|Protect,Disable,ShadowBall,SludgeBomb|Timid||M|||50|]Politoed||SitrusBerry|Drizzle|Protect,Encore,WeatherBall,PerishSong|Calm||M|||50|]Incineroar||PasshoBerry|Intimidate|Protect,FakeOut,ThroatChop,PartingShot|Sassy||M|||50|]Sinistcha||ColburBerry|Hospitality|Protect,RagePowder,MatchaGotcha,TrickRoom|Sassy|||||50|]Palafin||MysticWater|ZerotoHero|Protect,WaveCrash,JetPunch,CloseCombat|Jolly||F|||50|\n|inactive|Battle timer is ON: inactive players will automatically lose when time's up. (requested by tung cubed)\n|inactive|IronSerpentFan also wants the timer to be on.\n|c|☆IronSerpentFan|idk how i won\n|c|☆IronSerpentFan|glhf\n|inactive|IronSerpentFan has 60 seconds left.\n|\n|t:|1788277877\n|teamsize|p1|4\n|teamsize|p2|4\n|start\n|switch|p1a: Charizard|Charizard, L50, F|100/100\n|switch|p1b: Garchomp|Garchomp, L50, M|100/100\n|switch|p2a: Palafin|Palafin, L50, F|100/100\n|switch|p2b: Raichu|Raichu, L50, M|100/100\n|turn|1\n|\n|t:|1788277891\n|detailschange|p2b: Raichu|Raichu-Mega-Y, L50, M\n|-mega|p2b: Raichu|Raichu|Raichunite Y\n|move|p2b: Raichu|Protect|p2b: Raichu\n|-singleturn|p2b: Raichu|Protect\n|move|p2a: Palafin|Protect|p2a: Palafin\n|-singleturn|p2a: Palafin|Protect\n|move|p1a: Charizard|Protect|p1a: Charizard\n|-singleturn|p1a: Charizard|Protect\n|move|p1b: Garchomp|Earthquake|p2a: Palafin|[spread] \n|-activate|p1a: Charizard|move: Protect\n|-activate|p2a: Palafin|move: Protect\n|-activate|p2b: Raichu|move: Protect\n|\n|upkeep\n|turn|2\n|l|☆tung cubed\n|inactive|tung cubed disconnected and has a minute to reconnect!\n|player|p1|\n|j|☆tung cubed\n|inactive|tung cubed reconnected.\n|player|p1|tung cubed|skyla|\n|inactive|IronSerpentFan has 30 seconds left.\n|inactive|IronSerpentFan has 20 seconds left.\n|inactive|IronSerpentFan has 15 seconds left.\n|inactive|IronSerpentFan has 10 seconds left.\n|inactive|IronSerpentFan has 5 seconds left.\n|\n|t:|1788277944\n|detailschange|p2a: Palafin|Palafin-Hero, L50, F\n|switch|p2a: Sinistcha|Sinistcha, L50|100/100\n|switch|p1a: Whimsicott|Whimsicott, L50, M|100/100\n|move|p2b: Raichu|Thunder|p1a: Whimsicott\n|-resisted|p1a: Whimsicott|1\n|-damage|p1a: Whimsicott|46/100\n|move|p1b: Garchomp|Earthquake|p2a: Sinistcha|[spread] p1a,p2a,p2b\n|-resisted|p1a: Whimsicott|1\n|-resisted|p2a: Sinistcha|1\n|-supereffective|p2b: Raichu|1\n|-damage|p1a: Whimsicott|10/100\n|-damage|p2a: Sinistcha|77/100\n|-damage|p2b: Raichu|0 fnt\n|faint|p2b: Raichu\n|-damage|p1b: Garchomp|90/100|[from] item: Life Orb\n|\n|upkeep\n|\n|t:|1788277953\n|switch|p2b: Palafin|Palafin-Hero, L50, F|100/100\n|-activate|p2b: Palafin|ability: Zero to Hero\n|turn|3\n|j| nerizzler\n|\n|t:|1788277971\n|move|p1b: Garchomp|Protect|p1b: Garchomp\n|-singleturn|p1b: Garchomp|Protect\n|move|p2b: Palafin|Jet Punch|p1a: Whimsicott\n|-resisted|p1a: Whimsicott|1\n|-damage|p1a: Whimsicott|0 fnt\n|faint|p1a: Whimsicott\n|move|p2a: Sinistcha|Trick Room|p2a: Sinistcha\n|-fieldstart|move: Trick Room|[of] p2a: Sinistcha\n|\n|upkeep\n|\n|t:|1788277977\n|switch|p1a: Charizard|Charizard, L50, F|100/100\n|turn|4\n|\n|t:|1788277986\n|detailschange|p1a: Charizard|Charizard-Mega-Y, L50, F\n|-mega|p1a: Charizard|Charizard|Charizardite Y\n|-weather|SunnyDay|[from] ability: Drought|[of] p1a: Charizard\n|move|p2a: Sinistcha|Protect|p2a: Sinistcha\n|-singleturn|p2a: Sinistcha|Protect\n|move|p2b: Palafin|Protect|p2b: Palafin\n|-singleturn|p2b: Palafin|Protect\n|move|p1a: Charizard|Heat Wave|p2b: Palafin|[spread] \n|-activate|p2a: Sinistcha|move: Protect\n|-activate|p2b: Palafin|move: Protect\n|move|p1b: Garchomp|Earthquake|p2b: Palafin|[spread] \n|-activate|p2a: Sinistcha|move: Protect\n|-activate|p2b: Palafin|move: Protect\n|-immune|p1a: Charizard\n|\n|-weather|SunnyDay|[upkeep]\n|upkeep\n|turn|5\n|\n|t:|1788278001\n|switch|p2a: Politoed|Politoed, L50, M|100/100\n|-weather|RainDance|[from] ability: Drizzle|[of] p2a: Politoed\n|switch|p1a: Basculegion|Basculegion, L50, M|100/100\n|move|p2b: Palafin|Wave Crash|p1b: Garchomp\n|-damage|p1b: Garchomp|0 fnt\n|-damage|p2b: Palafin|87/100|[from] ability: Rough Skin|[of] p1b: Garchomp\n|faint|p1b: Garchomp\n|-damage|p2b: Palafin|56/100|[from] Recoil\n|\n|-weather|RainDance|[upkeep]\n|upkeep\n|\n|t:|1788278011\n|switch|p1b: Charizard|Charizard-Mega-Y, L50, F|100/100\n|-weather|SunnyDay|[from] ability: Drought|[of] p1b: Charizard\n|turn|6\n|j| busterbunner\n|\n|t:|1788278026\n|move|p2a: Politoed|Perish Song|p2a: Politoed\n|-start|p1a: Basculegion|perish3|[silent]\n|-start|p1b: Charizard|perish3|[silent]\n|-start|p2a: Politoed|perish3|[silent]\n|-start|p2b: Palafin|perish3|[silent]\n|-fieldactivate|move: Perish Song\n|move|p1a: Basculegion|Last Respects|p2a: Politoed\n|-damage|p2a: Politoed|0 fnt\n|faint|p2a: Politoed\n|move|p1b: Charizard|Solar Beam||[still]\n|-prepare|p1b: Charizard|Solar Beam\n|-anim|p1b: Charizard|Solar Beam|p2b: Palafin\n|-supereffective|p2b: Palafin|1\n|-damage|p2b: Palafin|0 fnt\n|faint|p2b: Palafin\n|\n|-weather|SunnyDay|[upkeep]\n|-start|p1a: Basculegion|perish3\n|-start|p1b: Charizard|perish3\n|upkeep\n|\n|t:|1788278037\n|switch|p2b: Sinistcha|Sinistcha, L50|77/100\n|turn|7\n|\n|t:|1788278045\n|move|p2b: Sinistcha|Protect|p2b: Sinistcha\n|-singleturn|p2b: Sinistcha|Protect\n|move|p1a: Basculegion|Last Respects|p2b: Sinistcha\n|-activate|p2b: Sinistcha|move: Protect\n|move|p1b: Charizard|Weather Ball|p2b: Sinistcha\n|-activate|p2b: Sinistcha|move: Protect\n|\n|-weather|SunnyDay|[upkeep]\n|-start|p1a: Basculegion|perish2\n|-start|p1b: Charizard|perish2\n|-fieldend|move: Trick Room\n|upkeep\n|turn|8\n|inactive|IronSerpentFan has 30 seconds left.\n|c|☆IronSerpentFan|im jolly\n|c|☆IronSerpentFan|forgot\n|inactive|IronSerpentFan has 20 seconds left.\n|inactive|IronSerpentFan has 15 seconds left.\n|\n|t:|1788278089\n|move|p2b: Sinistcha|Protect||[still]\n|-fail|p2b: Sinistcha\n|move|p1b: Charizard|Weather Ball|p2b: Sinistcha\n|-supereffective|p2b: Sinistcha|1\n|-damage|p2b: Sinistcha|0 fnt\n|faint|p2b: Sinistcha\n|\n|win|tung cubed\n","uploadtime":1788278092,"views":"1","formatid":"gen9championsvgc2026regmb","rating":null,"private":0,"password":null}