{"id":"gen9championsvgc2026regmb-2674869080","format":"[Gen 9 Champions] VGC 2026 Reg M-B","players":["xedthehero","novalius"],"log":"|j|☆xedthehero\n|j|☆novalius\n|t:|1788425361\n|gametype|doubles\n|player|p1|xedthehero|brock|1146\n|player|p2|novalius|flannery|1149\n|gen|9\n|tier|[Gen 9 Champions] VGC 2026 Reg M-B\n|rated|\n|rule|Species Clause: Limit one of each Pokémon\n|rule|Item Clause: Limit 1 of each item\n|clearpoke\n|poke|p1|Arcanine, L50, M|\n|poke|p1|Ninetales-Alola, L50, M|\n|poke|p1|Liepard, L50, F|\n|poke|p1|Charizard, L50, M|\n|poke|p1|Venusaur, L50, F|\n|poke|p1|Basculegion, L50, M|\n|poke|p2|Staraptor, L50, F|\n|poke|p2|Heliolisk, L50, F|\n|poke|p2|Sableye, L50, F|\n|poke|p2|Whimsicott, L50, F, shiny|\n|poke|p2|Toxapex, L50, F|\n|poke|p2|Sylveon, L50, M|\n|teampreview|4\n|inactive|Battle timer is ON: inactive players will automatically lose when time's up. (requested by xedthehero)\nnovalius rejected open team sheets.\n|inactive|xedthehero has 60 seconds left.\n|inactive|xedthehero has 30 seconds left.\n|inactive|xedthehero has 20 seconds left.\n|inactive|xedthehero has 15 seconds left.\n|\n|t:|1788425438\n|teamsize|p1|4\n|teamsize|p2|4\n|start\n|switch|p1a: Alfon|Arcanine, L50, M|100/100\n|switch|p1b: Charizard|Charizard, L50, M|100/100\n|switch|p2a: Heliolisk|Heliolisk, L50, F|100/100\n|switch|p2b: Sableye|Sableye, L50, F|100/100\n|-ability|p1a: Alfon|Intimidate|boost\n|-unboost|p2a: Heliolisk|atk|1\n|-unboost|p2b: Sableye|atk|1\n|turn|1\n|\n|t:|1788425456\n|move|p1b: Charizard|Protect|p1b: Charizard\n|-singleturn|p1b: Charizard|Protect\n|move|p2b: Sableye|Fake Out|p1a: Alfon\n|-damage|p1a: Alfon|93/100\n|move|p2a: Heliolisk|Thunderbolt|p1b: Charizard\n|-activate|p1b: Charizard|move: Protect\n|cant|p1a: Alfon|flinch\n|\n|upkeep\n|turn|2\n|inactive|novalius has 30 seconds left.\n|\n|t:|1788425489\n|switch|p1b: Venusaur|Venusaur, L50, F|100/100\n|switch|p2b: Whimsicott|Whimsicott, L50, F, shiny|100/100\n|move|p2a: Heliolisk|Thunderbolt|p1b: Venusaur\n|-resisted|p1b: Venusaur|1\n|-damage|p1b: Venusaur|71/100\n|-damage|p2a: Heliolisk|90/100|[from] item: Life Orb\n|move|p1a: Alfon|Snarl|p2b: Whimsicott|[spread] p2a,p2b\n|-resisted|p2b: Whimsicott|1\n|-damage|p2a: Heliolisk|74/100\n|-damage|p2b: Whimsicott|94/100\n|-unboost|p2a: Heliolisk|spa|1\n|-unboost|p2b: Whimsicott|spa|1\n|\n|upkeep\n|turn|3\n|\n|t:|1788425505\n|switch|p2a: Staraptor|Staraptor, L50, F|100/100\n|-ability|p2a: Staraptor|Intimidate|boost\n|-unboost|p1a: Alfon|atk|1\n|-unboost|p1b: Venusaur|atk|1\n|move|p2b: Whimsicott|Encore|p1a: Alfon\n|-start|p1a: Alfon|Encore\n|move|p1a: Alfon|Snarl|p2b: Whimsicott|[spread] p2a,p2b\n|-resisted|p2b: Whimsicott|1\n|-damage|p2a: Staraptor|81/100\n|-damage|p2b: Whimsicott|88/100\n|-unboost|p2a: Staraptor|spa|1\n|-unboost|p2b: Whimsicott|spa|1\n|move|p1b: Venusaur|Earth Power|p2a: Staraptor\n|-immune|p2a: Staraptor\n|\n|upkeep\n|turn|4\n|inactive|xedthehero has 30 seconds left.\n|\n|t:|1788425533\n|switch|p1a: Charizard|Charizard, L50, M|100/100\n|detailschange|p2a: Staraptor|Staraptor-Mega, L50, F\n|-mega|p2a: Staraptor|Staraptor|Staraptite\n|move|p1b: Venusaur|Protect|p1b: Venusaur\n|-singleturn|p1b: Venusaur|Protect\n|move|p2b: Whimsicott|Encore|p1b: Venusaur\n|-activate|p1b: Venusaur|move: Protect\n|move|p2a: Staraptor|Close Combat|p1a: Charizard\n|-resisted|p1a: Charizard|1\n|-damage|p1a: Charizard|56/100\n|-boost|p2a: Staraptor|def|1\n|-boost|p2a: Staraptor|spd|1\n|\n|upkeep\n|turn|5\n|\n|t:|1788425555\n|detailschange|p1a: Charizard|Charizard-Mega-Y, L50, M\n|-mega|p1a: Charizard|Charizard|Charizardite Y\n|-weather|SunnyDay|[from] ability: Drought|[of] p1a: Charizard\n|move|p2b: Whimsicott|Charm|p2a: Staraptor\n|-boost|p2a: Staraptor|atk|2\n|move|p1b: Venusaur|Sludge Bomb|p2b: Whimsicott\n|-supereffective|p2b: Whimsicott|2\n|-damage|p2b: Whimsicott|0 fnt\n|faint|p2b: Whimsicott\n|move|p2a: Staraptor|Close Combat|p1a: Charizard\n|-resisted|p1a: Charizard|1\n|-damage|p1a: Charizard|0 fnt\n|-boost|p2a: Staraptor|def|1\n|-boost|p2a: Staraptor|spd|1\n|faint|p1a: Charizard\n|\n|-weather|SunnyDay|[upkeep]\n|upkeep\n|\n|t:|1788425572\n|switch|p1a: Basculegion|Basculegion, L50, M|100/100\n|switch|p2b: Sableye|Sableye, L50, F|100/100\n|turn|6\n|\n|t:|1788425581\n|move|p2b: Sableye|Fake Out|p1b: Venusaur\n|-damage|p1b: Venusaur|61/100\n|cant|p1b: Venusaur|flinch\n|move|p1a: Basculegion|Soak|p2a: Staraptor\n|-start|p2a: Staraptor|typechange|Water\n|move|p2a: Staraptor|Dual Wingbeat|p1a: Basculegion\n|-damage|p1a: Basculegion|63/100\n|-damage|p1a: Basculegion|26/100\n|-hitcount|p1a: Basculegion|2\n|\n|-weather|SunnyDay|[upkeep]\n|upkeep\n|turn|7\n|\n|t:|1788425601\n|move|p2b: Sableye|Encore|p1b: Venusaur\n|-start|p1b: Venusaur|Encore\n|move|p1b: Venusaur|Sludge Bomb|p2b: Sableye\n|-resisted|p2b: Sableye|1\n|-damage|p2b: Sableye|70/100\n|-status|p2b: Sableye|psn\n|move|p1a: Basculegion|Soak|p2b: Sableye\n|-start|p2b: Sableye|typechange|Water\n|move|p2a: Staraptor|Dual Wingbeat|p1a: Basculegion\n|-damage|p1a: Basculegion|0 fnt\n|faint|p1a: Basculegion\n|-hitcount|p1: Basculegion|1\n|\n|-weather|SunnyDay|[upkeep]\n|-damage|p2b: Sableye|58/100 psn|[from] psn\n|upkeep\n|\n|t:|1788425608\n|switch|p1a: Alfon|Arcanine, L50, M|93/100\n|-ability|p1a: Alfon|Intimidate|boost\n|-boost|p2a: Staraptor|atk|1\n|-unboost|p2b: Sableye|atk|1\n|turn|8\n|\n|t:|1788425622\n|move|p2b: Sableye|Quash|p1a: Alfon\n|-activate|p1a: Alfon|move: Quash\n|move|p1b: Venusaur|Sludge Bomb|p2a: Staraptor\n|-damage|p2a: Staraptor|57/100\n|-status|p2a: Staraptor|psn\n|move|p2a: Staraptor|Dual Wingbeat|p1b: Venusaur\n|-supereffective|p1b: Venusaur|1\n|-damage|p1b: Venusaur|0 fnt\n|faint|p1b: Venusaur\n|-hitcount|p1: Venusaur|1\n|move|p1a: Alfon|Will-O-Wisp||[still]\n|-fail|p1a: Alfon\n|\n|-weather|SunnyDay|[upkeep]\n|-damage|p2a: Staraptor|45/100 psn|[from] psn\n|-damage|p2b: Sableye|46/100 psn|[from] psn\n|upkeep\n|turn|9\n|\n|t:|1788425639\n|move|p2b: Sableye|Encore|p1a: Alfon\n|-start|p1a: Alfon|Encore\n|move|p2a: Staraptor|Close Combat|p1a: Alfon\n|-crit|p1a: Alfon\n|-damage|p1a: Alfon|0 fnt\n|-boost|p2a: Staraptor|def|1\n|-boost|p2a: Staraptor|spd|1\n|faint|p1a: Alfon\n|\n|win|novalius\n|raw|xedthehero's rating: 1146 &rarr; <strong>1121</strong><br />(-25 for losing)\n|raw|novalius's rating: 1149 &rarr; <strong>1174</strong><br />(+25 for winning)\n|l|☆xedthehero\n|player|p1|\n","uploadtime":1788425651,"views":"4","formatid":"gen9championsvgc2026regmb","rating":1121,"private":0,"password":null}