{"id":"gen9championsvgc2026regmbbo3-2675001158","format":"[Gen 9 Champions] VGC 2026 Reg M-B (Bo3)","players":["redfour","Bananin4"],"log":"|j|☆redfour\n|j|☆Bananin4\n|html|<table width=\"100%\"><tr><td align=\"left\">redfour</td><td align=\"right\">Bananin4</tr><tr><td align=\"left\"><i class=\"fa fa-circle\"></i> <i class=\"fa fa-circle-o\"></i> </td><td align=\"right\"><i class=\"fa fa-circle-o\"></i> <i class=\"fa fa-circle-o\"></i> </tr></table>\n|uhtml|bestof|<h2><strong>Game 2</strong> of <a href=\"/game-bestof3-gen9championsvgc2026regmbbo3-2674996331\">a best-of-3</a></h2>\n|t:|1788447272\n|gametype|doubles\n|player|p1|redfour|169|1148\n|player|p2|Bananin4|lucas-gen4pt|1181\n|gen|9\n|tier|[Gen 9 Champions] VGC 2026 Reg M-B (Bo3)\n|rated|\n|rule|Species Clause: Limit one of each Pokémon\n|rule|Item Clause: Limit 1 of each item\n|clearpoke\n|poke|p1|Charizard, L50, F|\n|poke|p1|Kingambit, L50, M|\n|poke|p1|Garchomp, L50, F|\n|poke|p1|Whimsicott, L50, M|\n|poke|p1|Sneasler, L50, F|\n|poke|p1|Basculegion, L50, M|\n|poke|p2|Delphox, L50, F, shiny|\n|poke|p2|Blastoise, L50, F|\n|poke|p2|Sinistcha, L50|\n|poke|p2|Sneasler, L50, F|\n|poke|p2|Incineroar, L50, F, shiny|\n|poke|p2|Kingambit, L50, M|\n|teampreview|4\n|showteam|p1|Charizard||CharizarditeY|Blaze|SolarBeam,WeatherBall,HeatWave,Protect|Modest||F|||50|]Kingambit||ChopleBerry|Defiant|SuckerPunch,IronHead,KowtowCleave,LowKick|Adamant||M|||50|]Garchomp||LifeOrb|RoughSkin|RockSlide,Earthquake,DragonClaw,Protect|Jolly||F|||50|]Whimsicott||FocusSash|Prankster|Encore,Moonblast,Protect,Tailwind|Timid||M|||50|]Sneasler||WhiteHerb|Unburden|DireClaw,CloseCombat,Protect,FakeOut|Adamant||F|||50|]Basculegion||MysticWater|Adaptability|AquaJet,LastRespects,Protect,WaveCrash|Adamant||M|||50|\n|showteam|p2|Delphox||Delphoxite|Blaze|HeatWave,Psychic,NastyPlot,Protect|Timid||F|||50|]Blastoise||Blastoisinite|RainDish|WaterSpout,DarkPulse,ShellSmash,Protect|Modest||F|||50|]Sinistcha||ColburBerry|Hospitality|MatchaGotcha,RagePowder,TrickRoom,Protect|Bold|||||50|]Sneasler||FocusSash|PoisonTouch|FakeOut,PoisonJab,CloseCombat,QuickGuard|Jolly||F|||50|]Incineroar||SitrusBerry|Intimidate|FakeOut,FlareBlitz,ThroatChop,PartingShot|Careful||F|||50|]Kingambit|||Defiant|KowtowCleave,SuckerPunch,SwordsDance,Protect|Adamant||M|||50|\n|j| iets3\n|\n|t:|1788447310\n|teamsize|p1|4\n|teamsize|p2|4\n|start\n|switch|p1a: Whimsicott|Whimsicott, L50, M|100/100\n|switch|p1b: Charizard|Charizard, L50, F|100/100\n|switch|p2a: Delphox|Delphox, L50, F, shiny|100/100\n|switch|p2b: Incineroar|Incineroar, L50, F, shiny|100/100\n|-ability|p2b: Incineroar|Intimidate|boost\n|-unboost|p1a: Whimsicott|atk|1\n|-unboost|p1b: Charizard|atk|1\n|turn|1\n|inactive|Battle timer is ON: inactive players will automatically lose when time's up. (requested by Bananin4)\n|\n|t:|1788447338\n|detailschange|p2a: Delphox|Delphox-Mega, L50, F, shiny\n|-mega|p2a: Delphox|Delphox|Delphoxite\n|move|p1a: Whimsicott|Protect|p1a: Whimsicott\n|-singleturn|p1a: Whimsicott|Protect\n|move|p1b: Charizard|Protect|p1b: Charizard\n|-singleturn|p1b: Charizard|Protect\n|move|p2b: Incineroar|Fake Out|p1a: Whimsicott\n|-activate|p1a: Whimsicott|move: Protect\n|move|p2a: Delphox|Heat Wave|p1b: Charizard|[spread] \n|-activate|p1a: Whimsicott|move: Protect\n|-activate|p1b: Charizard|move: Protect\n|\n|upkeep\n|turn|2\n|inactive|Bananin4 has 30 seconds left.\n|inactive|Bananin4 has 20 seconds left.\n|\n|t:|1788447375\n|switch|p1b: Garchomp|Garchomp, L50, F|100/100\n|move|p1a: Whimsicott|Tailwind|p1a: Whimsicott\n|-sidestart|p1: redfour|move: Tailwind\n|move|p2a: Delphox|Heat Wave|p1b: Garchomp|[spread] p1a,p1b\n|-supereffective|p1a: Whimsicott|1\n|-resisted|p1b: Garchomp|1\n|-enditem|p1a: Whimsicott|Focus Sash\n|-damage|p1a: Whimsicott|1/100\n|-damage|p1b: Garchomp|77/100\n|move|p2b: Incineroar|Throat Chop|p1a: Whimsicott\n|-resisted|p1a: Whimsicott|1\n|-damage|p1a: Whimsicott|0 fnt\n|faint|p1a: Whimsicott\n|\n|upkeep\n|\n|t:|1788447387\n|switch|p1a: Sneasler|Sneasler, L50, F|100/100\n|turn|3\n|\n|t:|1788447407\n|switch|p2b: Sinistcha|Sinistcha, L50|100/100\n|move|p2a: Delphox|Protect|p2a: Delphox\n|-singleturn|p2a: Delphox|Protect\n|move|p1a: Sneasler|Fake Out|p2a: Delphox\n|-activate|p2a: Delphox|move: Protect\n|move|p1b: Garchomp|Rock Slide|p2b: Sinistcha|[spread] p2b\n|-activate|p2a: Delphox|move: Protect\n|-damage|p2b: Sinistcha|78/100\n|-damage|p1b: Garchomp|68/100|[from] item: Life Orb\n|\n|upkeep\n|turn|4\n|inactive|Bananin4 has 30 seconds left.\n|inactive|Bananin4 has 20 seconds left.\n|inactive|Bananin4 has 15 seconds left.\n|inactive|Bananin4 has 10 seconds left.\n|\n|t:|1788447453\n|switch|p2a: Incineroar|Incineroar, L50, F, shiny|100/100\n|-ability|p2a: Incineroar|Intimidate|boost\n|-unboost|p1a: Sneasler|atk|1\n|-unboost|p1b: Garchomp|atk|1\n|-enditem|p1a: Sneasler|White Herb\n|-clearnegativeboost|p1a: Sneasler|[silent]\n|move|p1a: Sneasler|Dire Claw|p2a: Incineroar\n|-damage|p2a: Incineroar|57/100\n|move|p1b: Garchomp|Rock Slide|p2a: Incineroar|[spread] p2a,p2b\n|-supereffective|p2a: Incineroar|1\n|-damage|p2a: Incineroar|26/100\n|-damage|p2b: Sinistcha|64/100\n|-enditem|p2a: Incineroar|Sitrus Berry|[eat]\n|-heal|p2a: Incineroar|51/100|[from] item: Sitrus Berry\n|-damage|p1b: Garchomp|58/100|[from] item: Life Orb\n|move|p2b: Sinistcha|Matcha Gotcha|p1a: Sneasler|[spread] p1a,p1b\n|-resisted|p1a: Sneasler|1\n|-damage|p1a: Sneasler|82/100\n|-heal|p2b: Sinistcha|72/100|[from] drain|[of] p1a: Sneasler\n|-damage|p1b: Garchomp|30/100\n|-heal|p2b: Sinistcha|87/100|[from] drain|[of] p1b: Garchomp\n|-status|p1b: Garchomp|brn\n|\n|-damage|p1b: Garchomp|24/100 brn|[from] brn\n|upkeep\n|turn|5\n|inactive|redfour has 30 seconds left.\n|inactive|Bananin4 has 30 seconds left.\n|inactive|redfour has 20 seconds left.\n|\n|t:|1788447489\n|switch|p1b: Charizard|Charizard, L50, F|100/100\n|move|p2a: Incineroar|Fake Out|p1a: Sneasler\n|-damage|p1a: Sneasler|65/100\n|cant|p1a: Sneasler|flinch\n|move|p2b: Sinistcha|Matcha Gotcha|p1a: Sneasler|[spread] p1a,p1b\n|-resisted|p1a: Sneasler|1\n|-resisted|p1b: Charizard|2\n|-damage|p1a: Sneasler|48/100\n|-heal|p2b: Sinistcha|94/100|[from] drain|[of] p1a: Sneasler\n|-damage|p1b: Charizard|92/100\n|-heal|p2b: Sinistcha|98/100|[from] drain|[of] p1b: Charizard\n|\n|-sideend|p1: redfour|move: Tailwind\n|upkeep\n|turn|6\n|inactive|redfour has 30 seconds left.\n|\n|t:|1788447515\n|move|p2b: Sinistcha|Protect|p2b: Sinistcha\n|-singleturn|p2b: Sinistcha|Protect\n|move|p1a: Sneasler|Dire Claw|p2a: Incineroar\n|-damage|p2a: Incineroar|2/100\n|-status|p2a: Incineroar|par\n|move|p1b: Charizard|Heat Wave|p2b: Sinistcha|[spread] p2a\n|-activate|p2b: Sinistcha|move: Protect\n|-resisted|p2a: Incineroar|1\n|-crit|p2a: Incineroar\n|-damage|p2a: Incineroar|0 fnt\n|faint|p2a: Incineroar\n|\n|upkeep\n|\n|t:|1788447537\n|switch|p2a: Delphox|Delphox-Mega, L50, F, shiny|100/100\n|turn|7\n|inactive|redfour has 30 seconds left.\n|\n|t:|1788447564\n|detailschange|p1b: Charizard|Charizard-Mega-Y, L50, F\n|-mega|p1b: Charizard|Charizard|Charizardite Y\n|-weather|SunnyDay|[from] ability: Drought|[of] p1b: Charizard\n|move|p2b: Sinistcha|Rage Powder|p2b: Sinistcha\n|-singleturn|p2b: Sinistcha|move: Rage Powder\n|move|p1a: Sneasler|Dire Claw|p2b: Sinistcha\n|-damage|p2b: Sinistcha|61/100\n|-status|p2b: Sinistcha|slp\n|move|p2a: Delphox|Nasty Plot|p2a: Delphox\n|-boost|p2a: Delphox|spa|2\n|move|p1b: Charizard|Heat Wave|p2a: Delphox|[spread] p2a,p2b\n|-resisted|p2a: Delphox|1\n|-supereffective|p2b: Sinistcha|1\n|-damage|p2a: Delphox|64/100\n|-damage|p2b: Sinistcha|0 fnt\n|faint|p2b: Sinistcha\n|\n|-weather|SunnyDay|[upkeep]\n|upkeep\n|\n|t:|1788447580\n|switch|p2b: Sneasler|Sneasler, L50, F|100/100\n|turn|8\n|inactive|Bananin4 has 30 seconds left.\n|\n|t:|1788447614\n|move|p1a: Sneasler|Protect|p1a: Sneasler\n|-singleturn|p1a: Sneasler|Protect\n|move|p1b: Charizard|Protect|p1b: Charizard\n|-singleturn|p1b: Charizard|Protect\n|move|p2b: Sneasler|Fake Out|p1a: Sneasler\n|-activate|p1a: Sneasler|move: Protect\n|move|p2a: Delphox|Heat Wave|p1b: Charizard|[spread] \n|-activate|p1a: Sneasler|move: Protect\n|-activate|p1b: Charizard|move: Protect\n|\n|-weather|SunnyDay|[upkeep]\n|upkeep\n|turn|9\n|\n|t:|1788447633\n|move|p1a: Sneasler|Dire Claw|p2a: Delphox\n|-damage|p2a: Delphox|8/100\n|move|p2a: Delphox|Heat Wave|p1a: Sneasler|[spread] p1b\n|-miss|p2a: Delphox|p1a: Sneasler\n|-resisted|p1b: Charizard|1\n|-damage|p1b: Charizard|32/100\n|move|p2b: Sneasler|Poison Jab|p1b: Charizard\n|-damage|p1b: Charizard|0 fnt\n|faint|p1b: Charizard\n|\n|-weather|SunnyDay|[upkeep]\n|upkeep\n|\n|t:|1788447644\n|switch|p1b: Garchomp|Garchomp, L50, F|24/100 brn\n|turn|10\n|l| iets3\n|inactive|Bananin4 has 30 seconds left.\n|\n|t:|1788447671\n|move|p1a: Sneasler|Protect|p1a: Sneasler\n|-singleturn|p1a: Sneasler|Protect\n|move|p1b: Garchomp|Protect|p1b: Garchomp\n|-singleturn|p1b: Garchomp|Protect\n|move|p2a: Delphox|Heat Wave|p1a: Sneasler|[spread] \n|-activate|p1a: Sneasler|move: Protect\n|-activate|p1b: Garchomp|move: Protect\n|move|p2b: Sneasler|Poison Jab|p1a: Sneasler\n|-activate|p1a: Sneasler|move: Protect\n|\n|-weather|SunnyDay|[upkeep]\n|-damage|p1b: Garchomp|18/100 brn|[from] brn\n|upkeep\n|turn|11\n|inactive|redfour has 30 seconds left.\n|inactive|Bananin4 has 30 seconds left.\n|\n|t:|1788447699\n|move|p2a: Delphox|Protect|p2a: Delphox\n|-singleturn|p2a: Delphox|Protect\n|move|p1a: Sneasler|Dire Claw|p2a: Delphox\n|-activate|p2a: Delphox|move: Protect\n|move|p2b: Sneasler|Poison Jab|p1a: Sneasler\n|-resisted|p1a: Sneasler|1\n|-damage|p1a: Sneasler|12/100\n|move|p1b: Garchomp|Earthquake|p2b: Sneasler|[spread] p1a,p2b\n|-activate|p2a: Delphox|move: Protect\n|-supereffective|p1a: Sneasler|1\n|-supereffective|p2b: Sneasler|1\n|-damage|p1a: Sneasler|0 fnt\n|-damage|p2b: Sneasler|15/100\n|faint|p1a: Sneasler\n|-damage|p1b: Garchomp|9/100 brn|[from] item: Life Orb\n|\n|-weather|none\n|-damage|p1b: Garchomp|3/100 brn|[from] brn\n|upkeep\n|turn|12\n|\n|t:|1788447717\n|move|p2a: Delphox|Psychic|p1b: Garchomp\n|-damage|p1b: Garchomp|0 fnt\n|faint|p1b: Garchomp\n|\n|win|Bananin4\n","uploadtime":1788447718,"views":"3","formatid":"gen9championsvgc2026regmbbo3","rating":null,"private":0,"password":null}