{"id":"gen9championsvgc2026regmb-2674250619","format":"[Gen 9 Champions] VGC 2026 Reg M-B","players":["Luma Tactas","Thornlace48812"],"log":"|j|☆Luma Tactas\n|j|☆Thornlace48812\n|t:|1788323466\n|gametype|doubles\n|player|p1|Luma Tactas|acetrainerf|1135\n|player|p2|Thornlace48812|1|1068\n|gen|9\n|tier|[Gen 9 Champions] VGC 2026 Reg M-B\n|rated|\n|rule|Species Clause: Limit one of each Pokémon\n|rule|Item Clause: Limit 1 of each item\n|clearpoke\n|poke|p1|Gardevoir, L50, F, shiny|\n|poke|p1|Sneasler, L50, M|\n|poke|p1|Sinistcha, L50|\n|poke|p1|Rotom-Wash, L50|\n|poke|p1|Talonflame, L50, M|\n|poke|p1|Garchomp, L50, F|\n|poke|p2|Garchomp, L50, F|\n|poke|p2|Charizard, L50, F|\n|poke|p2|Whimsicott, L50, M|\n|poke|p2|Sylveon, L50, F|\n|poke|p2|Kingambit, L50, M|\n|poke|p2|Basculegion, L50, M|\n|teampreview|4\n|inactive|Battle timer is ON: inactive players will automatically lose when time's up. (requested by Thornlace48812)\nThornlace48812 rejected open team sheets.\n|inactive|Luma Tactas has 60 seconds left.\n|\n|t:|1788323524\n|teamsize|p1|4\n|teamsize|p2|4\n|start\n|switch|p1a: Starflare|Garchomp, L50, F|100/100\n|switch|p1b: Motorwash|Rotom-Wash, L50|100/100\n|switch|p2a: Whimsicott|Whimsicott, L50, M|100/100\n|switch|p2b: Charizard|Charizard, L50, F|100/100\n|turn|1\n|inactive|Luma Tactas has 30 seconds left.\n|\n|t:|1788323557\n|switch|p1b: Ophelia|Gardevoir, L50, F, shiny|100/100\n|detailschange|p2b: Charizard|Charizard-Mega-Y, L50, F\n|-mega|p2b: Charizard|Charizard|Charizardite Y\n|-weather|SunnyDay|[from] ability: Drought|[of] p2b: Charizard\n|move|p2b: Charizard|Protect|p2b: Charizard\n|-singleturn|p2b: Charizard|Protect\n|move|p2a: Whimsicott|Tailwind|p2a: Whimsicott\n|-sidestart|p2: Thornlace48812|move: Tailwind\n|move|p1a: Starflare|Rock Slide|p2a: Whimsicott|[spread] p2a\n|-activate|p2b: Charizard|move: Protect\n|-damage|p2a: Whimsicott|64/100\n|-damage|p1a: Starflare|90/100|[from] item: Life Orb\n|\n|-weather|SunnyDay|[upkeep]\n|upkeep\n|turn|2\n|inactive|Luma Tactas has 30 seconds left.\n|\n|t:|1788323587\n|switch|p1a: Iron Mugulis|Sinistcha, L50|100/100\n|move|p1b: Ophelia|Protect|p1b: Ophelia\n|-singleturn|p1b: Ophelia|Protect\n|move|p2a: Whimsicott|Moonblast|p1a: Iron Mugulis\n|-damage|p1a: Iron Mugulis|59/100\n|move|p2b: Charizard|Heat Wave|p1a: Iron Mugulis|[spread] p1a\n|-activate|p1b: Ophelia|move: Protect\n|-supereffective|p1a: Iron Mugulis|1\n|-damage|p1a: Iron Mugulis|0 fnt\n|faint|p1a: Iron Mugulis\n|\n|-weather|SunnyDay|[upkeep]\n|upkeep\n|\n|t:|1788323597\n|switch|p1a: Motorwash|Rotom-Wash, L50|100/100\n|turn|3\n|\n|t:|1788323604\n|detailschange|p1b: Ophelia|Gardevoir-Mega, L50, F, shiny\n|-mega|p1b: Ophelia|Gardevoir|Gardevoirite\n|move|p2a: Whimsicott|Moonblast|p1a: Motorwash\n|-damage|p1a: Motorwash|62/100\n|move|p2b: Charizard|Heat Wave|p1b: Ophelia|[spread] p1a\n|-miss|p2b: Charizard|p1b: Ophelia\n|-resisted|p1a: Motorwash|1\n|-damage|p1a: Motorwash|25/100\n|move|p1a: Motorwash|Thunderbolt|p2b: Charizard\n|-supereffective|p2b: Charizard|1\n|-damage|p2b: Charizard|7/100\n|move|p1b: Ophelia|Trick Room|p1b: Ophelia\n|-fieldstart|move: Trick Room|[of] p1b: Ophelia\n|\n|-weather|SunnyDay|[upkeep]\n|-heal|p1a: Motorwash|31/100|[from] item: Leftovers\n|upkeep\n|turn|4\n|\n|t:|1788323625\n|move|p2a: Whimsicott|Protect|p2a: Whimsicott\n|-singleturn|p2a: Whimsicott|Protect\n|move|p2b: Charizard|Protect|p2b: Charizard\n|-singleturn|p2b: Charizard|Protect\n|move|p1a: Motorwash|Thunderbolt|p2b: Charizard\n|-activate|p2b: Charizard|move: Protect\n|move|p1b: Ophelia|Hyper Voice|p2a: Whimsicott|[spread] \n|-activate|p2a: Whimsicott|move: Protect\n|-activate|p2b: Charizard|move: Protect\n|\n|-weather|SunnyDay|[upkeep]\n|-heal|p1a: Motorwash|37/100|[from] item: Leftovers\n|-sideend|p2: Thornlace48812|move: Tailwind\n|upkeep\n|turn|5\n|\n|t:|1788323647\n|move|p1a: Motorwash|Thunderbolt|p2a: Whimsicott\n|-resisted|p2a: Whimsicott|1\n|-damage|p2a: Whimsicott|28/100\n|move|p1b: Ophelia|Hyper Voice|p2a: Whimsicott|[spread] p2a,p2b\n|-resisted|p2b: Charizard|1\n|-damage|p2a: Whimsicott|0 fnt\n|-damage|p2b: Charizard|0 fnt\n|faint|p2a: Whimsicott\n|faint|p2b: Charizard\n|\n|-weather|none\n|-heal|p1a: Motorwash|42/100|[from] item: Leftovers\n|upkeep\n|\n|t:|1788323647\n|switch|p2b: Basculegion|Basculegion, L50, M|100/100\n|switch|p2a: Sylveon|Sylveon, L50, F|100/100\n|turn|6\n|\n|t:|1788323665\n|move|p2b: Basculegion|Protect|p2b: Basculegion\n|-singleturn|p2b: Basculegion|Protect\n|move|p2a: Sylveon|Quick Attack|p1a: Motorwash\n|-damage|p1a: Motorwash|25/100\n|move|p1a: Motorwash|Thunderbolt|p2b: Basculegion\n|-activate|p2b: Basculegion|move: Protect\n|move|p1b: Ophelia|Hyper Voice|p2a: Sylveon|[spread] p2a\n|-activate|p2b: Basculegion|move: Protect\n|-damage|p2a: Sylveon|57/100\n|\n|-heal|p1a: Motorwash|30/100|[from] item: Leftovers\n|upkeep\n|turn|7\n|\n|t:|1788323673\n|move|p2a: Sylveon|Hyper Beam|p1a: Motorwash|[miss]\n|-miss|p2a: Sylveon|p1a: Motorwash\n|move|p1a: Motorwash|Thunderbolt|p2b: Basculegion\n|-supereffective|p2b: Basculegion|1\n|-damage|p2b: Basculegion|0 fnt\n|faint|p2b: Basculegion\n|move|p1b: Ophelia|Hyper Voice|p2a: Sylveon\n|-damage|p2a: Sylveon|6/100\n|\n|-heal|p1a: Motorwash|36/100|[from] item: Leftovers\n|-fieldend|move: Trick Room\n|upkeep\n|turn|8\n|\n|t:|1788323686\n|move|p1b: Ophelia|Psychic|p2a: Sylveon\n|-damage|p2a: Sylveon|0 fnt\n|faint|p2a: Sylveon\n|\n|win|Luma Tactas\n|raw|Luma Tactas's rating: 1135 &rarr; <strong>1161</strong><br />(+26 for winning)\n|raw|Thornlace48812's rating: 1150 &rarr; <strong>1124</strong><br />(-26 for losing)\n|l|☆Thornlace48812\n|player|p2|\n","uploadtime":1788323687,"views":"8","formatid":"gen9championsvgc2026regmb","rating":1124,"private":0,"password":null}