{"id":"gen9championsvgc2026regmb-2674224825","format":"[Gen 9 Champions] VGC 2026 Reg M-B","players":["Ozuno","Janecklyn"],"log":"|j|☆Ozuno\n|j|☆Janecklyn\n|t:|1788318439\n|gametype|doubles\n|player|p1|Ozuno|1|1000\n|player|p2|Janecklyn|1|1052\n|gen|9\n|tier|[Gen 9 Champions] VGC 2026 Reg M-B\n|rated|\n|rule|Species Clause: Limit one of each Pokémon\n|rule|Item Clause: Limit 1 of each item\n|clearpoke\n|poke|p1|Staraptor, L50, F|\n|poke|p1|Arcanine-Hisui, L50, F|\n|poke|p1|Kingambit, L50, M|\n|poke|p1|Raichu, L50, F|\n|poke|p1|Whimsicott, L50, F|\n|poke|p1|Sylveon, L50, M|\n|poke|p2|Raichu, L50, F|\n|poke|p2|Jolteon, L50, M|\n|poke|p2|Froslass, L50, F|\n|poke|p2|Milotic, L50, F|\n|poke|p2|Ninetales-Alola, L50, M|\n|poke|p2|Armarouge, L50, M|\n|teampreview|4\nJanecklyn rejected open team sheets.\n|inactive|Battle timer is ON: inactive players will automatically lose when time's up. (requested by Janecklyn)\n|inactive|Janecklyn has 60 seconds left.\n|inactive|Janecklyn has 30 seconds left.\n|\n|t:|1788318507\n|teamsize|p1|4\n|teamsize|p2|4\n|start\n|switch|p1a: Arcanine|Arcanine-Hisui, L50, F|100/100\n|switch|p1b: Kingambit|Kingambit, L50, M|100/100\n|switch|p2a: Raichu|Raichu, L50, F|100/100\n|switch|p2b: Jolteon|Jolteon, L50, M|100/100\n|turn|1\n|inactive|Ozuno has 30 seconds left.\n|\n|t:|1788318540\n|move|p2a: Raichu|Fake Out|p1a: Arcanine\n|-resisted|p1a: Arcanine|1\n|-damage|p1a: Arcanine|93/100\n|move|p2b: Jolteon|Baby-Doll Eyes|p1a: Arcanine\n|-unboost|p1a: Arcanine|atk|1\n|cant|p1a: Arcanine|flinch\n|move|p1b: Kingambit|Kowtow Cleave|p2b: Jolteon\n|-crit|p2b: Jolteon\n|-damage|p2b: Jolteon|0 fnt\n|faint|p2b: Jolteon\n|-damage|p1b: Kingambit|90/100|[from] item: Life Orb\n|\n|upkeep\n|\n|t:|1788318554\n|switch|p2b: Milotic|Milotic, L50, F|100/100\n|turn|2\n|inactive|Ozuno has 30 seconds left.\n|\n|t:|1788318583\n|switch|p1a: Raichu|Raichu, L50, F|100/100\n|move|p2a: Raichu|Protect|p2a: Raichu\n|-singleturn|p2a: Raichu|Protect\n|move|p1b: Kingambit|Sucker Punch||[still]\n|-fail|p1b: Kingambit\n|move|p2b: Milotic|Coil|p2b: Milotic\n|-boost|p2b: Milotic|atk|1\n|-boost|p2b: Milotic|def|1\n|-boost|p2b: Milotic|accuracy|1\n|\n|upkeep\n|turn|3\n|inactive|Ozuno has 30 seconds left.\n|inactive|Janecklyn has 30 seconds left.\n|inactive|Janecklyn has 20 seconds left.\n|\n|t:|1788318621\n|detailschange|p1a: Raichu|Raichu-Mega-Y, L50, F\n|-mega|p1a: Raichu|Raichu|Raichunite Y\n|move|p1a: Raichu|Fake Out|p2b: Milotic\n|-damage|p2b: Milotic|94/100\n|move|p2a: Raichu|Encore|p1b: Kingambit\n|-start|p1b: Kingambit|Encore\n|move|p1b: Kingambit|Sucker Punch||[still]\n|-fail|p1b: Kingambit\n|cant|p2b: Milotic|flinch\n|\n|-heal|p2b: Milotic|100/100|[from] item: Leftovers\n|upkeep\n|turn|4\n|\n|t:|1788318646\n|switch|p1b: Sylveon|Sylveon, L50, M|100/100\n|move|p2a: Raichu|Protect|p2a: Raichu\n|-singleturn|p2a: Raichu|Protect\n|move|p1a: Raichu|Focus Blast|p2a: Raichu\n|-activate|p2a: Raichu|move: Protect\n|move|p2b: Milotic|Coil|p2b: Milotic\n|-boost|p2b: Milotic|atk|1\n|-boost|p2b: Milotic|def|1\n|-boost|p2b: Milotic|accuracy|1\n|\n|upkeep\n|turn|5\n|inactive|Ozuno has 30 seconds left.\n|inactive|Janecklyn has 30 seconds left.\n|inactive|Janecklyn has 20 seconds left.\n|\n|t:|1788318684\n|switch|p2a: Armarouge|Armarouge, L50, M|100/100\n|move|p1a: Raichu|Protect|p1a: Raichu\n|-singleturn|p1a: Raichu|Protect\n|move|p2b: Milotic|Blizzard|p1b: Sylveon|[spread] p1b\n|-activate|p1a: Raichu|move: Protect\n|-damage|p1b: Sylveon|85/100\n|move|p1b: Sylveon|Hyper Voice|p2b: Milotic|[spread] p2a,p2b\n|-resisted|p2a: Armarouge|1\n|-damage|p2a: Armarouge|75/100\n|-damage|p2b: Milotic|74/100\n|\n|-heal|p2b: Milotic|80/100|[from] item: Leftovers\n|upkeep\n|turn|6\n|inactive|Ozuno has 30 seconds left.\n|\n|t:|1788318714\n|switch|p2a: Raichu|Raichu, L50, F|100/100\n|move|p1a: Raichu|Zap Cannon|p2a: Raichu\n|-ability|p2a: Raichu|Lightning Rod|boost\n|-boost|p2a: Raichu|spa|1\n|move|p1b: Sylveon|Hyper Voice|p2b: Milotic|[spread] p2a,p2b\n|-damage|p2a: Raichu|33/100\n|-damage|p2b: Milotic|54/100\n|move|p2b: Milotic|Mirror Coat|p1b: Sylveon\n|-damage|p1b: Sylveon|31/100\n|\n|-heal|p2b: Milotic|60/100|[from] item: Leftovers\n|upkeep\n|turn|7\n|\n|t:|1788318738\n|move|p2a: Raichu|Fake Out|p1b: Sylveon\n|-damage|p1b: Sylveon|19/100\n|move|p1a: Raichu|Focus Blast|p2a: Raichu\n|-damage|p2a: Raichu|0 fnt\n|faint|p2a: Raichu\n|move|p2b: Milotic|Blizzard|p1b: Sylveon|[spread] p1a,p1b\n|-damage|p1a: Raichu|74/100\n|-damage|p1b: Sylveon|3/100\n|-status|p1a: Raichu|frz\n|cant|p1b: Sylveon|flinch\n|\n|-heal|p2b: Milotic|66/100|[from] item: Leftovers\n|upkeep\n|\n|t:|1788318751\n|switch|p2a: Armarouge|Armarouge, L50, M|75/100\n|turn|8\n|\n|t:|1788318775\n|cant|p1a: Raichu|frz\n|move|p2b: Milotic|Blizzard|p1b: Sylveon|[spread] p1a,p1b\n|-damage|p1a: Raichu|49/100 frz\n|-damage|p1b: Sylveon|0 fnt\n|faint|p1b: Sylveon\n|move|p2a: Armarouge|Psychic|p1a: Raichu\n|-damage|p1a: Raichu|0 fnt\n|faint|p1a: Raichu\n|\n|-heal|p2b: Milotic|72/100|[from] item: Leftovers\n|upkeep\n|\n|t:|1788318786\n|switch|p1a: Arcanine|Arcanine-Hisui, L50, F|93/100\n|switch|p1b: Kingambit|Kingambit, L50, M|90/100\n|turn|9\n|\n|t:|1788318799\n|move|p2a: Armarouge|Wide Guard|p2a: Armarouge\n|-singleturn|p2a: Armarouge|Wide Guard\n|move|p1a: Arcanine|Head Smash|p2a: Armarouge\n|-supereffective|p2a: Armarouge|1\n|-damage|p2a: Armarouge|0 fnt\n|faint|p2a: Armarouge\n|move|p2b: Milotic|Scald|p1a: Arcanine\n|-supereffective|p1a: Arcanine|2\n|-damage|p1a: Arcanine|0 fnt\n|faint|p1a: Arcanine\n|move|p1b: Kingambit|Swords Dance|p1b: Kingambit\n|-boost|p1b: Kingambit|atk|2\n|\n|-heal|p2b: Milotic|78/100|[from] item: Leftovers\n|upkeep\n|turn|10\n|inactive|Ozuno has 30 seconds left.\n|inactive|Ozuno has 20 seconds left.\n|inactive|Ozuno has 15 seconds left.\n|inactive|Ozuno has 10 seconds left.\n|inactive|Ozuno has 5 seconds left.\n|\n|t:|1788318855\n|move|p2b: Milotic|Coil|p2b: Milotic\n|-boost|p2b: Milotic|atk|1\n|-boost|p2b: Milotic|def|1\n|-boost|p2b: Milotic|accuracy|1\n|move|p1b: Kingambit|Kowtow Cleave|p2b: Milotic\n|-damage|p2b: Milotic|18/100\n|-damage|p1b: Kingambit|80/100|[from] item: Life Orb\n|\n|-heal|p2b: Milotic|24/100|[from] item: Leftovers\n|upkeep\n|turn|11\n|\n|t:|1788318866\n|move|p2b: Milotic|Coil|p2b: Milotic\n|-boost|p2b: Milotic|atk|1\n|-boost|p2b: Milotic|def|1\n|-boost|p2b: Milotic|accuracy|1\n|move|p1b: Kingambit|Kowtow Cleave|p2b: Milotic\n|-damage|p2b: Milotic|0 fnt\n|faint|p2b: Milotic\n|-damage|p1b: Kingambit|71/100|[from] item: Life Orb\n|\n|win|Ozuno\n|raw|Ozuno's rating: 1000 &rarr; <strong>1046</strong><br />(+46 for winning)\n|raw|Janecklyn's rating: 1052 &rarr; <strong>1032</strong><br />(-20 for losing)\n|l|☆Janecklyn\n|player|p2|\n","uploadtime":1788318880,"views":"7","formatid":"gen9championsvgc2026regmb","rating":1032,"private":0,"password":null}