{"id":"gen9championsvgc2026regmb-2674620665","format":"[Gen 9 Champions] VGC 2026 Reg M-B","players":["supergrokmax999","spdefpikachu"],"log":"|j|☆supergrokmax999\n|j|☆spdefpikachu\n|t:|1788381260\n|gametype|doubles\n|player|p1|supergrokmax999|170|1064\n|player|p2|spdefpikachu|lucas-gen4pt|1079\n|gen|9\n|tier|[Gen 9 Champions] VGC 2026 Reg M-B\n|rated|\n|rule|Species Clause: Limit one of each Pokémon\n|rule|Item Clause: Limit 1 of each item\n|clearpoke\n|poke|p1|Milotic, L50, M|\n|poke|p1|Staraptor, L50, M|\n|poke|p1|Excadrill, L50, M|\n|poke|p1|Gholdengo, L50|\n|poke|p1|Sinistcha, L50|\n|poke|p1|Tyranitar, L50, F|\n|poke|p2|Espeon, L50, F|\n|poke|p2|Sneasler, L50, M|\n|poke|p2|Kingambit, L50, F, shiny|\n|poke|p2|Staraptor, L50, F|\n|poke|p2|Whimsicott, L50, F|\n|poke|p2|Basculegion, L50, M|\n|teampreview|4\n|inactive|Battle timer is ON: inactive players will automatically lose when time's up. (requested by supergrokmax999)\nsupergrokmax999 has agreed to open team sheets.\n|\n|t:|1788381284\n|teamsize|p1|4\n|teamsize|p2|4\n|start\n|switch|p1a: Staraptor|Staraptor, L50, M|100/100\n|switch|p1b: Tyranitar|Tyranitar, L50, F|100/100\n|switch|p2a: Espeon|Espeon, L50, F|100/100\n|switch|p2b: Sneasler|Sneasler, L50, M|100/100\n|-ability|p1a: Staraptor|Intimidate|boost\n|-unboost|p2a: Espeon|atk|1\n|-unboost|p2b: Sneasler|atk|1\n|-weather|Sandstorm|[from] ability: Sand Stream|[of] p1b: Tyranitar\n|-enditem|p2b: Sneasler|White Herb\n|-clearnegativeboost|p2b: Sneasler|[silent]\n|turn|1\n|\n|t:|1788381299\n|detailschange|p1a: Staraptor|Staraptor-Mega, L50, M\n|-mega|p1a: Staraptor|Staraptor|Staraptite\n|move|p2b: Sneasler|Fake Out|p1b: Tyranitar\n|-resisted|p1b: Tyranitar|1\n|-damage|p1b: Tyranitar|92/100\n|move|p1a: Staraptor|Tailwind|p1a: Staraptor\n|-sidestart|p1: supergrokmax999|move: Tailwind\n|cant|p1b: Tyranitar|flinch\n|move|p2a: Espeon|Dazzling Gleam|p1b: Tyranitar|[spread] p1a,p1b\n|-supereffective|p1a: Staraptor|1\n|-supereffective|p1b: Tyranitar|1\n|-damage|p1a: Staraptor|34/100\n|-damage|p1b: Tyranitar|58/100\n|\n|-weather|Sandstorm|[upkeep]\n|-damage|p1a: Staraptor|28/100|[from] Sandstorm\n|-damage|p2b: Sneasler|94/100|[from] Sandstorm\n|-damage|p2a: Espeon|94/100|[from] Sandstorm\n|upkeep\n|turn|2\n|\n|t:|1788381312\n|move|p2a: Espeon|Detect|p2a: Espeon\n|-singleturn|p2a: Espeon|Protect\n|move|p1a: Staraptor|Brave Bird|p2b: Sneasler\n|-supereffective|p2b: Sneasler|1\n|-damage|p2b: Sneasler|0 fnt\n|faint|p2b: Sneasler\n|-damage|p1a: Staraptor|0 fnt|[from] Recoil\n|faint|p1a: Staraptor\n|move|p1b: Tyranitar|Rock Slide|p2a: Espeon\n|-activate|p2a: Espeon|move: Protect\n|\n|-weather|Sandstorm|[upkeep]\n|-damage|p2a: Espeon|88/100|[from] Sandstorm\n|upkeep\n|\n|t:|1788381318\n|switch|p1a: Milotic|Milotic, L50, M|100/100\n|switch|p2b: Whimsicott|Whimsicott, L50, F|100/100\n|turn|3\n|\n|t:|1788381338\n|move|p2b: Whimsicott|Tailwind|p2b: Whimsicott\n|-sidestart|p2: spdefpikachu|move: Tailwind\n|move|p2a: Espeon|Dazzling Gleam|p1a: Milotic|[spread] p1a,p1b\n|-supereffective|p1b: Tyranitar|1\n|-damage|p1a: Milotic|85/100\n|-damage|p1b: Tyranitar|24/100\n|move|p1b: Tyranitar|Knock Off|p2a: Espeon\n|-supereffective|p2a: Espeon|1\n|-damage|p2a: Espeon|0 fnt\n|-enditem|p2a: Espeon|Expert Belt|[from] move: Knock Off|[of] p1b: Tyranitar\n|faint|p2a: Espeon\n|move|p1a: Milotic|Ice Beam|p2b: Whimsicott\n|-supereffective|p2b: Whimsicott|1\n|-damage|p2b: Whimsicott|27/100\n|-status|p2b: Whimsicott|frz\n|\n|-weather|Sandstorm|[upkeep]\n|-damage|p2b: Whimsicott|21/100 frz|[from] Sandstorm\n|-damage|p1a: Milotic|79/100|[from] Sandstorm\n|upkeep\n|\n|t:|1788381342\n|switch|p2a: Staraptor|Staraptor, L50, F|100/100\n|-ability|p2a: Staraptor|Intimidate|boost\n|-unboost|p1a: Milotic|atk|1\n|-ability|p1a: Milotic|Competitive|boost\n|-boost|p1a: Milotic|spa|2\n|-unboost|p1b: Tyranitar|atk|1\n|turn|4\n|\n|t:|1788381348\n|detailschange|p2a: Staraptor|Staraptor-Mega, L50, F\n|-mega|p2a: Staraptor|Staraptor|Staraptite\n|cant|p2b: Whimsicott|frz\n|move|p2a: Staraptor|Close Combat|p1b: Tyranitar\n|-supereffective|p1b: Tyranitar|2\n|-damage|p1b: Tyranitar|0 fnt\n|-boost|p2a: Staraptor|def|1\n|-boost|p2a: Staraptor|spd|1\n|faint|p1b: Tyranitar\n|move|p1a: Milotic|Ice Beam|p2a: Staraptor\n|-supereffective|p2a: Staraptor|1\n|-damage|p2a: Staraptor|39/100\n|\n|-weather|Sandstorm|[upkeep]\n|-damage|p2b: Whimsicott|15/100 frz|[from] Sandstorm\n|-damage|p2a: Staraptor|33/100|[from] Sandstorm\n|-damage|p1a: Milotic|73/100|[from] Sandstorm\n|-sideend|p1: supergrokmax999|move: Tailwind\n|upkeep\n|\n|t:|1788381348\n|switch|p1b: Excadrill|Excadrill, L50, M|100/100\n|turn|5\n|\n|t:|1788381359\n|-curestatus|p2b: Whimsicott|frz|[msg]\n|move|p2b: Whimsicott|Charm|p2a: Staraptor\n|-boost|p2a: Staraptor|atk|2\n|move|p2a: Staraptor|Roost|p2a: Staraptor\n|-heal|p2a: Staraptor|83/100\n|-singleturn|p2a: Staraptor|move: Roost\n|move|p1b: Excadrill|Rock Slide|p2a: Staraptor|[spread] p2a\n|-miss|p1b: Excadrill|p2b: Whimsicott\n|-resisted|p2a: Staraptor|1\n|-damage|p2a: Staraptor|77/100\n|move|p1a: Milotic|Ice Beam|p2b: Whimsicott\n|-supereffective|p2b: Whimsicott|1\n|-damage|p2b: Whimsicott|0 fnt\n|faint|p2b: Whimsicott\n|\n|-weather|none\n|upkeep\n|turn|6\n|\n|t:|1788381366\n|move|p2a: Staraptor|Close Combat|p1b: Excadrill\n|-supereffective|p1b: Excadrill|1\n|-enditem|p1b: Excadrill|Focus Sash\n|-damage|p1b: Excadrill|1/100\n|-boost|p2a: Staraptor|def|1\n|-boost|p2a: Staraptor|spd|1\n|move|p1b: Excadrill|Rock Slide|p2a: Staraptor\n|-damage|p2a: Staraptor|64/100\n|move|p1a: Milotic|Ice Beam|p2a: Staraptor\n|-supereffective|p2a: Staraptor|1\n|-damage|p2a: Staraptor|18/100\n|\n|-sideend|p2: spdefpikachu|move: Tailwind\n|upkeep\n|turn|7\n|\n|t:|1788381372\n|move|p1b: Excadrill|Protect|p1b: Excadrill\n|-singleturn|p1b: Excadrill|Protect\n|move|p2a: Staraptor|Roost|p2a: Staraptor\n|-heal|p2a: Staraptor|68/100\n|-singleturn|p2a: Staraptor|move: Roost\n|move|p1a: Milotic|Ice Beam|p2a: Staraptor\n|-damage|p2a: Staraptor|45/100\n|\n|upkeep\n|turn|8\n|\n|t:|1788381380\n|move|p2a: Staraptor|Close Combat|p1b: Excadrill\n|-supereffective|p1b: Excadrill|1\n|-damage|p1b: Excadrill|0 fnt\n|-boost|p2a: Staraptor|def|1\n|-boost|p2a: Staraptor|spd|1\n|faint|p1b: Excadrill\n|move|p1a: Milotic|Ice Beam|p2a: Staraptor\n|-supereffective|p2a: Staraptor|1\n|-damage|p2a: Staraptor|10/100\n|\n|upkeep\n|turn|9\n|\n|t:|1788381382\n|move|p2a: Staraptor|Roost|p2a: Staraptor\n|-heal|p2a: Staraptor|60/100\n|-singleturn|p2a: Staraptor|move: Roost\n|move|p1a: Milotic|Scald|p2a: Staraptor\n|-damage|p2a: Staraptor|37/100\n|-status|p2a: Staraptor|brn\n|\n|-damage|p2a: Staraptor|31/100 brn|[from] brn\n|upkeep\n|turn|10\n|\n|t:|1788381384\n|move|p2a: Staraptor|Roost|p2a: Staraptor\n|-heal|p2a: Staraptor|81/100 brn\n|-singleturn|p2a: Staraptor|move: Roost\n|move|p1a: Milotic|Scald|p2a: Staraptor\n|-damage|p2a: Staraptor|59/100 brn\n|\n|-damage|p2a: Staraptor|53/100 brn|[from] brn\n|upkeep\n|turn|11\n|\n|t:|1788381388\n|move|p2a: Staraptor|Close Combat|p1a: Milotic\n|-damage|p1a: Milotic|30/100\n|-boost|p2a: Staraptor|def|1\n|-boost|p2a: Staraptor|spd|1\n|-enditem|p1a: Milotic|Sitrus Berry|[eat]\n|-heal|p1a: Milotic|54/100|[from] item: Sitrus Berry\n|move|p1a: Milotic|Ice Beam|p2a: Staraptor\n|-supereffective|p2a: Staraptor|1\n|-damage|p2a: Staraptor|22/100 brn\n|\n|-damage|p2a: Staraptor|17/100 brn|[from] brn\n|upkeep\n|turn|12\n|\n|t:|1788381395\n|move|p2a: Staraptor|Roost|p2a: Staraptor\n|-heal|p2a: Staraptor|67/100 brn\n|-singleturn|p2a: Staraptor|move: Roost\n|move|p1a: Milotic|Scald|p2a: Staraptor\n|-damage|p2a: Staraptor|47/100 brn\n|\n|-damage|p2a: Staraptor|42/100 brn|[from] brn\n|upkeep\n|turn|13\n|\n|t:|1788381397\n|move|p2a: Staraptor|Roost|p2a: Staraptor\n|-heal|p2a: Staraptor|92/100 brn\n|-singleturn|p2a: Staraptor|move: Roost\n|move|p1a: Milotic|Ice Beam|p2a: Staraptor\n|-damage|p2a: Staraptor|75/100 brn\n|\n|-damage|p2a: Staraptor|69/100 brn|[from] brn\n|upkeep\n|turn|14\n|\n|t:|1788381399\n|move|p2a: Staraptor|Roost|p2a: Staraptor\n|-heal|p2a: Staraptor|100/100 brn\n|-singleturn|p2a: Staraptor|move: Roost\n|move|p1a: Milotic|Ice Beam|p2a: Staraptor\n|-damage|p2a: Staraptor|86/100 brn\n|\n|-damage|p2a: Staraptor|80/100 brn|[from] brn\n|upkeep\n|turn|15\n|\n|t:|1788381408\n|move|p2a: Staraptor|Close Combat|p1a: Milotic\n|-damage|p1a: Milotic|15/100\n|-boost|p2a: Staraptor|def|1\n|-boost|p2a: Staraptor|spd|1\n|move|p1a: Milotic|Ice Beam|p2a: Staraptor\n|-supereffective|p2a: Staraptor|1\n|-damage|p2a: Staraptor|51/100 brn\n|\n|-damage|p2a: Staraptor|45/100 brn|[from] brn\n|upkeep\n|turn|16\n|\n|t:|1788381412\n|move|p2a: Staraptor|Close Combat|p1a: Milotic\n|-damage|p1a: Milotic|0 fnt\n|-boost|p2a: Staraptor|def|1\n|-boost|p2a: Staraptor|spd|1\n|faint|p1a: Milotic\n|\n|win|spdefpikachu\n|raw|supergrokmax999's rating: 1064 &rarr; <strong>1045</strong><br />(-19 for losing)\n|raw|spdefpikachu's rating: 1079 &rarr; <strong>1106</strong><br />(+27 for winning)\n|l|☆supergrokmax999\n|player|p1|\n","uploadtime":1788381419,"views":"0","formatid":"gen9championsvgc2026regmb","rating":1045,"private":0,"password":null}