{"id":"gen9championsvgc2026regmbbo3-2674083393","format":"[Gen 9 Champions] VGC 2026 Reg M-B (Bo3)","players":["4nye","cjflex8"],"log":"|j|☆4nye\n|j|☆cjflex8\n|html|<table width=\"100%\"><tr><td align=\"left\">4nye</td><td align=\"right\">cjflex8</tr><tr><td align=\"left\"><i class=\"fa fa-circle-o\"></i> <i class=\"fa fa-circle-o\"></i> </td><td align=\"right\"><i class=\"fa fa-circle-o\"></i> <i class=\"fa fa-circle-o\"></i> </tr></table>\n|uhtml|bestof|<h2><strong>Game 1</strong> of <a href=\"/game-bestof3-gen9championsvgc2026regmbbo3-2674083392\">a best-of-3</a></h2>\n|t:|1788296825\n|gametype|doubles\n|player|p1|4nye|lyra|1144\n|player|p2|cjflex8|266|1265\n|gen|9\n|tier|[Gen 9 Champions] VGC 2026 Reg M-B (Bo3)\n|rated|\n|rule|Species Clause: Limit one of each Pokémon\n|rule|Item Clause: Limit 1 of each item\n|clearpoke\n|poke|p1|Incineroar, L50, M|\n|poke|p1|Farigiraf, L50, M|\n|poke|p1|Mawile, L50, F|\n|poke|p1|Basculegion, L50, M|\n|poke|p1|Ninetales-Alola, L50, F|\n|poke|p1|Raichu, L50, M|\n|poke|p2|Blaziken, L50, M|\n|poke|p2|Talonflame, L50, F|\n|poke|p2|Basculegion, L50, M|\n|poke|p2|Tsareena, L50, F|\n|poke|p2|Zoroark-Hisui, L50, M|\n|poke|p2|Empoleon, L50, M|\n|teampreview|4\n|showteam|p1|Incineroar||PasshoBerry|Intimidate|FakeOut,FlareBlitz,PartingShot,Assurance|Impish||M|||50|]Farigiraf||SitrusBerry|ArmorTail|TrickRoom,Psychic,Thunderbolt,HelpingHand|Bold||M|||50|]Mawile||Mawilite|HyperCutter|Protect,SuckerPunch,PlayRough,IronHead|Brave||F|||50|]Basculegion||ChoiceScarf|Adaptability|WaveCrash,LastRespects,AquaJet,FlipTurn|Jolly||M|||50|]Ninetales-Alola||FocusSash|SnowWarning|Protect,Blizzard,FreezeDry,Moonblast|Timid||F|||50|]Raichu||RaichuniteY|LightningRod|Protect,ZapCannon,FocusBlast,VoltSwitch|Timid||M|||50|\n|showteam|p2|Blaziken||Blazikenite|SpeedBoost|CloseCombat,FlareBlitz,Protect,RockSlide|Adamant||M|||50|]Talonflame||FocusSash|GaleWings|DualWingbeat,FlareBlitz,Protect,Tailwind|Jolly||F|||50|]Basculegion||ChoiceScarf|Adaptability|AquaJet,WaveCrash,LastRespects,FlipTurn|Jolly||M|||50|]Tsareena||WideLens|QueenlyMajesty|TropKick,HighJumpKick,TripleAxel,Protect|Adamant||F|||50|]Zoroark-Hisui||LifeOrb|Illusion|HyperVoice,BitterMalice,Protect,IcyWind|Timid||M|||50|]Empoleon||Leftovers|Competitive|FlashCannon,GrassKnot,HydroPump,Protect|Modest||M|||50|\n|\n|t:|1788296887\n|teamsize|p1|4\n|teamsize|p2|4\n|start\n|switch|p1a: Basculegion|Basculegion, L50, M|100/100\n|switch|p1b: Farigiraf|Farigiraf, L50, M|100/100\n|switch|p2a: Empoleon|Empoleon, L50, M|100/100\n|switch|p2b: Blaziken|Blaziken, L50, M|100/100\n|turn|1\n|\n|t:|1788296924\n|move|p1a: Basculegion|Flip Turn|p2a: Empoleon\n|-resisted|p2a: Empoleon|1\n|-damage|p2a: Empoleon|78/100\n|\n|t:|1788296937\n|switch|p1a: Mawile|Mawile, L50, F|100/100|[from] Flip Turn\n|move|p2b: Blaziken|Bitter Malice|p1a: Mawile\n|-crit|p1a: Mawile\n|-damage|p1a: Mawile|0 fnt\n|faint|p1a: Mawile\n|-damage|p2b: Blaziken|90/100|[from] item: Life Orb\n|move|p2a: Empoleon|Flash Cannon|p1b: Farigiraf\n|-damage|p1b: Farigiraf|60/100\n|move|p1b: Farigiraf|Trick Room|p1b: Farigiraf\n|-fieldstart|move: Trick Room|[of] p1b: Farigiraf\n|\n|-heal|p2a: Empoleon|84/100|[from] item: Leftovers\n|upkeep\n|\n|t:|1788296954\n|switch|p1a: Ninetales|Ninetales-Alola, L50, F|100/100\n|-weather|Snowscape|[from] ability: Snow Warning|[of] p1a: Ninetales\n|turn|2\n|\n|t:|1788296984\n|move|p2a: Empoleon|Flash Cannon|p1a: Ninetales\n|-supereffective|p1a: Ninetales|2\n|-enditem|p1a: Ninetales|Focus Sash\n|-damage|p1a: Ninetales|1/100\n|move|p1b: Farigiraf|Thunderbolt|p2a: Empoleon\n|-supereffective|p2a: Empoleon|1\n|-damage|p2a: Empoleon|43/100\n|move|p1a: Ninetales|Blizzard|p2a: Empoleon|[spread] p2a,p2b\n|-resisted|p2a: Empoleon|2\n|-damage|p2a: Empoleon|36/100\n|-damage|p2b: Blaziken|28/100\n|replace|p2b: Zoroark|Zoroark-Hisui, L50, M\n|-end|p2b: Zoroark|Illusion\n|move|p2b: Zoroark|Hyper Voice|p1a: Ninetales|[spread] p1a,p1b\n|-damage|p1a: Ninetales|0 fnt\n|-damage|p1b: Farigiraf|21/100\n|-enditem|p1b: Farigiraf|Sitrus Berry|[eat]\n|-heal|p1b: Farigiraf|46/100|[from] item: Sitrus Berry\n|faint|p1a: Ninetales\n|-damage|p2b: Zoroark|18/100|[from] item: Life Orb\n|\n|-weather|Snowscape|[upkeep]\n|-heal|p2a: Empoleon|41/100|[from] item: Leftovers\n|upkeep\n|\n|t:|1788297016\n|switch|p1a: Basculegion|Basculegion, L50, M|100/100\n|turn|3\n|inactive|Battle timer is ON: inactive players will automatically lose when time's up. (requested by cjflex8)\n|\n|t:|1788297029\n|move|p2a: Empoleon|Protect|p2a: Empoleon\n|-singleturn|p2a: Empoleon|Protect\n|move|p2b: Zoroark|Protect|p2b: Zoroark\n|-singleturn|p2b: Zoroark|Protect\n|move|p1b: Farigiraf|Psychic|p2b: Zoroark\n|-activate|p2b: Zoroark|move: Protect\n|move|p1a: Basculegion|Last Respects|p2a: Empoleon\n|-activate|p2a: Empoleon|move: Protect\n|\n|-weather|Snowscape|[upkeep]\n|-heal|p2a: Empoleon|47/100|[from] item: Leftovers\n|upkeep\n|turn|4\n|inactive|cjflex8 has 30 seconds left.\n|\n|t:|1788297056\n|move|p2a: Empoleon|Grass Knot|p1a: Basculegion\n|-supereffective|p1a: Basculegion|1\n|-damage|p1a: Basculegion|20/100r\n|move|p1b: Farigiraf|Psychic|p2b: Zoroark\n|-damage|p2b: Zoroark|0 fnt\n|faint|p2b: Zoroark\n|move|p1a: Basculegion|Last Respects|p2a: Empoleon\n|-damage|p2a: Empoleon|0 fnt\n|faint|p2a: Empoleon\n|\n|-weather|Snowscape|[upkeep]\n|upkeep\n|\n|t:|1788297065\n|switch|p2a: Blaziken|Blaziken, L50, M|100/100\n|switch|p2b: Basculegion|Basculegion, L50, M|100/100\n|turn|5\n|inactive|cjflex8 has 30 seconds left.\n|\n|t:|1788297093\n|detailschange|p2a: Blaziken|Blaziken-Mega, L50, M\n|-mega|p2a: Blaziken|Blaziken|Blazikenite\n|move|p1b: Farigiraf|Psychic|p2a: Blaziken\n|-supereffective|p2a: Blaziken|1\n|-damage|p2a: Blaziken|1/100\n|move|p2a: Blaziken|Flare Blitz|p1b: Farigiraf\n|-damage|p1b: Farigiraf|0 fnt\n|faint|p1b: Farigiraf\n|-damage|p2a: Blaziken|0 fnt|[from] Recoil\n|faint|p2a: Blaziken\n|move|p1a: Basculegion|Last Respects|p2b: Basculegion\n|-supereffective|p2b: Basculegion|1\n|-damage|p2b: Basculegion|0 fnt\n|faint|p2b: Basculegion\n|\n|win|4nye\n|inactive|4nye has 30 seconds to confirm battle start!\n|inactive|cjflex8 has 30 seconds to confirm battle start!\n||cjflex8 is ready for game 2.\n|c|☆4nye|LOL\n||4nye is ready for game 2.\n|uhtml|next|Next: <a href=\"/battle-gen9championsvgc2026regmbbo3-2674085395\"><strong>Game 2 of 3</strong></a>\n|l|☆cjflex8\n|player|p2|\n","uploadtime":1788297306,"views":"0","formatid":"gen9championsvgc2026regmbbo3","rating":null,"private":0,"password":null}