{"id":"gen9championsvgc2026regmb-2674102042","format":"[Gen 9 Champions] VGC 2026 Reg M-B","players":["Crotolamo67","nanotyrannus716"],"log":"|j|☆Crotolamo67\n|j|☆nanotyrannus716\n|t:|1788299392\n|gametype|doubles\n|player|p1|Crotolamo67|mina-lgpe|1393\n|player|p2|nanotyrannus716|170|1416\n|gen|9\n|tier|[Gen 9 Champions] VGC 2026 Reg M-B\n|rated|\n|rule|Species Clause: Limit one of each Pokémon\n|rule|Item Clause: Limit 1 of each item\n|clearpoke\n|poke|p1|Raichu, L50, M, shiny|\n|poke|p1|Aerodactyl, L50, M|\n|poke|p1|Kingambit, L50, M, shiny|\n|poke|p1|Basculegion, L50, M, shiny|\n|poke|p1|Ninetales-Alola, L50, F|\n|poke|p1|Tsareena, L50, F, shiny|\n|poke|p2|Sneasler, L50, F|\n|poke|p2|Basculegion, L50, M|\n|poke|p2|Dragonite, L50, M|\n|poke|p2|Garchomp, L50, M|\n|poke|p2|Kingambit, L50, F|\n|poke|p2|Froslass, L50, F|\n|teampreview|4\n|inactive|Battle timer is ON: inactive players will automatically lose when time's up. (requested by nanotyrannus716)\n|inactive|Crotolamo67 has 60 seconds left.\n|\n|t:|1788299442\n|teamsize|p1|4\n|teamsize|p2|4\n|start\n|switch|p1a: Aerodactyl|Aerodactyl, L50, M|100/100\n|switch|p1b: Tsareena|Tsareena, L50, F, shiny|100/100\n|switch|p2a: Basculegion|Basculegion, L50, M|100/100\n|switch|p2b: Froslass|Froslass, L50, F|100/100\n|-ability|p1a: Aerodactyl|Unnerve\n|turn|1\n|inactive|Crotolamo67 has 30 seconds left.\n|inactive|Crotolamo67 has 20 seconds left.\n|inactive|Crotolamo67 has 15 seconds left.\n|inactive|Crotolamo67 has 10 seconds left.\n|\n|t:|1788299490\n|detailschange|p2b: Froslass|Froslass-Mega, L50, F\n|-mega|p2b: Froslass|Froslass|Froslassite\n|-weather|Snowscape|[from] ability: Snow Warning|[of] p2b: Froslass\n|move|p1a: Aerodactyl|Protect|p1a: Aerodactyl\n|-singleturn|p1a: Aerodactyl|Protect\n|move|p2a: Basculegion|Protect|p2a: Basculegion\n|-singleturn|p2a: Basculegion|Protect\n|move|p2b: Froslass|Blizzard|p1b: Tsareena|[spread] p1b\n|-activate|p1a: Aerodactyl|move: Protect\n|-supereffective|p1b: Tsareena|1\n|-damage|p1b: Tsareena|0 fnt\n|faint|p1b: Tsareena\n|\n|-weather|Snowscape|[upkeep]\n|upkeep\n|\n|t:|1788299506\n|switch|p1b: Raichu|Raichu, L50, M, shiny|100/100\n|turn|2\n|\n|t:|1788299516\n|switch|p2a: Garchomp|Garchomp, L50, M|100/100\n|detailschange|p1b: Raichu|Raichu-Mega-Y, L50, M, shiny\n|-mega|p1b: Raichu|Raichu|Raichunite Y\n|move|p1a: Aerodactyl|Rock Slide|p2a: Garchomp|[spread] p2a,p2b\n|-resisted|p2a: Garchomp|1\n|-supereffective|p2b: Froslass|1\n|-damage|p2a: Garchomp|89/100\n|-damage|p2b: Froslass|51/100\n|move|p1b: Raichu|Zap Cannon|p2a: Garchomp\n|-immune|p2a: Garchomp\n|move|p2b: Froslass|Blizzard|p1a: Aerodactyl|[spread] p1a,p1b\n|-supereffective|p1a: Aerodactyl|1\n|-damage|p1a: Aerodactyl|0 fnt\n|-damage|p1b: Raichu|36/100\n|faint|p1a: Aerodactyl\n|\n|-weather|Snowscape|[upkeep]\n|upkeep\n|\n|t:|1788299518\n|switch|p1a: Ninetales|Ninetales-Alola, L50, F|100/100\n|turn|3\n|inactive|nanotyrannus716 has 30 seconds left.\n|\n|t:|1788299550\n|move|p2a: Garchomp|Rock Slide|p1a: Ninetales|[spread] p1a,p1b\n|-supereffective|p1a: Ninetales|1\n|-damage|p1a: Ninetales|55/100\n|-damage|p1b: Raichu|7/100\n|move|p1b: Raichu|Zap Cannon|p2b: Froslass\n|-damage|p2b: Froslass|0 fnt\n|faint|p2b: Froslass\n|cant|p1a: Ninetales|flinch\n|\n|-weather|Snowscape|[upkeep]\n|upkeep\n|\n|t:|1788299565\n|switch|p2b: Kingambit|Kingambit, L50, F|100/100\n|turn|4\n|\n|t:|1788299572\n|move|p1b: Raichu|Protect|p1b: Raichu\n|-singleturn|p1b: Raichu|Protect\n|move|p2b: Kingambit|Sucker Punch||[still]\n|-fail|p2b: Kingambit\n|move|p2a: Garchomp|Rock Slide|p1a: Ninetales|[spread] p1a\n|-activate|p1b: Raichu|move: Protect\n|-supereffective|p1a: Ninetales|1\n|-damage|p1a: Ninetales|12/100\n|move|p1a: Ninetales|Blizzard|p2b: Kingambit|[spread] p2a,p2b\n|-supereffective|p2a: Garchomp|2\n|-resisted|p2b: Kingambit|1\n|-damage|p2a: Garchomp|0 fnt\n|-damage|p2b: Kingambit|84/100\n|faint|p2a: Garchomp\n|\n|-weather|Snowscape|[upkeep]\n|upkeep\n|\n|t:|1788299588\n|switch|p2a: Basculegion|Basculegion, L50, M|100/100\n|turn|5\n|c|☆Crotolamo67|This game is so funny haha\n|-message|Crotolamo67 forfeited.\n|\n|win|nanotyrannus716\n","uploadtime":1788299394,"views":"1","formatid":"gen9championsvgc2026regmb","rating":null,"private":0,"password":null}