{"id":"gen9championsvgc2026regmbbo3-2674860186","format":"[Gen 9 Champions] VGC 2026 Reg M-B (Bo3)","players":["sweetchan","okkia3"],"log":"|j|☆sweetchan\n|j|☆okkia3\n|html|<table width=\"100%\"><tr><td align=\"left\">sweetchan</td><td align=\"right\">okkia3</tr><tr><td align=\"left\"><i class=\"fa fa-circle-o\"></i> <i class=\"fa fa-circle-o\"></i> </td><td align=\"right\"><i class=\"fa fa-circle-o\"></i> <i class=\"fa fa-circle-o\"></i> </tr></table>\n|uhtml|bestof|<h2><strong>Game 1</strong> of <a href=\"/game-bestof3-gen9championsvgc2026regmbbo3-2674860185\">a best-of-3</a></h2>\n|t:|1788423262\n|gametype|doubles\n|player|p1|sweetchan|gardenia|1002\n|player|p2|okkia3|102|1000\n|gen|9\n|tier|[Gen 9 Champions] VGC 2026 Reg M-B (Bo3)\n|rated|\n|rule|Species Clause: Limit one of each Pokémon\n|rule|Item Clause: Limit 1 of each item\n|clearpoke\n|poke|p1|Sableye, L50, F|\n|poke|p1|Gourgeist-Small, L50, M, shiny|\n|poke|p1|Sneasler, L50, M|\n|poke|p1|Chesnaught, L50, M, shiny|\n|poke|p1|Rotom-Heat, L50, shiny|\n|poke|p1|Kingambit, L50, F, shiny|\n|poke|p2|Charizard, L50, F|\n|poke|p2|Whimsicott, L50, F|\n|poke|p2|Basculegion, L50, M|\n|poke|p2|Farigiraf, L50, M|\n|poke|p2|Kangaskhan, L50, F|\n|poke|p2|Sneasler, L50, M|\n|teampreview|4\n|showteam|p1|Sableye||Sablenite|Prankster|Hex,WillOWisp,CalmMind,Recover|Sassy||F|||50|]Gourgeist-Small||LifeOrb|Insomnia|TrickorTreat,LeechSeed,GrassKnot,ShadowBall|Timid||M|||50|]Sneasler||SitrusBerry|PoisonTouch|CloseCombat,PoisonJab,FakeOut,QuickGuard|Jolly||M|||50|]Chesnaught||Chesnaughtite|Overgrow|CloseCombat,GrassKnot,DrainPunch,SpikyShield|Relaxed||M|||50|]Rotom-Heat||Charcoal|Levitate|Overheat,ShadowBall,Protect,WillOWisp|Timid|||||50|]Kingambit||BlackGlasses|Defiant|IronHead,KowtowCleave,LowKick,SuckerPunch|Adamant||F|||50|\n|showteam|p2|Charizard||CharizarditeY|SolarPower|WeatherBall,HeatWave,SolarBeam,Protect|Timid||F|||50|]Whimsicott||FocusSash|Prankster|Moonblast,Tailwind,SunnyDay,Encore|Timid||F|||50|]Basculegion||ChoiceScarf|Adaptability|WaveCrash,AquaJet,LastRespects,FlipTurn|Adamant||M|||50|]Farigiraf||SitrusBerry|ArmorTail|Psychic,HyperVoice,HelpingHand,TrickRoom|Modest||M|||50|]Kangaskhan||Kangaskhanite|Scrappy|FakeOut,DoubleEdge,DrainPunch,SuckerPunch|Adamant||F|||50|]Sneasler||WhiteHerb|Unburden|FakeOut,CloseCombat,DireClaw,RockTomb|Adamant||M|||50|\n|inactive|Battle timer is ON: inactive players will automatically lose when time's up. (requested by okkia3)\n|inactive|sweetchan has 60 seconds left.\n|\n|t:|1788423298\n|teamsize|p1|4\n|teamsize|p2|4\n|start\n|switch|p1a: Sneasler|Sneasler, L50, M|100/100\n|switch|p1b: Sableye|Sableye, L50, F|100/100\n|switch|p2a: Basculegion|Basculegion, L50, M|100/100\n|switch|p2b: Kangaskhan|Kangaskhan, L50, F|100/100\n|turn|1\n|\n|t:|1788423312\n|detailschange|p2b: Kangaskhan|Kangaskhan-Mega, L50, F\n|-mega|p2b: Kangaskhan|Kangaskhan|Kangaskhanite\n|detailschange|p1b: Sableye|Sableye-Mega, L50, F\n|-mega|p1b: Sableye|Sableye|Sablenite\n|move|p1a: Sneasler|Fake Out|p2b: Kangaskhan\n|-damage|p2b: Kangaskhan|85/100\n|-status|p2b: Kangaskhan|psn|[from] ability: Poison Touch|[of] p1a: Sneasler\n|move|p2a: Basculegion|Wave Crash|p1b: Sableye\n|-damage|p1b: Sableye|21/100\n|-damage|p2a: Basculegion|78/100|[from] Recoil\n|cant|p2b: Kangaskhan|flinch\n|move|p1b: Sableye|Calm Mind|p1b: Sableye\n|-boost|p1b: Sableye|spa|1\n|-boost|p1b: Sableye|spd|1\n|\n|-damage|p2b: Kangaskhan|73/100 psn|[from] psn\n|upkeep\n|turn|2\n|inactive|sweetchan has 30 seconds left.\n|\n|t:|1788423342\n|switch|p1b: Kingambit|Kingambit, L50, F, shiny|100/100\n|move|p2a: Basculegion|Wave Crash|p1b: Kingambit\n|-damage|p1b: Kingambit|42/100\n|-damage|p2a: Basculegion|58/100|[from] Recoil\n|move|p1a: Sneasler|Close Combat|p2b: Kangaskhan\n|-supereffective|p2b: Kangaskhan|1\n|-damage|p2b: Kangaskhan|0 fnt\n|-unboost|p1a: Sneasler|def|1\n|-unboost|p1a: Sneasler|spd|1\n|faint|p2b: Kangaskhan\n|\n|upkeep\n|\n|t:|1788423342\n|switch|p2b: Farigiraf|Farigiraf, L50, M|100/100\n|turn|3\n|\n|t:|1788423362\n|switch|p2a: Sneasler|Sneasler, L50, M|100/100\n|move|p1b: Kingambit|Sucker Punch||[still]\n|cant|p2b: Farigiraf|ability: Armor Tail|Sucker Punch|[of] p1b: Kingambit\n|move|p1a: Sneasler|Close Combat|p2b: Farigiraf\n|-damage|p2b: Farigiraf|38/100\n|-unboost|p1a: Sneasler|def|1\n|-unboost|p1a: Sneasler|spd|1\n|-enditem|p2b: Farigiraf|Sitrus Berry|[eat]\n|-heal|p2b: Farigiraf|63/100|[from] item: Sitrus Berry\n|move|p2b: Farigiraf|Psychic|p1a: Sneasler\n|-supereffective|p1a: Sneasler|2\n|-damage|p1a: Sneasler|0 fnt\n|faint|p1a: Sneasler\n|\n|upkeep\n|\n|t:|1788423371\n|switch|p1a: Rotom|Rotom-Heat, L50, shiny|100/100\n|turn|4\n|\n|t:|1788423380\n|switch|p2b: Basculegion|Basculegion, L50, M|58/100\n|move|p1b: Kingambit|Sucker Punch||[still]\n|-fail|p1b: Kingambit\n|move|p2a: Sneasler|Close Combat|p1b: Kingambit\n|-supereffective|p1b: Kingambit|2\n|-damage|p1b: Kingambit|0 fnt\n|-unboost|p2a: Sneasler|def|1\n|-unboost|p2a: Sneasler|spd|1\n|faint|p1b: Kingambit\n|-enditem|p2a: Sneasler|White Herb\n|-clearnegativeboost|p2a: Sneasler|[silent]\n|move|p1a: Rotom|Overheat|p2a: Sneasler\n|-crit|p2a: Sneasler\n|-damage|p2a: Sneasler|0 fnt\n|-unboost|p1a: Rotom|spa|2\n|faint|p2a: Sneasler\n|\n|upkeep\n|\n|t:|1788423383\n|switch|p2a: Farigiraf|Farigiraf, L50, M|63/100\n|switch|p1b: Sableye|Sableye-Mega, L50, F|21/100\n|turn|5\n|\n|t:|1788423390\n|move|p2b: Basculegion|Last Respects|p1b: Sableye\n|-damage|p1b: Sableye|0 fnt\n|faint|p1b: Sableye\n|move|p1a: Rotom|Shadow Ball|p2b: Basculegion\n|-supereffective|p2b: Basculegion|1\n|-damage|p2b: Basculegion|31/100\n|move|p2a: Farigiraf|Trick Room|p2a: Farigiraf\n|-fieldstart|move: Trick Room|[of] p2a: Farigiraf\n|\n|upkeep\n|turn|6\n|\n|t:|1788423400\n|move|p2a: Farigiraf|Psychic|p1a: Rotom\n|-damage|p1a: Rotom|50/100g\n|move|p1a: Rotom|Shadow Ball|p2b: Basculegion\n|-supereffective|p2b: Basculegion|1\n|-damage|p2b: Basculegion|3/100\n|-unboost|p2b: Basculegion|spd|1\n|move|p2b: Basculegion|Last Respects|p1a: Rotom\n|-damage|p1a: Rotom|0 fnt\n|faint|p1a: Rotom\n|\n|win|okkia3\n","uploadtime":1788423400,"views":"1","formatid":"gen9championsvgc2026regmbbo3","rating":null,"private":0,"password":null}