{"id":"gen9championsvgc2026regmb-2674256041","format":"[Gen 9 Champions] VGC 2026 Reg M-B","players":["cadeicewood","he0"],"log":"|j|☆cadeicewood\n|j|☆he0\n|t:|1788324638\n|gametype|doubles\n|player|p1|cadeicewood|boarder|1357\n|player|p2|he0|170|1310\n|gen|9\n|tier|[Gen 9 Champions] VGC 2026 Reg M-B\n|rated|\n|rule|Species Clause: Limit one of each Pokémon\n|rule|Item Clause: Limit 1 of each item\n|clearpoke\n|poke|p1|Camerupt, L50, F, shiny|\n|poke|p1|Farigiraf, L50, F|\n|poke|p1|Incineroar, L50, M|\n|poke|p1|Sylveon, L50, M, shiny|\n|poke|p1|Abomasnow, L50, M, shiny|\n|poke|p1|Maushold-Four, L50, shiny|\n|poke|p2|Pinsir, L50, M|\n|poke|p2|Garchomp, L50, M|\n|poke|p2|Archaludon, L50, M|\n|poke|p2|Froslass, L50, F|\n|poke|p2|Pelipper, L50, M|\n|poke|p2|Sneasler, L50, M|\n|teampreview|4\n|inactive|Battle timer is ON: inactive players will automatically lose when time's up. (requested by cadeicewood)\n|inactive|cadeicewood has 60 seconds left.\n|\n|t:|1788324680\n|teamsize|p1|4\n|teamsize|p2|4\n|start\n|switch|p1a: Evayi|Farigiraf, L50, F|100/100\n|switch|p1b: 42 Dugg|Maushold-Four, L50, shiny|100/100\n|switch|p2a: Froslass|Froslass, L50, F|100/100\n|switch|p2b: Archaludon|Archaludon, L50, M|100/100\n|turn|1\n|inactive|cadeicewood has 30 seconds left.\n|inactive|he0 has 30 seconds left.\n|inactive|cadeicewood has 20 seconds left.\n|\n|t:|1788324716\n|switch|p1b: Chito|Incineroar, L50, M|100/100\n|-ability|p1b: Chito|Intimidate|boost\n|-unboost|p2a: Froslass|atk|1\n|-unboost|p2b: Archaludon|atk|1\n|detailschange|p2a: Froslass|Froslass-Mega, L50, F\n|-mega|p2a: Froslass|Froslass|Froslassite\n|-weather|Snowscape|[from] ability: Snow Warning|[of] p2a: Froslass\n|move|p2a: Froslass|Aurora Veil|p2a: Froslass\n|-sidestart|p2: he0|move: Aurora Veil\n|move|p2b: Archaludon|Flash Cannon|p1b: Chito\n|-resisted|p1b: Chito|1\n|-damage|p1b: Chito|80/100\n|move|p1a: Evayi|Trick Room|p1a: Evayi\n|-fieldstart|move: Trick Room|[of] p1a: Evayi\n|\n|-weather|Snowscape|[upkeep]\n|upkeep\n|turn|2\n|inactive|cadeicewood has 30 seconds left.\n|\n|t:|1788324745\n|switch|p2a: Pelipper|Pelipper, L50, M|100/100\n|-weather|RainDance|[from] ability: Drizzle|[of] p2a: Pelipper\n|move|p1a: Evayi|Helping Hand|p1b: Chito\n|-singleturn|p1b: Chito|Helping Hand|[of] p1a: Evayi\n|move|p1b: Chito|Close Combat|p2b: Archaludon\n|-supereffective|p2b: Archaludon|1\n|-damage|p2b: Archaludon|35/100\n|-unboost|p1b: Chito|def|1\n|-unboost|p1b: Chito|spd|1\n|-ability|p2b: Archaludon|Stamina|boost\n|-boost|p2b: Archaludon|def|1\n|-enditem|p1b: Chito|White Herb\n|-clearnegativeboost|p1b: Chito|[silent]\n|move|p2b: Archaludon|Electro Shot||[still]\n|-prepare|p2b: Archaludon|Electro Shot\n|-boost|p2b: Archaludon|spa|1\n|-anim|p2b: Archaludon|Electro Shot|p1b: Chito\n|-damage|p1b: Chito|20/100y\n|\n|-weather|RainDance|[upkeep]\n|-heal|p2b: Archaludon|41/100|[from] item: Leftovers\n|upkeep\n|turn|3\n|inactive|cadeicewood has 30 seconds left.\n|inactive|he0 has 30 seconds left.\n|inactive|cadeicewood has 20 seconds left.\n|\n|t:|1788324782\n|switch|p1b: Jeezy|Abomasnow, L50, M, shiny|100/100\n|-weather|Snowscape|[from] ability: Snow Warning|[of] p1b: Jeezy\n|move|p2b: Archaludon|Protect|p2b: Archaludon\n|-singleturn|p2b: Archaludon|Protect\n|move|p1a: Evayi|Thunderbolt|p2a: Pelipper\n|-supereffective|p2a: Pelipper|2\n|-damage|p2a: Pelipper|5/100\n|move|p2a: Pelipper|Weather Ball|p1b: Jeezy\n|-damage|p1b: Jeezy|73/100\n|\n|-weather|Snowscape|[upkeep]\n|-heal|p2b: Archaludon|47/100|[from] item: Leftovers\n|upkeep\n|turn|4\n|inactive|cadeicewood has 30 seconds left.\n|inactive|he0 has 30 seconds left.\n|inactive|cadeicewood has 20 seconds left.\n|inactive|cadeicewood has 15 seconds left.\n|inactive|cadeicewood has 10 seconds left.\n|\n|t:|1788324829\n|switch|p2a: Froslass|Froslass-Mega, L50, F|100/100\n|detailschange|p1b: Jeezy|Abomasnow-Mega, L50, M, shiny\n|-mega|p1b: Jeezy|Abomasnow|Abomasite\n|move|p1a: Evayi|Helping Hand|p1b: Jeezy\n|-singleturn|p1b: Jeezy|Helping Hand|[of] p1a: Evayi\n|move|p1b: Jeezy|Earth Power|p2b: Archaludon\n|-supereffective|p2b: Archaludon|1\n|-damage|p2b: Archaludon|0 fnt\n|faint|p2b: Archaludon\n|\n|-weather|Snowscape|[upkeep]\n|upkeep\n|\n|t:|1788324839\n|switch|p2b: Pelipper|Pelipper, L50, M|5/100\n|-weather|RainDance|[from] ability: Drizzle|[of] p2b: Pelipper\n|turn|5\n|inactive|cadeicewood has 30 seconds left.\n|\n|t:|1788324866\n|switch|p1a: Chito|Incineroar, L50, M|20/100y\n|-ability|p1a: Chito|Intimidate|boost\n|-unboost|p2a: Froslass|atk|1\n|-unboost|p2b: Pelipper|atk|1\n|move|p2b: Pelipper|Protect|p2b: Pelipper\n|-singleturn|p2b: Pelipper|Protect\n|move|p1b: Jeezy|Ice Shard|p2b: Pelipper\n|-activate|p2b: Pelipper|move: Protect\n|move|p2a: Froslass|Blizzard|p1a: Chito|[spread] p1a,p1b\n|-resisted|p1a: Chito|1\n|-damage|p1a: Chito|0 fnt\n|-damage|p1b: Jeezy|31/100\n|faint|p1a: Chito\n|\n|-weather|RainDance|[upkeep]\n|-sideend|p2: he0|move: Aurora Veil\n|-fieldend|move: Trick Room\n|upkeep\n|\n|t:|1788324890\n|switch|p1a: Evayi|Farigiraf, L50, F|100/100\n|turn|6\n|inactive|cadeicewood has 30 seconds left.\n|\n|t:|1788324921\n|move|p1b: Jeezy|Ice Shard|p2b: Pelipper\n|-damage|p2b: Pelipper|0 fnt\n|faint|p2b: Pelipper\n|move|p2a: Froslass|Blizzard|p1b: Jeezy|[spread] p1a,p1b\n|-damage|p1a: Evayi|59/100\n|-damage|p1b: Jeezy|0 fnt\n|faint|p1b: Jeezy\n|move|p1a: Evayi|Thunderbolt|p2a: Froslass\n|-damage|p2a: Froslass|71/100\n|\n|-weather|RainDance|[upkeep]\n|upkeep\n|inactive|cadeicewood has 30 seconds left.\n|inactive|cadeicewood has 20 seconds left.\n|\n|t:|1788324957\n|switch|p2b: Sneasler|Sneasler, L50, M|100/100\n|switch|p1b: 42 Dugg|Maushold-Four, L50, shiny|100/100\n|turn|7\n|\n|t:|1788324972\n|move|p1b: 42 Dugg|Protect|p1b: 42 Dugg\n|-singleturn|p1b: 42 Dugg|Protect\n|move|p2b: Sneasler|Close Combat|p1b: 42 Dugg\n|-activate|p1b: 42 Dugg|move: Protect\n|move|p2a: Froslass|Blizzard|p1a: Evayi|[spread] p1a\n|-activate|p1b: 42 Dugg|move: Protect\n|-damage|p1a: Evayi|20/100y\n|-enditem|p1a: Evayi|Sitrus Berry|[eat]\n|-heal|p1a: Evayi|45/100|[from] item: Sitrus Berry\n|move|p1a: Evayi|Twin Beam|p2b: Sneasler\n|-supereffective|p2b: Sneasler|2\n|-damage|p2b: Sneasler|15/100\n|-supereffective|p2b: Sneasler|2\n|-damage|p2b: Sneasler|0 fnt\n|faint|p2b: Sneasler\n|-hitcount|p2: Sneasler|2\n|\n|-weather|RainDance|[upkeep]\n|upkeep\n|turn|8\n|inactive|cadeicewood has 30 seconds left.\n|inactive|cadeicewood has 20 seconds left.\n|\n|t:|1788325010\n|move|p2a: Froslass|Blizzard|p1b: 42 Dugg|[spread] p1a,p1b\n|-damage|p1a: Evayi|6/100\n|-damage|p1b: 42 Dugg|43/100\n|-status|p1a: Evayi|frz\n|move|p1b: 42 Dugg|After You|p1a: Evayi\n|-activate|p1a: Evayi|move: After You\n|cant|p1a: Evayi|frz\n|\n|-weather|RainDance|[upkeep]\n|upkeep\n|turn|9\n|\n|t:|1788325031\n|move|p2a: Froslass|Blizzard|p1a: Evayi|[spread] p1b\n|-miss|p2a: Froslass|p1a: Evayi\n|-damage|p1b: 42 Dugg|0 fnt\n|faint|p1b: 42 Dugg\n|cant|p1a: Evayi|frz\n|\n|-weather|none\n|upkeep\n|turn|10\n|\n|t:|1788325044\n|move|p2a: Froslass|Blizzard|p1a: Evayi\n|-damage|p1a: Evayi|0 fnt\n|faint|p1a: Evayi\n|\n|win|he0\n|raw|cadeicewood's rating: 1357 &rarr; <strong>1334</strong><br />(-23 for losing)\n|raw|he0's rating: 1310 &rarr; <strong>1333</strong><br />(+23 for winning)\n","uploadtime":1788325049,"views":"3","formatid":"gen9championsvgc2026regmb","rating":1333,"private":0,"password":null}