{"id":"gen9championsvgc2026regmb-2674905239","format":"[Gen 9 Champions] VGC 2026 Reg M-B","players":["dcxasasdasd","Thornlace48812"],"log":"|j|☆dcxasasdasd\n|j|☆Thornlace48812\n|t:|1788433293\n|gametype|doubles\n|player|p1|dcxasasdasd|169|1204\n|player|p2|Thornlace48812|102|1299\n|gen|9\n|tier|[Gen 9 Champions] VGC 2026 Reg M-B\n|rated|\n|rule|Species Clause: Limit one of each Pokémon\n|rule|Item Clause: Limit 1 of each item\n|clearpoke\n|poke|p1|Charizard, L50, M|\n|poke|p1|Venusaur, L50, M|\n|poke|p1|Pelipper, L50, M|\n|poke|p1|Archaludon, L50, F|\n|poke|p1|Grimmsnarl, L50, M|\n|poke|p1|Basculegion, L50, M|\n|poke|p2|Garchomp, L50, M|\n|poke|p2|Charizard, L50, F|\n|poke|p2|Whimsicott, L50, F|\n|poke|p2|Sylveon, L50, F|\n|poke|p2|Kingambit, L50, M|\n|poke|p2|Basculegion, L50, M|\n|teampreview|4\n|inactive|Battle timer is ON: inactive players will automatically lose when time's up. (requested by Thornlace48812)\nThornlace48812 rejected open team sheets.\n|\n|t:|1788433305\n|teamsize|p1|4\n|teamsize|p2|4\n|start\n|switch|p1a: Grimmsnarl|Grimmsnarl, L50, M|100/100\n|switch|p1b: Basculegion|Basculegion, L50, M|100/100\n|switch|p2a: Charizard|Charizard, L50, F|100/100\n|switch|p2b: Garchomp|Garchomp, L50, M|100/100\n|turn|1\n|inactive|dcxasasdasd has 30 seconds left.\n|\n|t:|1788433330\n|detailschange|p2a: Charizard|Charizard-Mega-Y, L50, F\n|-mega|p2a: Charizard|Charizard|Charizardite Y\n|-weather|SunnyDay|[from] ability: Drought|[of] p2a: Charizard\n|move|p1a: Grimmsnarl|Light Screen|p1a: Grimmsnarl\n|-sidestart|p1: dcxasasdasd|move: Light Screen\n|move|p2b: Garchomp|Earthquake|p1b: Basculegion|[spread] p1a,p1b\n|-immune|p2a: Charizard\n|-damage|p1a: Grimmsnarl|48/100\n|-damage|p1b: Basculegion|43/100\n|-damage|p2b: Garchomp|90/100|[from] item: Life Orb\n|move|p2a: Charizard|Ancient Power|p1b: Basculegion\n|-damage|p1b: Basculegion|22/100\n|move|p1b: Basculegion|Flip Turn|p2b: Garchomp\n|-damage|p2b: Garchomp|67/100\n|-damage|p1b: Basculegion|9/100|[from] ability: Rough Skin|[of] p2b: Garchomp\n|\n|t:|1788433345\n|switch|p1b: Pelipper|Pelipper, L50, M|100/100|[from] Flip Turn\n|-weather|RainDance|[from] ability: Drizzle|[of] p1b: Pelipper\n|\n|-weather|RainDance|[upkeep]\n|upkeep\n|turn|2\n|\n|t:|1788433357\n|switch|p2a: Sylveon|Sylveon, L50, F|100/100\n|move|p1a: Grimmsnarl|Reflect|p1a: Grimmsnarl\n|-sidestart|p1: dcxasasdasd|Reflect\n|move|p2b: Garchomp|Dragon Claw|p1b: Pelipper\n|-damage|p1b: Pelipper|60/100\n|-damage|p2b: Garchomp|57/100|[from] item: Life Orb\n|move|p1b: Pelipper|Tailwind|p1b: Pelipper\n|-sidestart|p1: dcxasasdasd|move: Tailwind\n|\n|-weather|RainDance|[upkeep]\n|upkeep\n|turn|3\n|\n|t:|1788433375\n|move|p1a: Grimmsnarl|Parting Shot|p2a: Sylveon\n|-unboost|p2a: Sylveon|atk|1\n|-unboost|p2a: Sylveon|spa|1\n|\n|t:|1788433379\n|switch|p1a: Basculegion|Basculegion, L50, M|9/100|[from] Parting Shot\n|move|p1b: Pelipper|Hurricane|p2a: Sylveon\n|-damage|p2a: Sylveon|63/100\n|-start|p2a: Sylveon|confusion\n|move|p2b: Garchomp|Dragon Claw|p1b: Pelipper\n|-damage|p1b: Pelipper|17/100\n|-enditem|p1b: Pelipper|Sitrus Berry|[eat]\n|-heal|p1b: Pelipper|42/100|[from] item: Sitrus Berry\n|-damage|p2b: Garchomp|48/100|[from] item: Life Orb\n|-activate|p2a: Sylveon|confusion\n|move|p2a: Sylveon|Hyper Voice|p1a: Basculegion|[spread] p1a,p1b\n|-damage|p1a: Basculegion|0 fnt\n|-damage|p1b: Pelipper|8/100\n|faint|p1a: Basculegion\n|\n|-weather|RainDance|[upkeep]\n|upkeep\n|\n|t:|1788433396\n|switch|p1a: Grimmsnarl|Grimmsnarl, L50, M|48/100\n|turn|4\n|\n|t:|1788433410\n|switch|p1b: Archaludon|Archaludon, L50, F|100/100\n|switch|p2a: Charizard|Charizard-Mega-Y, L50, F|100/100\n|-weather|SunnyDay|[from] ability: Drought|[of] p2a: Charizard\n|move|p1a: Grimmsnarl|Parting Shot|p2b: Garchomp\n|-unboost|p2b: Garchomp|atk|1\n|-unboost|p2b: Garchomp|spa|1\n|\n|t:|1788433418\n|switch|p1a: Pelipper|Pelipper, L50, M|8/100|[from] Parting Shot\n|-weather|RainDance|[from] ability: Drizzle|[of] p1a: Pelipper\n|move|p2b: Garchomp|Dragon Claw|p1b: Archaludon\n|-damage|p1b: Archaludon|82/100\n|-ability|p1b: Archaludon|Stamina|boost\n|-boost|p1b: Archaludon|def|1\n|-damage|p2b: Garchomp|38/100|[from] item: Life Orb\n|\n|-weather|RainDance|[upkeep]\n|-heal|p1b: Archaludon|88/100|[from] item: Leftovers\n|upkeep\n|turn|5\n|\n|t:|1788433434\n|move|p1b: Archaludon|Electro Shot||[still]\n|-prepare|p1b: Archaludon|Electro Shot\n|-boost|p1b: Archaludon|spa|1\n|-anim|p1b: Archaludon|Electro Shot|p2a: Charizard\n|-supereffective|p2a: Charizard|1\n|-crit|p2a: Charizard\n|-damage|p2a: Charizard|0 fnt\n|faint|p2a: Charizard\n|move|p1a: Pelipper|Weather Ball|p2b: Garchomp\n|-damage|p2b: Garchomp|0 fnt\n|faint|p2b: Garchomp\n|\n|-weather|RainDance|[upkeep]\n|-heal|p1b: Archaludon|94/100|[from] item: Leftovers\n|-sideend|p1: dcxasasdasd|move: Tailwind\n|upkeep\n|\n|t:|1788433434\n|switch|p2b: Basculegion|Basculegion, L50, M|100/100\n|switch|p2a: Sylveon|Sylveon, L50, F|63/100\n|turn|6\n|\n|t:|1788433452\n|move|p2a: Sylveon|Detect|p2a: Sylveon\n|-singleturn|p2a: Sylveon|Protect\n|move|p1a: Pelipper|Wide Guard|p1a: Pelipper\n|-singleturn|p1a: Pelipper|Wide Guard\n|move|p2b: Basculegion|Last Respects|p1a: Pelipper\n|-damage|p1a: Pelipper|0 fnt\n|faint|p1a: Pelipper\n|move|p1b: Archaludon|Electro Shot||[still]\n|-prepare|p1b: Archaludon|Electro Shot\n|-boost|p1b: Archaludon|spa|1\n|-anim|p1b: Archaludon|Electro Shot|p2b: Basculegion\n|-supereffective|p2b: Basculegion|1\n|-damage|p2b: Basculegion|0 fnt\n|faint|p2b: Basculegion\n|\n|-weather|RainDance|[upkeep]\n|-heal|p1b: Archaludon|100/100|[from] item: Leftovers\n|upkeep\n|\n|t:|1788433466\n|switch|p1a: Grimmsnarl|Grimmsnarl, L50, M|48/100\n|turn|7\n|\n|t:|1788433473\n|move|p2a: Sylveon|Detect||[still]\n|-fail|p2a: Sylveon\n|move|p1a: Grimmsnarl|Parting Shot|p2a: Sylveon\n|-unboost|p2a: Sylveon|atk|1\n|-unboost|p2a: Sylveon|spa|1\n|move|p1b: Archaludon|Flash Cannon|p2a: Sylveon\n|-supereffective|p2a: Sylveon|1\n|-damage|p2a: Sylveon|0 fnt\n|faint|p2a: Sylveon\n|\n|win|dcxasasdasd\n|raw|dcxasasdasd's rating: 1204 &rarr; <strong>1233</strong><br />(+29 for winning)\n|raw|Thornlace48812's rating: 1255 &rarr; <strong>1226</strong><br />(-29 for losing)\n","uploadtime":1788433474,"views":"1","formatid":"gen9championsvgc2026regmb","rating":1226,"private":0,"password":null}