{"id":"gen9championsvgc2026regmb-2674258850","format":"[Gen 9 Champions] VGC 2026 Reg M-B","players":["idkwhatimdoinglol2","xxslayrxx"],"log":"|j|☆idkwhatimdoinglol2\n|j|☆xxslayrxx\n|html|<table width=\"100%\"><tr><td align=\"left\">idkwhatimdoinglol2</td><td align=\"right\">xxslayrxx</tr><tr><td align=\"left\"><i class=\"fa fa-circle\"></i> <i class=\"fa fa-circle-o\"></i> </td><td align=\"right\"><i class=\"fa fa-circle-o\"></i> <i class=\"fa fa-circle\"></i> </tr></table>\n|uhtml|bestof|<h2><strong>Game 3</strong> of <a href=\"/game-bestof3-gen9championsvgc2026regmb-2674253290\">a best-of-3</a></h2>\n|t:|1788325265\n|gametype|doubles\n|player|p1|idkwhatimdoinglol2|policeman-gen4|\n|player|p2|xxslayrxx|backersf|\n|gen|9\n|tier|[Gen 9 Champions] VGC 2026 Reg M-B\n|rule|Species Clause: Limit one of each Pokémon\n|rule|Item Clause: Limit 1 of each item\n|raw|<div class=\"infobox\"><details class=\"readmore\" open><summary><strong>1 custom rule:</strong></summary> Best of = 3</details></div>\n|clearpoke\n|poke|p1|Tyranitar, L50, F|\n|poke|p1|Gallade, L50, M|\n|poke|p1|Rotom-Wash, L50|\n|poke|p1|Volcarona, L50, M|\n|poke|p1|Excadrill, L50, M|\n|poke|p1|Houndstone, L50, M|\n|poke|p2|Gliscor, L50, M, shiny|\n|poke|p2|Meowscarada, L50, M, shiny|\n|poke|p2|Klefki, L50, F, shiny|\n|poke|p2|Mawile, L50, M, shiny|\n|poke|p2|Clawitzer, L50, F, shiny|\n|poke|p2|Maushold-Four, L50, shiny|\n|teampreview|4\n|j| ShadowFlamePkm\n|j| weepyduckling22\n|c| ShadowFlamePkm|The streak is over\n|l| weepyduckling22\n|j| weepyduckling22\nidkwhatimdoinglol2 rejected open team sheets.\n|\n|t:|1788325437\n|teamsize|p1|4\n|teamsize|p2|4\n|start\n|switch|p1a: Gallame|Gallade, L50, M|100/100\n|switch|p1b: Rotom|Rotom-Wash, L50|100/100\n|switch|p2a: Mega Mawile|Gliscor, L50, M, shiny|100/100\n|switch|p2b: Family of Four|Maushold-Four, L50, shiny|100/100\n|turn|1\n|\n|t:|1788325473\n|move|p2a: Mega Mawile|Protect|p2a: Mega Mawile\n|-singleturn|p2a: Mega Mawile|Protect\n|move|p2b: Family of Four|Super Fang|p1a: Gallame\n|-damage|p1a: Gallame|50/100g\n|move|p1b: Rotom|Reflect|p1b: Rotom\n|-sidestart|p1: idkwhatimdoinglol2|Reflect\n|move|p1a: Gallame|Triple Axel|p2a: Mega Mawile\n|-activate|p2a: Mega Mawile|move: Protect\n|\n|upkeep\n|turn|2\n|c| ShadowFlamePkm|Tsareena is that you\n|c| ShadowFlamePkm|I had no idea that it got triple axel\n|c| ShadowFlamePkm|Lock in Kaden\n|c| ShadowFlamePkm|He’s deafened Jeffrey so it’s hype\n|\n|t:|1788325577\n|switch|p2a: Goat MVP|Clawitzer, L50, F, shiny|100/100\n|detailschange|p1a: Gallame|Gallade-Mega, L50, M\n|-mega|p1a: Gallame|Gallade|Galladite\n|move|p2b: Family of Four|Super Fang|p1b: Rotom\n|-damage|p1b: Rotom|50/100g\n|move|p1a: Gallame|Brick Break|p2b: Family of Four\n|-supereffective|p2b: Family of Four|1\n|-enditem|p2b: Family of Four|Chople Berry|[eat]\n|-enditem|p2b: Family of Four|Chople Berry|[weaken]\n|-damage|p2b: Family of Four|49/100\n|move|p1b: Rotom|Hydro Pump|p2b: Family of Four\n|-damage|p2b: Family of Four|0 fnt\n|faint|p2b: Family of Four\n|\n|upkeep\n|\n|t:|1788325602\n|switch|p2b: Mommy|Meowscarada, L50, M, shiny|100/100\n|turn|3\n|\n|t:|1788325669\n|move|p2b: Mommy|Flower Trick|p1b: Rotom\n|-start|p2b: Mommy|typechange|Grass|[from] ability: Protean\n|-supereffective|p1b: Rotom|1\n|-crit|p1b: Rotom\n|-enditem|p1b: Rotom|Rindo Berry|[eat]\n|-enditem|p1b: Rotom|Rindo Berry|[weaken]\n|-damage|p1b: Rotom|1/100\n|move|p2a: Goat MVP|Water Pulse|p1a: Gallame\n|-damage|p1a: Gallame|2/100\n|move|p1a: Gallame|Leaf Blade|p2a: Goat MVP\n|-supereffective|p2a: Goat MVP|1\n|-damage|p2a: Goat MVP|10/100\n|move|p1b: Rotom|Electroweb|p2b: Mommy|[spread] p2a,p2b\n|-supereffective|p2a: Goat MVP|1\n|-resisted|p2b: Mommy|1\n|-damage|p2a: Goat MVP|0 fnt\n|-damage|p2b: Mommy|83/100\n|-unboost|p2b: Mommy|spe|1\n|faint|p2a: Goat MVP\n|\n|upkeep\n|\n|t:|1788325687\n|switch|p2a: Mega Mawile|Gliscor, L50, M, shiny|100/100\n|turn|4\n|c| ShadowFlamePkm|That is some tragic rolls\n|c| ShadowFlamePkm|Lots of thinking\n|\n|t:|1788325894\n|move|p2a: Mega Mawile|Rock Slide|p1b: Rotom|[spread] p1a,p1b\n|-resisted|p1a: Gallame|1\n|-damage|p1a: Gallame|0 fnt\n|-damage|p1b: Rotom|0 fnt\n|faint|p1a: Gallame\n|faint|p1b: Rotom\n|move|p2b: Mommy|Flower Trick|p1: Gallame|[notarget]\n|-fail|p2b: Mommy\n|\n|upkeep\n|c| ShadowFlamePkm|Wow\n|\n|t:|1788325903\n|switch|p1a: Volcarona|Volcarona, L50, M|100/100\n|switch|p1b: Excadrill|Excadrill, L50, M|100/100\n|turn|5\n|c| ShadowFlamePkm|did not expect it to be faster\n|\n|t:|1788326075\n|move|p2b: Mommy|Protect|p2b: Mommy\n|-singleturn|p2b: Mommy|Protect\n|move|p1b: Excadrill|Iron Head|p2a: Mega Mawile\n|-damage|p2a: Mega Mawile|56/100\n|move|p2a: Mega Mawile|Rock Slide|p1a: Volcarona|[spread] p1a,p1b\n|-supereffective|p1a: Volcarona|2\n|-resisted|p1b: Excadrill|2\n|-damage|p1a: Volcarona|34/100\n|-damage|p1b: Excadrill|95/100\n|move|p1a: Volcarona|Heat Wave|p2a: Mega Mawile|[spread] p2a\n|-activate|p2b: Mommy|move: Protect\n|-damage|p2a: Mega Mawile|0 fnt\n|faint|p2a: Mega Mawile\n|\n|-sideend|p1: idkwhatimdoinglol2|Reflect\n|upkeep\n|turn|6\n|\n|t:|1788326096\n|move|p1b: Excadrill|Iron Head|p2b: Mommy\n|-damage|p2b: Mommy|12/100\n|move|p2b: Mommy|Knock Off|p1a: Volcarona\n|-damage|p1a: Volcarona|0 fnt\n|-status|p2b: Mommy|brn|[from] ability: Flame Body|[of] p1a: Volcarona\n|-enditem|p1a: Volcarona|Charcoal|[from] move: Knock Off|[of] p2b: Mommy\n|faint|p1a: Volcarona\n|\n|-damage|p2b: Mommy|6/100 brn|[from] brn\n|upkeep\n|turn|7\n|\n|t:|1788326112\n|move|p1b: Excadrill|Protect|p1b: Excadrill\n|-singleturn|p1b: Excadrill|Protect\n|move|p2b: Mommy|Low Kick|p1b: Excadrill\n|-activate|p1b: Excadrill|move: Protect\n|\n|-damage|p2b: Mommy|1/100 brn|[from] brn\n|upkeep\n|turn|8\n|c| ShadowFlamePkm|Flame body tough\n|\n|t:|1788326129\n|move|p1b: Excadrill|Iron Head|p2b: Mommy\n|-damage|p2b: Mommy|0 fnt\n|faint|p2b: Mommy\n|\n|win|idkwhatimdoinglol2\n|c|☆idkwhatimdoinglol2|gg\n|c|☆xxslayrxx|gg\n|l| weepyduckling22\n|c| ShadowFlamePkm|Gg\n|c|☆idkwhatimdoinglol2|i can upload and log\n","uploadtime":1788326187,"views":"8","formatid":"gen9championsvgc2026regmb","rating":null,"private":0,"password":null}