{"id":"gen9championsvgc2026regmbbo3-2673976618","format":"[Gen 9 Champions] VGC 2026 Reg M-B (Bo3)","players":["RNG Needed","simioini"],"log":"|j|☆RNG Needed\n|j|☆simioini\n|html|<table width=\"100%\"><tr><td align=\"left\">RNG Needed</td><td align=\"right\">simioini</tr><tr><td align=\"left\"><i class=\"fa fa-circle\"></i> <i class=\"fa fa-circle-o\"></i> </td><td align=\"right\"><i class=\"fa fa-circle-o\"></i> <i class=\"fa fa-circle\"></i> </tr></table>\n|uhtml|bestof|<h2><strong>Game 3</strong> of <a href=\"/game-bestof3-gen9championsvgc2026regmbbo3-2673974353\">a best-of-3</a></h2>\n|t:|1788283951\n|gametype|doubles\n|player|p1|RNG Needed|266|1199\n|player|p2|simioini|169|1239\n|gen|9\n|tier|[Gen 9 Champions] VGC 2026 Reg M-B (Bo3)\n|rated|\n|rule|Species Clause: Limit one of each Pokémon\n|rule|Item Clause: Limit 1 of each item\n|clearpoke\n|poke|p1|Staraptor, L50, M|\n|poke|p1|Farigiraf, L50, F|\n|poke|p1|Torkoal, L50, M|\n|poke|p1|Basculegion, L50, M|\n|poke|p1|Sneasler, L50, F|\n|poke|p1|Raichu, L50, M|\n|poke|p2|Charizard, L50, M|\n|poke|p2|Whimsicott, L50, M|\n|poke|p2|Garchomp, L50, M|\n|poke|p2|Floette-Eternal, L50, F|\n|poke|p2|Kingambit, L50, F|\n|poke|p2|Basculegion, L50, M|\n|teampreview|4\n|showteam|p1|Staraptor||Staraptite|Intimidate|CloseCombat,BraveBird,Roost,Protect|Jolly||M|||50|]Farigiraf||SitrusBerry|ArmorTail|Psychic,HelpingHand,TrickRoom,Protect|Sassy||F|||50|]Torkoal||Charcoal|Drought|Eruption,HeatWave,WeatherBall,Protect|Quiet||M|||50|]Basculegion||FocusSash|Adaptability|LastRespects,Liquidation,AquaJet,Protect|Adamant||M|||50|]Sneasler||LifeOrb|PoisonTouch|FakeOut,CloseCombat,DireClaw,RockSlide|Adamant||F|||50|]Raichu||RaichuniteY|LightningRod|FakeOut,DazzlingGleam,Encore,ZapCannon|Timid||M|||50|\n|showteam|p2|Charizard||CharizarditeY|Blaze|HeatWave,WeatherBall,AncientPower,Protect|Timid||M|||50|]Whimsicott||FocusSash|Prankster|Moonblast,Tailwind,Encore,Protect|Timid||M|||50|]Garchomp||SitrusBerry|RoughSkin|Earthquake,DragonClaw,RockSlide,Protect|Jolly||M|||50|]Floette-Eternal||Floettite|FlowerVeil|DazzlingGleam,Moonblast,LightofRuin,Protect|Modest||F|||50|]Kingambit||OccaBerry|Defiant|KowtowCleave,IronHead,SuckerPunch,LowKick|Adamant||F|||50|]Basculegion||LifeOrb|Adaptability|WaveCrash,LastRespects,AquaJet,Protect|Adamant||M|||50|\n|\n|t:|1788283983\n|teamsize|p1|4\n|teamsize|p2|4\n|start\n|switch|p1a: Farigiraf|Farigiraf, L50, F|100/100\n|switch|p1b: Raichu|Raichu, L50, M|100/100\n|switch|p2a: Basculegion|Basculegion, L50, M|100/100\n|switch|p2b: Floette|Floette-Eternal, L50, F|100/100\n|turn|1\n|\n|t:|1788283997\n|detailschange|p1b: Raichu|Raichu-Mega-Y, L50, M\n|-mega|p1b: Raichu|Raichu|Raichunite Y\n|move|p2b: Floette|Protect|p2b: Floette\n|-singleturn|p2b: Floette|Protect\n|move|p2a: Basculegion|Protect|p2a: Basculegion\n|-singleturn|p2a: Basculegion|Protect\n|move|p1b: Raichu|Dazzling Gleam|p2a: Basculegion|[spread] \n|-activate|p2a: Basculegion|move: Protect\n|-activate|p2b: Floette|move: Protect\n|move|p1a: Farigiraf|Trick Room|p1a: Farigiraf\n|-fieldstart|move: Trick Room|[of] p1a: Farigiraf\n|\n|upkeep\n|turn|2\n|\n|t:|1788284013\n|detailschange|p2b: Floette|Floette-Mega, L50, F\n|-mega|p2b: Floette|Floette|Floettite\n|-ability|p2b: Floette|Fairy Aura\n|move|p1a: Farigiraf|Psychic|p2a: Basculegion\n|-damage|p2a: Basculegion|59/100\n|-unboost|p2a: Basculegion|spd|1\n|move|p2a: Basculegion|Last Respects|p1b: Raichu\n|-crit|p1b: Raichu\n|-damage|p1b: Raichu|0 fnt\n|faint|p1b: Raichu\n|-damage|p2a: Basculegion|49/100|[from] item: Life Orb\n|move|p2b: Floette|Dazzling Gleam|p1a: Farigiraf\n|-damage|p1a: Farigiraf|52/100\n|\n|upkeep\n|\n|t:|1788284028\n|switch|p1b: Torkoal|Torkoal, L50, M|100/100\n|-weather|SunnyDay|[from] ability: Drought|[of] p1b: Torkoal\n|turn|3\n|c|☆RNG Needed|Lol\n|\n|t:|1788284037\n|move|p1a: Farigiraf|Helping Hand|p1b: Torkoal\n|-singleturn|p1b: Torkoal|Helping Hand|[of] p1a: Farigiraf\n|move|p2b: Floette|Protect|p2b: Floette\n|-singleturn|p2b: Floette|Protect\n|move|p1b: Torkoal|Eruption|p2a: Basculegion|[spread] p2a\n|-activate|p2b: Floette|move: Protect\n|-resisted|p2a: Basculegion|1\n|-damage|p2a: Basculegion|0 fnt\n|faint|p2a: Basculegion\n|\n|-weather|SunnyDay|[upkeep]\n|upkeep\n|\n|t:|1788284048\n|switch|p2a: Garchomp|Garchomp, L50, M|100/100\n|turn|4\n|\n|t:|1788284055\n|switch|p2b: Kingambit|Kingambit, L50, F|100/100\n|move|p1b: Torkoal|Protect|p1b: Torkoal\n|-singleturn|p1b: Torkoal|Protect\n|move|p1a: Farigiraf|Psychic|p2a: Garchomp\n|-damage|p2a: Garchomp|67/100\n|move|p2a: Garchomp|Earthquake|p1a: Farigiraf|[spread] p2b,p1a\n|-activate|p1b: Torkoal|move: Protect\n|-supereffective|p2b: Kingambit|1\n|-damage|p2b: Kingambit|42/100\n|-damage|p1a: Farigiraf|22/100\n|-enditem|p1a: Farigiraf|Sitrus Berry|[eat]\n|-heal|p1a: Farigiraf|47/100|[from] item: Sitrus Berry\n|\n|-weather|SunnyDay|[upkeep]\n|upkeep\n|turn|5\n|\n|t:|1788284067\n|move|p1a: Farigiraf|Helping Hand|p1b: Torkoal\n|-singleturn|p1b: Torkoal|Helping Hand|[of] p1a: Farigiraf\n|move|p2a: Garchomp|Protect|p2a: Garchomp\n|-singleturn|p2a: Garchomp|Protect\n|move|p1b: Torkoal|Eruption|p2b: Kingambit|[spread] p2b\n|-activate|p2a: Garchomp|move: Protect\n|-supereffective|p2b: Kingambit|1\n|-enditem|p2b: Kingambit|Occa Berry|[eat]\n|-enditem|p2b: Kingambit|Occa Berry|[weaken]\n|-damage|p2b: Kingambit|0 fnt\n|faint|p2b: Kingambit\n|\n|-weather|SunnyDay|[upkeep]\n|-fieldend|move: Trick Room\n|upkeep\n|\n|t:|1788284073\n|switch|p2b: Floette|Floette-Mega, L50, F|100/100\n|-ability|p2b: Floette|Fairy Aura\n|turn|6\n|\n|t:|1788284098\n|move|p1a: Farigiraf|Protect|p1a: Farigiraf\n|-singleturn|p1a: Farigiraf|Protect\n|move|p1b: Torkoal|Protect|p1b: Torkoal\n|-singleturn|p1b: Torkoal|Protect\n|move|p2a: Garchomp|Earthquake|p1a: Farigiraf|[spread] p2b\n|-activate|p1a: Farigiraf|move: Protect\n|-activate|p1b: Torkoal|move: Protect\n|-damage|p2b: Floette|60/100\n|move|p2b: Floette|Dazzling Gleam|p1a: Farigiraf|[spread] \n|-activate|p1a: Farigiraf|move: Protect\n|-activate|p1b: Torkoal|move: Protect\n|\n|-weather|SunnyDay|[upkeep]\n|upkeep\n|turn|7\n|\n|t:|1788284121\n|move|p1a: Farigiraf|Helping Hand|p1b: Torkoal\n|-singleturn|p1b: Torkoal|Helping Hand|[of] p1a: Farigiraf\n|move|p2a: Garchomp|Rock Slide|p1a: Farigiraf|[spread] p1a,p1b\n|-supereffective|p1b: Torkoal|1\n|-damage|p1a: Farigiraf|31/100\n|-damage|p1b: Torkoal|75/100\n|move|p2b: Floette|Dazzling Gleam|p1a: Farigiraf|[spread] p1a,p1b\n|-resisted|p1b: Torkoal|1\n|-damage|p1a: Farigiraf|0 fnt\n|-damage|p1b: Torkoal|39/100\n|faint|p1a: Farigiraf\n|move|p1b: Torkoal|Weather Ball|p2a: Garchomp\n|-resisted|p2a: Garchomp|1\n|-damage|p2a: Garchomp|10/100\n|-enditem|p2a: Garchomp|Sitrus Berry|[eat]\n|-heal|p2a: Garchomp|35/100|[from] item: Sitrus Berry\n|\n|-weather|none\n|upkeep\n|\n|t:|1788284133\n|switch|p1a: Basculegion|Basculegion, L50, M|100/100\n|turn|8\n|\n|t:|1788284155\n|move|p2b: Floette|Protect|p2b: Floette\n|-singleturn|p2b: Floette|Protect\n|move|p1a: Basculegion|Protect|p1a: Basculegion\n|-singleturn|p1a: Basculegion|Protect\n|move|p1b: Torkoal|Protect|p1b: Torkoal\n|-singleturn|p1b: Torkoal|Protect\n|move|p2a: Garchomp|Earthquake|p1b: Torkoal|[spread] \n|-activate|p2b: Floette|move: Protect\n|-activate|p1a: Basculegion|move: Protect\n|-activate|p1b: Torkoal|move: Protect\n|\n|upkeep\n|turn|9\n|\n|t:|1788284206\n|move|p2a: Garchomp|Rock Slide|p1a: Basculegion|[spread] p1a,p1b\n|-supereffective|p1b: Torkoal|1\n|-damage|p1a: Basculegion|79/100\n|-damage|p1b: Torkoal|15/100\n|move|p2b: Floette|Dazzling Gleam|p1b: Torkoal|[spread] p1a,p1b\n|-resisted|p1b: Torkoal|1\n|-damage|p1a: Basculegion|26/100\n|-damage|p1b: Torkoal|0 fnt\n|faint|p1b: Torkoal\n|cant|p1a: Basculegion|flinch\n|\n|upkeep\n|turn|10\n|c|☆RNG Needed|Damn gg\n|\n|t:|1788284235\n|move|p1a: Basculegion|Aqua Jet|p2a: Garchomp\n|-damage|p2a: Garchomp|12/100\n|-damage|p1a: Basculegion|14/100|[from] ability: Rough Skin|[of] p2a: Garchomp\n|move|p2a: Garchomp|Dragon Claw|p1a: Basculegion\n|-damage|p1a: Basculegion|0 fnt\n|faint|p1a: Basculegion\n|\n|win|simioini\n|raw|RNG Needed's rating: 1199 &rarr; <strong>1177</strong><br />(-22 for losing)\n|raw|simioini's rating: 1239 &rarr; <strong>1261</strong><br />(+22 for winning)\n","uploadtime":1788284235,"views":"0","formatid":"gen9championsvgc2026regmbbo3","rating":1177,"private":0,"password":null}