{"id":"gen9championsvgc2026regmbbo3-2673333600","format":"[Gen 9 Champions] VGC 2026 Reg M-B (Bo3)","players":["ArielcitoTedetona","polichetodattacco"],"log":"|j|☆ArielcitoTedetona\n|j|☆polichetodattacco\n|html|<table width=\"100%\"><tr><td align=\"left\">ArielcitoTedetona</td><td align=\"right\">polichetodattacco</tr><tr><td align=\"left\"><i class=\"fa fa-circle-o\"></i> <i class=\"fa fa-circle-o\"></i> </td><td align=\"right\"><i class=\"fa fa-circle-o\"></i> <i class=\"fa fa-circle-o\"></i> </tr></table>\n|uhtml|bestof|<h2><strong>Game 1</strong> of <a href=\"/game-bestof3-gen9championsvgc2026regmbbo3-2673333599\">a best-of-3</a></h2>\n|t:|1788184743\n|gametype|doubles\n|player|p1|ArielcitoTedetona|265|1146\n|player|p2|polichetodattacco|clown|1139\n|gen|9\n|tier|[Gen 9 Champions] VGC 2026 Reg M-B (Bo3)\n|rated|\n|rule|Species Clause: Limit one of each Pokémon\n|rule|Item Clause: Limit 1 of each item\n|clearpoke\n|poke|p1|Charizard, L50, M|\n|poke|p1|Incineroar, L50, F|\n|poke|p1|Venusaur, L50, F|\n|poke|p1|Garchomp, L50, F|\n|poke|p1|Sylveon, L50, M|\n|poke|p1|Annihilape, L50, M|\n|poke|p2|Hatterene, L50, F|\n|poke|p2|Torkoal, L50, F|\n|poke|p2|Venusaur, L50, F|\n|poke|p2|Charizard, L50, M|\n|poke|p2|Kingambit, L50, F|\n|poke|p2|Raichu, L50, F|\n|teampreview|4\n|showteam|p1|Charizard||CharizarditeY|Blaze|WeatherBall,HeatWave,AncientPower,Protect|Modest||M|||50|]Incineroar||SitrusBerry|Intimidate|FakeOut,FlareBlitz,DarkestLariat,PartingShot|Impish||F|||50|]Venusaur||LifeOrb|Chlorophyll|LeafStorm,SludgeBomb,EarthPower,Protect|Modest||F|||50|]Garchomp||ChoiceScarf|RoughSkin|Earthquake,DragonClaw,RockSlide,StompingTantrum|Adamant||F|||50|]Sylveon||FairyFeather|Pixilate|HyperVoice,Yawn,QuickAttack,Detect|Modest||M|||50|]Annihilape||FocusSash|Defiant|RockTomb,CloseCombat,RageFist,Protect|Jolly||M|||50|\n|showteam|p2|Hatterene||SitrusBerry|MagicBounce|TrickRoom,DazzlingGleam,Psychic,Protect|Sassy||F|||50|]Torkoal||Charcoal|Drought|Eruption,SolarBeam,EarthPower,Protect|Quiet||F|||50|]Venusaur||FocusSash|Chlorophyll|WeatherBall,SludgeBomb,SleepPowder,SolarBeam|Modest||F|||50|]Charizard||CharizarditeY|SolarPower|WeatherBall,SolarBeam,HeatWave,Protect|Timid||M|||50|]Kingambit||LifeOrb|Defiant|KowtowCleave,SuckerPunch,IronHead,Protect|Brave||F|||50|]Raichu||RaichuniteY|LightningRod|ZapCannon,FakeOut,Protect,FocusBlast|Hasty||F|||50|\n|inactive|Battle timer is ON: inactive players will automatically lose when time's up. (requested by polichetodattacco)\n|\n|t:|1788184771\n|teamsize|p1|4\n|teamsize|p2|4\n|start\n|switch|p1a: megaladron|Garchomp, L50, F|100/100\n|switch|p1b: Incha river|Annihilape, L50, M|100/100\n|switch|p2a: Hatterene|Hatterene, L50, F|100/100\n|switch|p2b: Raichu|Raichu, L50, F|100/100\n|turn|1\n|inactive|ArielcitoTedetona has 30 seconds left.\n|inactive|ArielcitoTedetona has 20 seconds left.\n|\n|t:|1788184806\n|detailschange|p2b: Raichu|Raichu-Mega-Y, L50, F\n|-mega|p2b: Raichu|Raichu|Raichunite Y\n|move|p2b: Raichu|Fake Out|p1a: megaladron\n|-damage|p1a: megaladron|90/100\n|-damage|p2b: Raichu|88/100|[from] ability: Rough Skin|[of] p1a: megaladron\n|cant|p1a: megaladron|flinch\n|move|p1b: Incha river|Rage Fist|p2a: Hatterene\n|-supereffective|p2a: Hatterene|1\n|-damage|p2a: Hatterene|47/100\n|-enditem|p2a: Hatterene|Sitrus Berry|[eat]\n|-heal|p2a: Hatterene|72/100|[from] item: Sitrus Berry\n|move|p2a: Hatterene|Trick Room|p2a: Hatterene\n|-fieldstart|move: Trick Room|[of] p2a: Hatterene\n|\n|upkeep\n|turn|2\n|inactive|ArielcitoTedetona has 30 seconds left.\n|\n|t:|1788184837\n|switch|p1a: tumamigorda|Venusaur, L50, F|100/100\n|move|p1b: Incha river|Protect|p1b: Incha river\n|-singleturn|p1b: Incha river|Protect\n|move|p2a: Hatterene|Dazzling Gleam|p1a: tumamigorda|[spread] p1a\n|-activate|p1b: Incha river|move: Protect\n|-resisted|p1a: tumamigorda|1\n|-damage|p1a: tumamigorda|82/100\n|move|p2b: Raichu|Zap Cannon|p1b: Incha river\n|-activate|p1b: Incha river|move: Protect\n|\n|upkeep\n|turn|3\n|inactive|ArielcitoTedetona has 30 seconds left.\n|inactive|polichetodattacco has 30 seconds left.\n|\n|t:|1788184863\n|switch|p1b: megaladron|Garchomp, L50, F|90/100\n|move|p2a: Hatterene|Dazzling Gleam|p1b: megaladron|[spread] p1a,p1b\n|-resisted|p1a: tumamigorda|1\n|-supereffective|p1b: megaladron|1\n|-damage|p1a: tumamigorda|66/100\n|-damage|p1b: megaladron|35/100\n|move|p1a: tumamigorda|Earth Power|p2b: Raichu\n|-supereffective|p2b: Raichu|1\n|-damage|p2b: Raichu|0 fnt\n|faint|p2b: Raichu\n|-damage|p1a: tumamigorda|57/100|[from] item: Life Orb\n|\n|upkeep\n|\n|t:|1788184867\n|switch|p2b: Torkoal|Torkoal, L50, F|100/100\n|-weather|SunnyDay|[from] ability: Drought|[of] p2b: Torkoal\n|turn|4\n|\n|t:|1788184880\n|switch|p1b: malozard|Charizard, L50, M|100/100\n|move|p1a: tumamigorda|Protect|p1a: tumamigorda\n|-singleturn|p1a: tumamigorda|Protect\n|move|p2b: Torkoal|Eruption|p1a: tumamigorda|[spread] p1b\n|-activate|p1a: tumamigorda|move: Protect\n|-resisted|p1b: malozard|1\n|-damage|p1b: malozard|54/100\n|move|p2a: Hatterene|Dazzling Gleam|p1a: tumamigorda|[spread] p1b\n|-activate|p1a: tumamigorda|move: Protect\n|-resisted|p1b: malozard|1\n|-damage|p1b: malozard|37/100\n|\n|-weather|SunnyDay|[upkeep]\n|upkeep\n|turn|5\n|\n|t:|1788184900\n|switch|p1a: Incha river|Annihilape, L50, M|100/100\n|move|p1b: malozard|Protect|p1b: malozard\n|-singleturn|p1b: malozard|Protect\n|move|p2b: Torkoal|Eruption|p1a: Incha river|[spread] p1a\n|-activate|p1b: malozard|move: Protect\n|-damage|p1a: Incha river|2/100\n|move|p2a: Hatterene|Dazzling Gleam|p1b: malozard|[spread] p1a\n|-activate|p1b: malozard|move: Protect\n|-supereffective|p1a: Incha river|1\n|-damage|p1a: Incha river|0 fnt\n|faint|p1a: Incha river\n|\n|-weather|SunnyDay|[upkeep]\n|-fieldend|move: Trick Room\n|upkeep\n|\n|t:|1788184916\n|switch|p1a: megaladron|Garchomp, L50, F|35/100\n|turn|6\n|\n|t:|1788184925\n|detailschange|p1b: malozard|Charizard-Mega-Y, L50, M\n|-mega|p1b: malozard|Charizard|Charizardite Y\n|move|p2b: Torkoal|Protect|p2b: Torkoal\n|-singleturn|p2b: Torkoal|Protect\n|move|p1a: megaladron|Earthquake|p2b: Torkoal|[spread] p2a\n|-activate|p2b: Torkoal|move: Protect\n|-immune|p1b: malozard\n|-damage|p2a: Hatterene|25/100\n|move|p1b: malozard|Weather Ball|p2a: Hatterene\n|-damage|p2a: Hatterene|0 fnt\n|faint|p2a: Hatterene\n|\n|-weather|SunnyDay|[upkeep]\n|upkeep\n|\n|t:|1788184935\n|switch|p2a: Kingambit|Kingambit, L50, F|100/100\n|turn|7\n|\n|t:|1788184952\n|move|p2a: Kingambit|Sucker Punch|p1a: megaladron\n|-damage|p1a: megaladron|0 fnt\n|-damage|p2a: Kingambit|87/100|[from] ability: Rough Skin|[of] p1a: megaladron\n|faint|p1a: megaladron\n|-damage|p2a: Kingambit|78/100|[from] item: Life Orb\n|move|p1b: malozard|Ancient Power|p2b: Torkoal\n|-supereffective|p2b: Torkoal|1\n|-damage|p2b: Torkoal|36/100\n|move|p2b: Torkoal|Eruption|p1b: malozard\n|-resisted|p1b: malozard|1\n|-damage|p1b: malozard|17/100\n|\n|-weather|SunnyDay|[upkeep]\n|upkeep\n|\n|t:|1788184964\n|switch|p1a: tumamigorda|Venusaur, L50, F|57/100\n|turn|8\n|\n|t:|1788184972\n|move|p2a: Kingambit|Sucker Punch|p1b: malozard\n|-damage|p1b: malozard|0 fnt\n|faint|p1b: malozard\n|-damage|p2a: Kingambit|68/100|[from] item: Life Orb\n|move|p1a: tumamigorda|Earth Power|p2a: Kingambit\n|-supereffective|p2a: Kingambit|1\n|-damage|p2a: Kingambit|1/100\n|-damage|p1a: tumamigorda|47/100|[from] item: Life Orb\n|move|p2b: Torkoal|Earth Power|p1a: tumamigorda\n|-damage|p1a: tumamigorda|17/100\n|\n|-weather|none\n|upkeep\n|turn|9\n|inactive|ArielcitoTedetona has 30 seconds left.\n|inactive|ArielcitoTedetona has 20 seconds left.\n|inactive|ArielcitoTedetona has 15 seconds left.\n|\n|t:|1788185012\n|move|p2a: Kingambit|Sucker Punch|p1a: tumamigorda\n|-damage|p1a: tumamigorda|0 fnt\n|faint|p1a: tumamigorda\n|-damage|p2a: Kingambit|0 fnt|[from] item: Life Orb\n|faint|p2a: Kingambit\n|\n|win|polichetodattacco\n||polichetodattacco is ready for game 2.\n||ArielcitoTedetona is ready for game 2.\n|uhtml|next|Next: <a href=\"/battle-gen9championsvgc2026regmbbo3-2673335579\"><strong>Game 2 of 3</strong></a>\n","uploadtime":1788185022,"views":"0","formatid":"gen9championsvgc2026regmbbo3","rating":null,"private":0,"password":null}