{"id":"gen9championsvgc2026regmbbo3-2674969518","format":"[Gen 9 Champions] VGC 2026 Reg M-B (Bo3)","players":["humania1","Aperson5"],"log":"|j|☆humania1\n|j|☆Aperson5\n|html|<table width=\"100%\"><tr><td align=\"left\">humania1</td><td align=\"right\">Aperson5</tr><tr><td align=\"left\"><i class=\"fa fa-circle\"></i> <i class=\"fa fa-circle-o\"></i> </td><td align=\"right\"><i class=\"fa fa-circle-o\"></i> <i class=\"fa fa-circle-o\"></i> </tr></table>\n|uhtml|bestof|<h2><strong>Game 2</strong> of <a href=\"/game-bestof3-gen9championsvgc2026regmbbo3-2674968164\">a best-of-3</a></h2>\n|t:|1788443429\n|gametype|doubles\n|player|p1|humania1|265|1094\n|player|p2|Aperson5|miku-fairy|1075\n|gen|9\n|tier|[Gen 9 Champions] VGC 2026 Reg M-B (Bo3)\n|rated|\n|rule|Species Clause: Limit one of each Pokémon\n|rule|Item Clause: Limit 1 of each item\n|clearpoke\n|poke|p1|Charizard, L50, M|\n|poke|p1|Whimsicott, L50, F|\n|poke|p1|Basculegion, L50, M|\n|poke|p1|Farigiraf, L50, M|\n|poke|p1|Kangaskhan, L50, F|\n|poke|p1|Sneasler, L50, F|\n|poke|p2|Volcarona, L50, F|\n|poke|p2|Blastoise, L50, M|\n|poke|p2|Sinistcha, L50|\n|poke|p2|Sylveon, L50, F|\n|poke|p2|Raichu, L50, M|\n|poke|p2|Vanilluxe, L50, F|\n|teampreview|4\n|showteam|p1|Charizard||CharizarditeY|SolarPower|WeatherBall,HeatWave,SolarBeam,Protect|Timid||M|||50|]Whimsicott||FocusSash|Prankster|Moonblast,Tailwind,SunnyDay,Encore|Timid||F|||50|]Basculegion||ChoiceScarf|Adaptability|WaveCrash,AquaJet,LastRespects,FlipTurn|Adamant||M|||50|]Farigiraf||SitrusBerry|ArmorTail|Psychic,HyperVoice,HelpingHand,TrickRoom|Modest||M|||50|]Kangaskhan||Kangaskhanite|Scrappy|FakeOut,DoubleEdge,DrainPunch,SuckerPunch|Adamant||F|||50|]Sneasler||WhiteHerb|Unburden|FakeOut,CloseCombat,DireClaw,RockTomb|Adamant||F|||50|\n|showteam|p2|Volcarona||SitrusBerry|FlameBody|QuiverDance,Protect,RagePowder,HeatWave|Modest||F|||50|]Blastoise||Blastoisinite|RainDish|WaterSpout,DarkPulse,ShellSmash,Protect|Modest||M|||50|]Sinistcha||KasibBerry|Hospitality|RagePowder,LifeDew,Protect,MatchaGotcha|Calm|||||50|]Sylveon||FairyFeather|Pixilate|CalmMind,HyperVoice,HyperBeam,Detect|Modest||F|||50|]Raichu||RaichuniteY|LightningRod|FakeOut,ZapCannon,Protect,FocusBlast|Timid||M|||50|]Vanilluxe||ChoiceScarf|SnowWarning|Blizzard,FreezeDry,IcyWind,SheerCold|Timid||F|||50|\n|inactive|Battle timer is ON: inactive players will automatically lose when time's up. (requested by Aperson5)\n|inactive|humania1 also wants the timer to be on.\n|inactive|Aperson5 has 60 seconds left.\n|\n|t:|1788443465\n|teamsize|p1|4\n|teamsize|p2|4\n|start\n|switch|p1a: Charizard|Charizard, L50, M|100/100\n|switch|p1b: Basculegion|Basculegion, L50, M|100/100\n|switch|p2a: Boop|Raichu, L50, M|100/100\n|switch|p2b: Teahee|Sinistcha, L50|100/100\n|turn|1\n|\n|t:|1788443470\n|detailschange|p2a: Boop|Raichu-Mega-Y, L50, M\n|-mega|p2a: Boop|Raichu|Raichunite Y\n|detailschange|p1a: Charizard|Charizard-Mega-Y, L50, M\n|-mega|p1a: Charizard|Charizard|Charizardite Y\n|-weather|SunnyDay|[from] ability: Drought|[of] p1a: Charizard\n|move|p2b: Teahee|Rage Powder|p2b: Teahee\n|-singleturn|p2b: Teahee|move: Rage Powder\n|move|p1b: Basculegion|Wave Crash|p2b: Teahee\n|-resisted|p2b: Teahee|1\n|-damage|p2b: Teahee|83/100\n|-damage|p1b: Basculegion|94/100|[from] Recoil\n|move|p2a: Boop|Zap Cannon|p1a: Charizard\n|-supereffective|p1a: Charizard|1\n|-damage|p1a: Charizard|0 fnt\n|faint|p1a: Charizard\n|\n|-weather|SunnyDay|[upkeep]\n|upkeep\n|\n|t:|1788443470\n|switch|p1a: Farigiraf|Farigiraf, L50, M|100/100\n|turn|2\n|\n|t:|1788443483\n|switch|p1b: Sneasler|Sneasler, L50, F|100/100\n|move|p2b: Teahee|Rage Powder|p2b: Teahee\n|-singleturn|p2b: Teahee|move: Rage Powder\n|move|p2a: Boop|Zap Cannon|p1a: Farigiraf\n|-damage|p1a: Farigiraf|44/100\n|-status|p1a: Farigiraf|par\n|-enditem|p1a: Farigiraf|Sitrus Berry|[eat]\n|-heal|p1a: Farigiraf|69/100 par|[from] item: Sitrus Berry\n|cant|p1a: Farigiraf|par\n|\n|-weather|SunnyDay|[upkeep]\n|upkeep\n|turn|3\n|\n|t:|1788443497\n|switch|p1a: Basculegion|Basculegion, L50, M|94/100\n|move|p2a: Boop|Protect|p2a: Boop\n|-singleturn|p2a: Boop|Protect\n|move|p1b: Sneasler|Dire Claw|p2a: Boop\n|-activate|p2a: Boop|move: Protect\n|move|p2b: Teahee|Matcha Gotcha|p1a: Basculegion|[spread] p1a,p1b\n|-supereffective|p1a: Basculegion|1\n|-resisted|p1b: Sneasler|1\n|-damage|p1a: Basculegion|35/100\n|-heal|p2b: Teahee|100/100|[from] drain|[of] p1a: Basculegion\n|-damage|p1b: Sneasler|84/100\n|\n|-weather|SunnyDay|[upkeep]\n|upkeep\n|turn|4\n|\n|t:|1788443514\n|switch|p1a: Farigiraf|Farigiraf, L50, M|69/100 par\n|move|p2a: Boop|Zap Cannon|p1b: Sneasler\n|-damage|p1b: Sneasler|0 fnt\n|faint|p1b: Sneasler\n|move|p2b: Teahee|Matcha Gotcha|p1a: Farigiraf\n|-damage|p1a: Farigiraf|39/100 par\n|\n|-weather|SunnyDay|[upkeep]\n|upkeep\n|\n|t:|1788443514\n|switch|p1b: Basculegion|Basculegion, L50, M|35/100\n|turn|5\n|\n|t:|1788443531\n|move|p2b: Teahee|Rage Powder|p2b: Teahee\n|-singleturn|p2b: Teahee|move: Rage Powder\n|move|p1b: Basculegion|Last Respects|p2b: Teahee\n|-supereffective|p2b: Teahee|1\n|-enditem|p2b: Teahee|Kasib Berry|[eat]\n|-enditem|p2b: Teahee|Kasib Berry|[weaken]\n|-damage|p2b: Teahee|4/100\n|move|p2a: Boop|Zap Cannon|p1a: Farigiraf\n|-damage|p1a: Farigiraf|0 fnt\n|faint|p1a: Farigiraf\n|\n|-weather|none\n|upkeep\n|turn|6\n|\n|t:|1788443540\n|move|p2b: Teahee|Rage Powder|p2b: Teahee\n|-singleturn|p2b: Teahee|move: Rage Powder\n|move|p1b: Basculegion|Last Respects|p2b: Teahee\n|-supereffective|p2b: Teahee|1\n|-damage|p2b: Teahee|0 fnt\n|faint|p2b: Teahee\n|move|p2a: Boop|Zap Cannon|p1b: Basculegion\n|-supereffective|p1b: Basculegion|1\n|-damage|p1b: Basculegion|0 fnt\n|faint|p1b: Basculegion\n|\n|win|Aperson5\n","uploadtime":1788443540,"views":"0","formatid":"gen9championsvgc2026regmbbo3","rating":null,"private":0,"password":null}