{"id":"gen9championsvgc2026regmbbo3-2673862152","format":"[Gen 9 Champions] VGC 2026 Reg M-B (Bo3)","players":["toons0431","Dr. Mr. Rockslide"],"log":"|j|☆toons0431\n|j|☆Dr. Mr. Rockslide\n|html|<table width=\"100%\"><tr><td align=\"left\">toons0431</td><td align=\"right\">Dr. Mr. Rockslide</tr><tr><td align=\"left\"><i class=\"fa fa-circle\"></i> <i class=\"fa fa-circle-o\"></i> </td><td align=\"right\"><i class=\"fa fa-circle-o\"></i> <i class=\"fa fa-circle-o\"></i> </tr></table>\n|uhtml|bestof|<h2><strong>Game 2</strong> of <a href=\"/game-bestof3-gen9championsvgc2026regmbbo3-2673860519\">a best-of-3</a></h2>\n|t:|1788269996\n|gametype|doubles\n|player|p1|toons0431|steven|1013\n|player|p2|Dr. Mr. Rockslide|brock|1000\n|gen|9\n|tier|[Gen 9 Champions] VGC 2026 Reg M-B (Bo3)\n|rated|\n|rule|Species Clause: Limit one of each Pokémon\n|rule|Item Clause: Limit 1 of each item\n|clearpoke\n|poke|p1|Steelix, L50, M|\n|poke|p1|Tyranitar, L50, F|\n|poke|p1|Sinistcha, L50|\n|poke|p1|Sneasler, L50, F|\n|poke|p1|Raichu, L50, M|\n|poke|p1|Talonflame, L50, F|\n|poke|p2|Garchomp, L50, M|\n|poke|p2|Aerodactyl, L50, M|\n|poke|p2|Sneasler, L50, M|\n|poke|p2|Dragonite, L50, M|\n|poke|p2|Excadrill, L50, M|\n|poke|p2|Tyranitar, L50, F|\n|teampreview|4\n|showteam|p1|Steelix||Steelixite|RockHead|HeavySlam,HighHorsepower,Protect,RockSlide|Adamant||M|||50|]Tyranitar||ChopleBerry|SandStream|KnockOff,RockSlide,LowKick,Protect|Serious||F|||50|]Sinistcha||SitrusBerry|Hospitality|MatchaGotcha,Protect,RagePowder,StunSpore|Sassy|||||50|]Sneasler||FocusSash|Unburden|DireClaw,CloseCombat,FakeOut,Acrobatics|Adamant||F|||50|]Raichu||RaichuniteY|Static|ZapCannon,FocusBlast,Protect,AlluringVoice|Modest||M|||50|]Talonflame||LifeOrb|FlameBody|Tailwind,BraveBird,FlareBlitz,FeatherDance|Adamant||F|||50|\n|showteam|p2|Garchomp||ChoiceScarf|RoughSkin|RockSlide|Adamant||M|||50|]Aerodactyl||Aerodactylite|RockHead|RockSlide|Jolly||M|||50|]Sneasler||WhiteHerb|Unburden|RockSlide,Feint|Adamant||M|||50|]Dragonite||HardStone|InnerFocus|RockSlide|Adamant||M|||50|]Excadrill||FocusSash|SandRush|RockSlide|Adamant||M|||50|]Tyranitar||Tyranitarite|SandStream|RockSlide|Adamant||F|||50|\n|inactive|Battle timer is ON: inactive players will automatically lose when time's up. (requested by toons0431)\n|inactive|Dr. Mr. Rockslide has 60 seconds left.\n|\n|t:|1788270043\n|teamsize|p1|4\n|teamsize|p2|4\n|start\n|switch|p1a: Raichu|Raichu, L50, M|100/100\n|switch|p1b: Sneasler|Sneasler, L50, F|100/100\n|switch|p2a: Chomp Slide|Garchomp, L50, M|100/100\n|switch|p2b: Aerock Slide|Aerodactyl, L50, M|100/100\n|turn|1\n|\n|t:|1788270066\n|detailschange|p2b: Aerock Slide|Aerodactyl-Mega, L50, M\n|-mega|p2b: Aerock Slide|Aerodactyl|Aerodactylite\n|detailschange|p1a: Raichu|Raichu-Mega-Y, L50, M\n|-mega|p1a: Raichu|Raichu|Raichunite Y\n|move|p1b: Sneasler|Fake Out|p2b: Aerock Slide\n|-resisted|p2b: Aerock Slide|1\n|-damage|p2b: Aerock Slide|91/100\n|move|p2a: Chomp Slide|Rock Slide|p1b: Sneasler|[spread] p1a,p1b\n|-resisted|p1b: Sneasler|1\n|-damage|p1a: Raichu|57/100\n|-damage|p1b: Sneasler|82/100\n|cant|p2b: Aerock Slide|flinch\n|move|p1a: Raichu|Alluring Voice|p2a: Chomp Slide\n|-supereffective|p2a: Chomp Slide|1\n|-damage|p2a: Chomp Slide|20/100r\n|\n|upkeep\n|turn|2\n|\n|t:|1788270078\n|move|p2a: Chomp Slide|Rock Slide|p1b: Sneasler|[spread] p1a,p1b\n|-resisted|p1b: Sneasler|1\n|-damage|p1a: Raichu|10/100\n|-damage|p1b: Sneasler|64/100\n|move|p2b: Aerock Slide|Rock Slide|p1a: Raichu|[spread] p1a,p1b\n|-resisted|p1b: Sneasler|1\n|-crit|p1b: Sneasler\n|-damage|p1a: Raichu|0 fnt\n|-damage|p1b: Sneasler|28/100\n|faint|p1a: Raichu\n|cant|p1b: Sneasler|flinch\n|\n|upkeep\n|\n|t:|1788270081\n|switch|p1a: Sinistcha|Sinistcha, L50|100/100\n|-heal|p1b: Sneasler|52/100|[from] ability: Hospitality|[of] p1a: Sinistcha\n|turn|3\n|\n|t:|1788270087\n|move|p2a: Chomp Slide|Rock Slide|p1a: Sinistcha|[spread] p1b\n|-miss|p2a: Chomp Slide|p1a: Sinistcha\n|-resisted|p1b: Sneasler|1\n|-damage|p1b: Sneasler|35/100\n|move|p2b: Aerock Slide|Rock Slide|p1b: Sneasler|[spread] p1a,p1b\n|-resisted|p1b: Sneasler|1\n|-damage|p1a: Sinistcha|71/100\n|-damage|p1b: Sneasler|8/100\n|cant|p1b: Sneasler|flinch\n|move|p1a: Sinistcha|Matcha Gotcha|p2a: Chomp Slide|[spread] p2a,p2b\n|-damage|p2a: Chomp Slide|0 fnt\n|-heal|p1a: Sinistcha|82/100|[from] drain|[of] p2a: Chomp Slide\n|-damage|p2b: Aerock Slide|54/100\n|-heal|p1a: Sinistcha|98/100|[from] drain|[of] p2b: Aerock Slide\n|faint|p2a: Chomp Slide\n|\n|upkeep\n|\n|t:|1788270106\n|switch|p2a: Drock Slide|Dragonite, L50, M|100/100\n|turn|4\n|\n|t:|1788270116\n|move|p2b: Aerock Slide|Rock Slide|p1a: Sinistcha|[spread] p1a,p1b\n|-resisted|p1b: Sneasler|1\n|-damage|p1a: Sinistcha|71/100\n|-damage|p1b: Sneasler|0 fnt\n|faint|p1b: Sneasler\n|move|p2a: Drock Slide|Rock Slide|p1a: Sinistcha\n|-damage|p1a: Sinistcha|36/100\n|-enditem|p1a: Sinistcha|Sitrus Berry|[eat]\n|-heal|p1a: Sinistcha|61/100|[from] item: Sitrus Berry\n|move|p1a: Sinistcha|Matcha Gotcha|p2b: Aerock Slide|[spread] p2a,p2b\n|-resisted|p2a: Drock Slide|2\n|-damage|p2a: Drock Slide|92/100\n|-heal|p1a: Sinistcha|64/100|[from] drain|[of] p2a: Drock Slide\n|-damage|p2b: Aerock Slide|21/100\n|-heal|p1a: Sinistcha|79/100|[from] drain|[of] p2b: Aerock Slide\n|\n|upkeep\n|\n|t:|1788270119\n|switch|p1b: Tyranitar|Tyranitar, L50, F|100/100\n|-weather|Sandstorm|[from] ability: Sand Stream|[of] p1b: Tyranitar\n|turn|5\n|\n|t:|1788270126\n|move|p2b: Aerock Slide|Rock Slide|p1b: Tyranitar|[spread] p1a,p1b\n|-damage|p1a: Sinistcha|50/100g\n|-damage|p1b: Tyranitar|77/100\n|move|p2a: Drock Slide|Rock Slide|p1a: Sinistcha|[spread] p1a\n|-miss|p2a: Drock Slide|p1b: Tyranitar\n|-damage|p1a: Sinistcha|26/100\n|move|p1b: Tyranitar|Rock Slide|p2a: Drock Slide|[spread] p2a,p2b\n|-supereffective|p2a: Drock Slide|1\n|-supereffective|p2b: Aerock Slide|1\n|-damage|p2a: Drock Slide|27/100\n|-damage|p2b: Aerock Slide|0 fnt\n|faint|p2b: Aerock Slide\n|move|p1a: Sinistcha|Matcha Gotcha|p2a: Drock Slide\n|-resisted|p2a: Drock Slide|2\n|-damage|p2a: Drock Slide|17/100\n|-heal|p1a: Sinistcha|30/100|[from] drain|[of] p2a: Drock Slide\n|\n|-weather|Sandstorm|[upkeep]\n|-damage|p2a: Drock Slide|11/100|[from] Sandstorm\n|-damage|p1a: Sinistcha|24/100|[from] Sandstorm\n|upkeep\n|\n|t:|1788270136\n|switch|p2b: Excadrill|Excadrill, L50, M|100/100\n|turn|6\n|\n|t:|1788270143\n|move|p2b: Excadrill|Rock Slide|p1b: Tyranitar|[spread] p1a,p1b\n|-damage|p1a: Sinistcha|1/100\n|-damage|p1b: Tyranitar|60/100\n|move|p2a: Drock Slide|Rock Slide|p1b: Tyranitar|[spread] p1a,p1b\n|-damage|p1a: Sinistcha|0 fnt\n|-damage|p1b: Tyranitar|37/100\n|faint|p1a: Sinistcha\n|cant|p1b: Tyranitar|flinch\n|\n|-weather|Sandstorm|[upkeep]\n|-damage|p2a: Drock Slide|5/100|[from] Sandstorm\n|upkeep\n|turn|7\n|\n|t:|1788270151\n|move|p2b: Excadrill|Rock Slide|p1b: Tyranitar\n|-damage|p1b: Tyranitar|13/100\n|move|p2a: Drock Slide|Rock Slide|p1b: Tyranitar\n|-damage|p1b: Tyranitar|0 fnt\n|faint|p1b: Tyranitar\n|\n|win|Dr. Mr. Rockslide\n||Dr. Mr. Rockslide is ready for game 3.\n||toons0431 is ready for game 3.\n|uhtml|next|Next: <a href=\"/battle-gen9championsvgc2026regmbbo3-2673863313\"><strong>Game 3 of 3</strong></a>\n|l|☆toons0431\n|player|p1|\n","uploadtime":1788270337,"views":"1","formatid":"gen9championsvgc2026regmbbo3","rating":null,"private":0,"password":null}