{"id":"gen9championsvgc2026regmb-2674757213","format":"[Gen 9 Champions] VGC 2026 Reg M-B","players":["EileenIdunn","Gurniculator"],"log":"|j|☆EileenIdunn\n|j|☆Gurniculator\n|t:|1788401411\n|gametype|doubles\n|player|p1|EileenIdunn|lenora|1148\n|player|p2|Gurniculator|101|1077\n|gen|9\n|tier|[Gen 9 Champions] VGC 2026 Reg M-B\n|rated|\n|rule|Species Clause: Limit one of each Pokémon\n|rule|Item Clause: Limit 1 of each item\n|clearpoke\n|poke|p1|Kangaskhan, L50, F|\n|poke|p1|Farigiraf, L50, M|\n|poke|p1|Torkoal, L50, M|\n|poke|p1|Dragapult, L50, M|\n|poke|p1|Glimmora, L50, M|\n|poke|p1|Scovillain, L50, M|\n|poke|p2|Delphox, L50, M|\n|poke|p2|Staraptor, L50, M|\n|poke|p2|Sinistcha-Masterpiece, L50|\n|poke|p2|Garchomp, L50, M|\n|poke|p2|Kingambit, L50, F|\n|poke|p2|Incineroar, L50, M|\n|teampreview|4\n|inactive|Battle timer is ON: inactive players will automatically lose when time's up. (requested by EileenIdunn)\n|inactive|EileenIdunn has 60 seconds left.\n|inactive|Gurniculator has 60 seconds left.\n|\n|t:|1788401469\n|teamsize|p1|4\n|teamsize|p2|4\n|start\n|switch|p1a: Farigiraf|Farigiraf, L50, M|100/100\n|switch|p1b: Kangaskhan|Kangaskhan, L50, F|100/100\n|switch|p2a: Kingambit|Kingambit, L50, F|100/100\n|switch|p2b: Incineroar|Incineroar, L50, M|100/100\n|-ability|p2b: Incineroar|Intimidate|boost\n|-unboost|p1a: Farigiraf|atk|1\n|-fail|p1b: Kangaskhan|unboost|atk|[from] ability: Scrappy|[of] p1b: Kangaskhan\n|turn|1\n|inactive|Gurniculator has 30 seconds left.\n|\n|t:|1788401498\n|move|p1b: Kangaskhan|Fake Out|p2a: Kingambit\n|-resisted|p2a: Kingambit|1\n|-damage|p2a: Kingambit|89/100\n|cant|p2a: Kingambit|flinch\n|move|p2b: Incineroar|Darkest Lariat|p1a: Farigiraf\n|-supereffective|p1a: Farigiraf|1\n|-damage|p1a: Farigiraf|46/100\n|-enditem|p1a: Farigiraf|Sitrus Berry|[eat]\n|-heal|p1a: Farigiraf|70/100|[from] item: Sitrus Berry\n|move|p1a: Farigiraf|Trick Room|p1a: Farigiraf\n|-fieldstart|move: Trick Room|[of] p1a: Farigiraf\n|\n|upkeep\n|turn|2\n|inactive|Gurniculator has 30 seconds left.\n|\n|t:|1788401526\n|move|p1a: Farigiraf|Dazzling Gleam|p2a: Kingambit|[spread] p2a,p2b\n|-damage|p2a: Kingambit|72/100\n|-damage|p2b: Incineroar|87/100\n|move|p2b: Incineroar|Parting Shot|p1b: Kangaskhan\n|-unboost|p1b: Kangaskhan|atk|1\n|-unboost|p1b: Kangaskhan|spa|1\n|\n|t:|1788401531\n|switch|p2b: Sinistcha|Sinistcha-Masterpiece, L50|100/100|[from] Parting Shot\n|-heal|p2a: Kingambit|97/100|[from] ability: Hospitality|[of] p2b: Sinistcha\n|move|p1b: Kangaskhan|Low Kick|p2a: Kingambit\n|-supereffective|p2a: Kingambit|2\n|-damage|p2a: Kingambit|25/100\n|move|p2a: Kingambit|Kowtow Cleave|p1a: Farigiraf\n|-supereffective|p1a: Farigiraf|1\n|-damage|p1a: Farigiraf|1/100\n|\n|upkeep\n|turn|3\n|inactive|EileenIdunn has 30 seconds left.\n|inactive|Gurniculator has 30 seconds left.\n|inactive|EileenIdunn has 20 seconds left.\n|inactive|Gurniculator has 20 seconds left.\n|inactive|EileenIdunn has 15 seconds left.\n|\n|t:|1788401573\n|move|p2b: Sinistcha|Rage Powder|p2b: Sinistcha\n|-singleturn|p2b: Sinistcha|move: Rage Powder\n|move|p1a: Farigiraf|Dazzling Gleam|p2a: Kingambit|[spread] p2a,p2b\n|-damage|p2a: Kingambit|9/100\n|-damage|p2b: Sinistcha|87/100\n|move|p1b: Kangaskhan|Low Kick|p2b: Sinistcha\n|-damage|p2b: Sinistcha|83/100\n|move|p2a: Kingambit|Low Kick|p1b: Kangaskhan\n|-supereffective|p1b: Kangaskhan|1\n|-damage|p1b: Kangaskhan|31/100\n|\n|upkeep\n|turn|4\n|inactive|Gurniculator has 30 seconds left.\n|inactive|Gurniculator has 20 seconds left.\n|\n|t:|1788401609\n|switch|p1b: Torkoal|Torkoal, L50, M|100/100\n|-weather|SunnyDay|[from] ability: Drought|[of] p1b: Torkoal\n|move|p2b: Sinistcha|Protect|p2b: Sinistcha\n|-singleturn|p2b: Sinistcha|Protect\n|move|p2a: Kingambit|Sucker Punch||[still]\n|cant|p1a: Farigiraf|ability: Armor Tail|Sucker Punch|[of] p2a: Kingambit\n|move|p1a: Farigiraf|Dazzling Gleam|p2a: Kingambit|[spread] p2a\n|-activate|p2b: Sinistcha|move: Protect\n|-damage|p2a: Kingambit|0 fnt\n|faint|p2a: Kingambit\n|\n|-weather|SunnyDay|[upkeep]\n|upkeep\n|\n|t:|1788401632\n|switch|p2a: Staraptor|Staraptor, L50, M|100/100\n|-ability|p2a: Staraptor|Intimidate|boost\n|-unboost|p1a: Farigiraf|atk|1\n|-unboost|p1b: Torkoal|atk|1\n|turn|5\n|\n|t:|1788401641\n|switch|p2b: Incineroar|Incineroar, L50, M|87/100\n|-ability|p2b: Incineroar|Intimidate|boost\n|-unboost|p1a: Farigiraf|atk|1\n|-unboost|p1b: Torkoal|atk|1\n|detailschange|p2a: Staraptor|Staraptor-Mega, L50, M\n|-mega|p2a: Staraptor|Staraptor|Staraptite\n|move|p2a: Staraptor|Protect|p2a: Staraptor\n|-singleturn|p2a: Staraptor|Protect\n|move|p1b: Torkoal|Eruption|p2b: Incineroar|[spread] p2b\n|-activate|p2a: Staraptor|move: Protect\n|-resisted|p2b: Incineroar|1\n|-damage|p2b: Incineroar|50/100y\n|move|p1a: Farigiraf|Twin Beam|p2a: Staraptor\n|-activate|p2a: Staraptor|move: Protect\n|\n|-weather|SunnyDay|[upkeep]\n|-fieldend|move: Trick Room\n|upkeep\n|turn|6\n|inactive|Gurniculator has 30 seconds left.\n|\n|t:|1788401668\n|move|p1b: Torkoal|Protect|p1b: Torkoal\n|-singleturn|p1b: Torkoal|Protect\n|move|p2b: Incineroar|Fake Out||[still]\n|cant|p1a: Farigiraf|ability: Armor Tail|Fake Out|[of] p2b: Incineroar\n|move|p2a: Staraptor|Close Combat|p1b: Torkoal\n|-activate|p1b: Torkoal|move: Protect\n|move|p1a: Farigiraf|Trick Room|p1a: Farigiraf\n|-fieldstart|move: Trick Room|[of] p1a: Farigiraf\n|\n|-weather|SunnyDay|[upkeep]\n|upkeep\n|turn|7\n|\n|t:|1788401690\n|move|p1b: Torkoal|Eruption|p2b: Incineroar|[spread] p2a,p2b\n|-resisted|p2b: Incineroar|1\n|-damage|p2a: Staraptor|7/100\n|-damage|p2b: Incineroar|14/100\n|move|p1a: Farigiraf|Twin Beam|p2a: Staraptor\n|-supereffective|p2a: Staraptor|1\n|-damage|p2a: Staraptor|0 fnt\n|faint|p2a: Staraptor\n|-hitcount|p2: Staraptor|1\n|move|p2b: Incineroar|Darkest Lariat|p1a: Farigiraf\n|-supereffective|p1a: Farigiraf|1\n|-damage|p1a: Farigiraf|0 fnt\n|faint|p1a: Farigiraf\n|\n|-weather|SunnyDay|[upkeep]\n|upkeep\n|\n|t:|1788401702\n|switch|p1a: Kangaskhan|Kangaskhan, L50, F|31/100\n|switch|p2a: Sinistcha|Sinistcha-Masterpiece, L50|83/100\n|-heal|p2b: Incineroar|39/100|[from] ability: Hospitality|[of] p2a: Sinistcha\n|turn|8\n|inactive|Gurniculator has 30 seconds left.\n|inactive|Gurniculator has 20 seconds left.\n|\n|t:|1788401740\n|move|p2a: Sinistcha|Protect|p2a: Sinistcha\n|-singleturn|p2a: Sinistcha|Protect\n|move|p1a: Kangaskhan|Fake Out|p2a: Sinistcha\n|-activate|p2a: Sinistcha|move: Protect\n|move|p1b: Torkoal|Eruption|p2a: Sinistcha|[spread] p2b\n|-activate|p2a: Sinistcha|move: Protect\n|-resisted|p2b: Incineroar|1\n|-damage|p2b: Incineroar|1/100\n|move|p2b: Incineroar|Darkest Lariat|p1a: Kangaskhan\n|-damage|p1a: Kangaskhan|0 fnt\n|faint|p1a: Kangaskhan\n|\n|-weather|none\n|upkeep\n|\n|t:|1788401752\n|switch|p1a: Scovillain|Scovillain, L50, M|100/100\n|turn|9\n|\n|t:|1788401771\n|move|p1a: Scovillain|Rage Powder|p1a: Scovillain\n|-singleturn|p1a: Scovillain|move: Rage Powder\n|move|p1b: Torkoal|Eruption|p2b: Incineroar|[spread] p2a,p2b\n|-supereffective|p2a: Sinistcha|1\n|-resisted|p2b: Incineroar|1\n|-damage|p2a: Sinistcha|0 fnt\n|-damage|p2b: Incineroar|0 fnt\n|faint|p2a: Sinistcha\n|faint|p2b: Incineroar\n|\n|win|EileenIdunn\n|raw|EileenIdunn's rating: 1148 &rarr; <strong>1168</strong><br />(+20 for winning)\n|raw|Gurniculator's rating: 1077 &rarr; <strong>1060</strong><br />(-17 for losing)\n","uploadtime":1788401771,"views":"0","formatid":"gen9championsvgc2026regmb","rating":1060,"private":0,"password":null}