{"id":"gen9championsvgc2026regmbbo3-2673887892","format":"[Gen 9 Champions] VGC 2026 Reg M-B (Bo3)","players":["OssiGT","javivaarela"],"log":"|j|☆OssiGT\n|j|☆javivaarela\n|html|<table width=\"100%\"><tr><td align=\"left\">OssiGT</td><td align=\"right\">javivaarela</tr><tr><td align=\"left\"><i class=\"fa fa-circle\"></i> <i class=\"fa fa-circle-o\"></i> </td><td align=\"right\"><i class=\"fa fa-circle-o\"></i> <i class=\"fa fa-circle-o\"></i> </tr></table>\n|uhtml|bestof|<h2><strong>Game 2</strong> of <a href=\"/game-bestof3-gen9championsvgc2026regmbbo3-2673885828\">a best-of-3</a></h2>\n|t:|1788273300\n|gametype|doubles\n|player|p1|OssiGT|hilbert|1292\n|player|p2|javivaarela|102|1407\n|gen|9\n|tier|[Gen 9 Champions] VGC 2026 Reg M-B (Bo3)\n|rated|\n|rule|Species Clause: Limit one of each Pokémon\n|rule|Item Clause: Limit 1 of each item\n|clearpoke\n|poke|p1|Whimsicott, L50, F|\n|poke|p1|Garchomp, L50, M|\n|poke|p1|Charizard, L50, M|\n|poke|p1|Basculegion, L50, M|\n|poke|p1|Kingambit, L50, F|\n|poke|p1|Floette-Eternal, L50, F|\n|poke|p2|Staraptor, L50, M, shiny|\n|poke|p2|Arcanine-Hisui, L50, F, shiny|\n|poke|p2|Kingambit, L50, F, shiny|\n|poke|p2|Sylveon, L50, M, shiny|\n|poke|p2|Raichu, L50, M, shiny|\n|poke|p2|Farigiraf, L50, M, shiny|\n|teampreview|4\n|showteam|p1|Whimsicott||FocusSash|Prankster|Moonblast,Tailwind,Encore,Protect|Timid||F|||50|]Garchomp||LifeOrb|RoughSkin|DragonClaw,StompingTantrum,RockSlide,Protect|Jolly||M|||50|]Charizard||CharizarditeY|Blaze|HeatWave,WeatherBall,AncientPower,Protect|Timid||M|||50|]Basculegion||MysticWater|Adaptability|WaveCrash,LastRespects,AquaJet,Protect|Adamant||M|||50|]Kingambit||OccaBerry|Defiant|KowtowCleave,SuckerPunch,LowKick,IronHead|Adamant||F|||50|]Floette-Eternal||Floettite|FlowerVeil|Moonblast,DazzlingGleam,LightofRuin,Protect|Timid||F|||50|\n|showteam|p2|Staraptor||Staraptite|Intimidate|DualWingbeat,CloseCombat,Tailwind,Protect|Jolly||M|||50|]Arcanine-Hisui||FocusSash|RockHead|FlareBlitz,HeadSmash,ExtremeSpeed,Protect|Jolly||F|||50|]Kingambit||LifeOrb|Defiant|KowtowCleave,SuckerPunch,SwordsDance,Protect|Adamant||F|||50|]Sylveon||FairyFeather|Pixilate|HyperVoice,HyperBeam,QuickAttack,Detect|Modest||M|||50|]Raichu||RaichuniteY|LightningRod|ZapCannon,FocusBlast,FakeOut,Protect|Timid||M|||50|]Farigiraf||SitrusBerry|ArmorTail|Psychic,HelpingHand,TrickRoom,Protect|Calm||M|||50|\n|inactive|Battle timer is ON: inactive players will automatically lose when time's up. (requested by javivaarela)\n|\n|t:|1788273362\n|teamsize|p1|4\n|teamsize|p2|4\n|start\n|switch|p1a: Whimsicott|Whimsicott, L50, F|100/100\n|switch|p1b: Charizard|Charizard, L50, M|100/100\n|switch|p2a: Flower Man|Staraptor, L50, M, shiny|100/100\n|switch|p2b: Sadie Sink|Sylveon, L50, M, shiny|100/100\n|-ability|p2a: Flower Man|Intimidate|boost\n|-unboost|p1a: Whimsicott|atk|1\n|-unboost|p1b: Charizard|atk|1\n|turn|1\n|inactive|javivaarela has 30 seconds left.\n|inactive|javivaarela has 20 seconds left.\n|\n|t:|1788273399\n|detailschange|p2a: Flower Man|Staraptor-Mega, L50, M, shiny\n|-mega|p2a: Flower Man|Staraptor|Staraptite\n|detailschange|p1b: Charizard|Charizard-Mega-Y, L50, M\n|-mega|p1b: Charizard|Charizard|Charizardite Y\n|-weather|SunnyDay|[from] ability: Drought|[of] p1b: Charizard\n|move|p1a: Whimsicott|Protect|p1a: Whimsicott\n|-singleturn|p1a: Whimsicott|Protect\n|move|p2a: Flower Man|Tailwind|p2a: Flower Man\n|-sidestart|p2: javivaarela|move: Tailwind\n|move|p2b: Sadie Sink|Hyper Voice|p1b: Charizard|[spread] p1b\n|-activate|p1a: Whimsicott|move: Protect\n|-resisted|p1b: Charizard|1\n|-damage|p1b: Charizard|77/100\n|move|p1b: Charizard|Weather Ball|p2a: Flower Man\n|-damage|p2a: Flower Man|5/100\n|\n|-weather|SunnyDay|[upkeep]\n|upkeep\n|turn|2\n|inactive|OssiGT has 30 seconds left.\n|\n|t:|1788273425\n|switch|p2b: Fridge|Farigiraf, L50, M, shiny|100/100\n|move|p1a: Whimsicott|Tailwind|p1a: Whimsicott\n|-sidestart|p1: OssiGT|move: Tailwind\n|move|p2a: Flower Man|Close Combat|p1b: Charizard\n|-resisted|p1b: Charizard|1\n|-damage|p1b: Charizard|49/100\n|-boost|p2a: Flower Man|def|1\n|-boost|p2a: Flower Man|spd|1\n|move|p1b: Charizard|Weather Ball|p2b: Fridge\n|-damage|p2b: Fridge|37/100\n|-enditem|p2b: Fridge|Sitrus Berry|[eat]\n|-heal|p2b: Fridge|62/100|[from] item: Sitrus Berry\n|\n|-weather|SunnyDay|[upkeep]\n|upkeep\n|turn|3\n|\n|t:|1788273442\n|move|p2b: Fridge|Helping Hand|p2a: Flower Man\n|-singleturn|p2a: Flower Man|Helping Hand|[of] p2b: Fridge\n|move|p1a: Whimsicott|Moonblast|p2b: Fridge\n|-damage|p2b: Fridge|37/100\n|move|p2a: Flower Man|Dual Wingbeat|p1a: Whimsicott\n|-supereffective|p1a: Whimsicott|1\n|-damage|p1a: Whimsicott|8/100\n|-supereffective|p1a: Whimsicott|1\n|-damage|p1a: Whimsicott|0 fnt\n|faint|p1a: Whimsicott\n|-hitcount|p1: Whimsicott|2\n|move|p1b: Charizard|Heat Wave|p2b: Fridge|[spread] p2a,p2b\n|-damage|p2a: Flower Man|0 fnt\n|-damage|p2b: Fridge|0 fnt\n|faint|p2a: Flower Man\n|faint|p2b: Fridge\n|\n|-weather|SunnyDay|[upkeep]\n|upkeep\n|inactive|OssiGT has 30 seconds left.\n|inactive|OssiGT has 20 seconds left.\n|inactive|OssiGT has 15 seconds left.\n|inactive|OssiGT has 10 seconds left.\n|\n|t:|1788273488\n|switch|p1a: Kingambit|Kingambit, L50, F|100/100\n|switch|p2a: Wasabi|Arcanine-Hisui, L50, F, shiny|100/100\n|switch|p2b: Sadie Sink|Sylveon, L50, M, shiny|100/100\n|turn|4\n|\n|t:|1788273507\n|move|p1b: Charizard|Protect|p1b: Charizard\n|-singleturn|p1b: Charizard|Protect\n|move|p1a: Kingambit|Sucker Punch|p2a: Wasabi\n|-damage|p2a: Wasabi|55/100\n|move|p2a: Wasabi|Flare Blitz|p1a: Kingambit\n|-supereffective|p1a: Kingambit|1\n|-crit|p1a: Kingambit\n|-enditem|p1a: Kingambit|Occa Berry|[eat]\n|-enditem|p1a: Kingambit|Occa Berry|[weaken]\n|-damage|p1a: Kingambit|0 fnt\n|faint|p1a: Kingambit\n|move|p2b: Sadie Sink|Hyper Voice|p1b: Charizard\n|-activate|p1b: Charizard|move: Protect\n|\n|-weather|SunnyDay|[upkeep]\n|-sideend|p2: javivaarela|move: Tailwind\n|upkeep\n|\n|t:|1788273516\n|switch|p1a: Basculegion|Basculegion, L50, M|100/100\n|turn|5\n|\n|t:|1788273536\n|move|p2a: Wasabi|Extreme Speed|p1b: Charizard\n|-damage|p1b: Charizard|21/100\n|move|p1a: Basculegion|Aqua Jet|p2a: Wasabi\n|-supereffective|p2a: Wasabi|2\n|-damage|p2a: Wasabi|0 fnt\n|faint|p2a: Wasabi\n|move|p1b: Charizard|Weather Ball|p2b: Sadie Sink\n|-damage|p2b: Sadie Sink|40/100\n|move|p2b: Sadie Sink|Hyper Voice|p1b: Charizard|[spread] p1a,p1b\n|-resisted|p1b: Charizard|1\n|-damage|p1a: Basculegion|45/100\n|-damage|p1b: Charizard|0 fnt\n|faint|p1b: Charizard\n|\n|-weather|none\n|-sideend|p1: OssiGT|move: Tailwind\n|upkeep\n|turn|6\n|l|☆OssiGT\n|inactive|OssiGT disconnected and has a minute to reconnect!\n|player|p1|\n|c|☆javivaarela|gg\n|inactive|OssiGT has 30 seconds left.\n|inactive|OssiGT has 20 seconds left.\n|inactive|OssiGT has 15 seconds left.\n|inactive|OssiGT has 10 seconds left.\n|inactive|OssiGT has 5 seconds left.\n|-message|OssiGT lost due to inactivity.\n|\n|win|javivaarela\n","uploadtime":1788273591,"views":"0","formatid":"gen9championsvgc2026regmbbo3","rating":null,"private":0,"password":null}