{"id":"gen9championsvgc2026regmb-2674199306","format":"[Gen 9 Champions] VGC 2026 Reg M-B","players":["ShrimpGun","PicoCookie"],"log":"|j|☆ShrimpGun\n|j|☆PicoCookie\n|t:|1788314244\n|gametype|doubles\n|player|p1|ShrimpGun|fisherman-gen4|1321\n|player|p2|PicoCookie|wallace|1258\n|gen|9\n|tier|[Gen 9 Champions] VGC 2026 Reg M-B\n|rated|\n|rule|Species Clause: Limit one of each Pokémon\n|rule|Item Clause: Limit 1 of each item\n|clearpoke\n|poke|p1|Staraptor, L50, F|\n|poke|p1|Farigiraf, L50, F, shiny|\n|poke|p1|Clawitzer, L50, M|\n|poke|p1|Arcanine-Hisui, L50, F|\n|poke|p1|Sylveon, L50, F|\n|poke|p1|Vivillon, L50, F|\n|poke|p2|Flapple, L50, M|\n|poke|p2|Sableye, L50, F|\n|poke|p2|Incineroar, L50, F|\n|poke|p2|Kingambit, L50, M|\n|poke|p2|Delphox, L50, M|\n|poke|p2|Sinistcha, L50|\n|teampreview|4\n|inactive|Battle timer is ON: inactive players will automatically lose when time's up. (requested by ShrimpGun)\n|inactive|PicoCookie has 60 seconds left.\n|\n|t:|1788314302\n|teamsize|p1|4\n|teamsize|p2|4\n|start\n|switch|p1a: Vivillon|Vivillon, L50, F|100/100\n|switch|p1b: Farigiraf|Farigiraf, L50, F, shiny|100/100\n|switch|p2a: Sableye|Sableye, L50, F|100/100\n|switch|p2b: Delphox|Delphox, L50, M|100/100\n|turn|1\n|inactive|ShrimpGun has 30 seconds left.\n|inactive|PicoCookie has 30 seconds left.\n|inactive|ShrimpGun has 20 seconds left.\n|inactive|ShrimpGun has 15 seconds left.\n|inactive|ShrimpGun has 10 seconds left.\n|\n|t:|1788314352\n|detailschange|p2b: Delphox|Delphox-Mega, L50, M\n|-mega|p2b: Delphox|Delphox|Delphoxite\n|move|p2a: Sableye|Gravity|p2a: Sableye\n|-fieldstart|move: Gravity\n|move|p1a: Vivillon|Sleep Powder|p2b: Delphox\n|-status|p2b: Delphox|slp|[from] move: Sleep Powder\n|cant|p2b: Delphox|slp\n|move|p1b: Farigiraf|Nasty Plot|p1b: Farigiraf\n|-boost|p1b: Farigiraf|spa|2\n|\n|upkeep\n|turn|2\n|inactive|PicoCookie has 30 seconds left.\n|\n|t:|1788314378\n|switch|p1a: Clawitzer|Clawitzer, L50, M|100/100\n|move|p2a: Sableye|Light Screen|p2a: Sableye\n|-sidestart|p2: PicoCookie|move: Light Screen\n|-curestatus|p2b: Delphox|slp|[msg]\n|move|p2b: Delphox|Heat Wave|p1b: Farigiraf|[spread] p1a,p1b\n|-resisted|p1a: Clawitzer|1\n|-damage|p1a: Clawitzer|71/100\n|-damage|p1b: Farigiraf|61/100\n|move|p1b: Farigiraf|Trick Room|p1b: Farigiraf\n|-fieldstart|move: Trick Room|[of] p1b: Farigiraf\n|\n|upkeep\n|turn|3\n|inactive|PicoCookie has 30 seconds left.\n|inactive|ShrimpGun has 30 seconds left.\n|inactive|PicoCookie has 20 seconds left.\n|inactive|PicoCookie has 15 seconds left.\n|inactive|ShrimpGun has 20 seconds left.\n|inactive|PicoCookie has 10 seconds left.\n|\n|t:|1788314426\n|switch|p2a: Flapple|Flapple, L50, M|100/100\n|move|p2b: Delphox|Protect|p2b: Delphox\n|-singleturn|p2b: Delphox|Protect\n|move|p1b: Farigiraf|Hyper Voice|p2b: Delphox|[spread] p2a\n|-activate|p2b: Delphox|move: Protect\n|-damage|p2a: Flapple|50/100g\n|move|p1a: Clawitzer|Water Pulse|p2b: Delphox\n|-activate|p2b: Delphox|move: Protect\n|\n|upkeep\n|turn|4\n|inactive|PicoCookie has 30 seconds left.\n|\n|t:|1788314454\n|switch|p2b: Sinistcha|Sinistcha, L50|100/100\n|-heal|p2a: Flapple|75/100|[from] ability: Hospitality|[of] p2b: Sinistcha\n|move|p1a: Clawitzer|Protect|p1a: Clawitzer\n|-singleturn|p1a: Clawitzer|Protect\n|move|p1b: Farigiraf|Hyper Voice|p2b: Sinistcha|[spread] p2a\n|-immune|p2b: Sinistcha\n|-damage|p2a: Flapple|21/100\n|move|p2a: Flapple|Grav Apple|p1a: Clawitzer\n|-activate|p1a: Clawitzer|move: Protect\n|\n|upkeep\n|turn|5\n|inactive|PicoCookie has 30 seconds left.\n|inactive|PicoCookie has 20 seconds left.\n|inactive|PicoCookie has 15 seconds left.\n|inactive|PicoCookie has 10 seconds left.\n|inactive|PicoCookie has 5 seconds left.\n|\n|t:|1788314506\n|switch|p1a: Staraptor|Staraptor, L50, F|100/100\n|-ability|p1a: Staraptor|Intimidate|boost\n|-unboost|p2a: Flapple|atk|1\n|-unboost|p2b: Sinistcha|atk|1\n|move|p2a: Flapple|Protect|p2a: Flapple\n|-singleturn|p2a: Flapple|Protect\n|move|p1b: Farigiraf|Nasty Plot|p1b: Farigiraf\n|-boost|p1b: Farigiraf|spa|2\n|move|p2b: Sinistcha|Life Dew||[still]|[spread] p2a,p2b\n|-heal|p2a: Flapple|46/100\n|-fail|p2b: Sinistcha|heal\n|\n|-fieldend|move: Gravity\n|upkeep\n|turn|6\n|inactive|PicoCookie has 30 seconds left.\n|inactive|PicoCookie has 20 seconds left.\n|inactive|PicoCookie has 15 seconds left.\n|inactive|PicoCookie has 10 seconds left.\n|\n|t:|1788314552\n|switch|p2a: Sableye|Sableye, L50, F|100/100\n|detailschange|p1a: Staraptor|Staraptor-Mega, L50, F\n|-mega|p1a: Staraptor|Staraptor|Staraptite\n|move|p1b: Farigiraf|Hyper Voice|p2b: Sinistcha|[spread] \n|-immune|p2a: Sableye\n|-immune|p2b: Sinistcha\n|move|p2b: Sinistcha|Matcha Gotcha|p1a: Staraptor|[spread] p1a,p1b\n|-resisted|p1a: Staraptor|1\n|-damage|p1a: Staraptor|87/100\n|-damage|p1b: Farigiraf|37/100\n|-enditem|p1b: Farigiraf|Sitrus Berry|[eat]\n|-heal|p1b: Farigiraf|62/100|[from] item: Sitrus Berry\n|move|p1a: Staraptor|Tailwind|p1a: Staraptor\n|-sidestart|p1: ShrimpGun|move: Tailwind\n|\n|-sideend|p2: PicoCookie|move: Light Screen\n|-fieldend|move: Trick Room\n|upkeep\n|turn|7\n|inactive|PicoCookie has 30 seconds left.\n|\n|t:|1788314581\n|move|p2a: Sableye|Reflect|p2a: Sableye\n|-sidestart|p2: PicoCookie|Reflect\n|move|p1a: Staraptor|Brave Bird|p2b: Sinistcha\n|-supereffective|p2b: Sinistcha|1\n|-damage|p2b: Sinistcha|43/100\n|-damage|p1a: Staraptor|70/100|[from] Recoil\n|move|p1b: Farigiraf|Thunderbolt|p2b: Sinistcha\n|-resisted|p2b: Sinistcha|1\n|-damage|p2b: Sinistcha|6/100\n|-status|p2b: Sinistcha|par\n|cant|p2b: Sinistcha|par\n|\n|upkeep\n|turn|8\n|inactive|PicoCookie has 30 seconds left.\n|\n|t:|1788314606\n|move|p2a: Sableye|Gravity|p2a: Sableye\n|-fieldstart|move: Gravity\n|move|p1a: Staraptor|Brave Bird|p2b: Sinistcha\n|-supereffective|p2b: Sinistcha|1\n|-damage|p2b: Sinistcha|0 fnt\n|faint|p2b: Sinistcha\n|-damage|p1a: Staraptor|68/100|[from] Recoil\n|move|p1b: Farigiraf|Thunderbolt|p2a: Sableye\n|-damage|p2a: Sableye|16/100\n|\n|upkeep\n|\n|t:|1788314618\n|switch|p2b: Delphox|Delphox-Mega, L50, M|100/100\n|turn|9\n|inactive|ShrimpGun has 30 seconds left.\n|inactive|ShrimpGun has 20 seconds left.\n|\n|t:|1788314657\n|move|p2b: Delphox|Protect|p2b: Delphox\n|-singleturn|p2b: Delphox|Protect\n|move|p2a: Sableye|Light Screen|p2a: Sableye\n|-sidestart|p2: PicoCookie|move: Light Screen\n|move|p1a: Staraptor|Brave Bird|p2a: Sableye\n|-damage|p2a: Sableye|0 fnt\n|faint|p2a: Sableye\n|-damage|p1a: Staraptor|63/100|[from] Recoil\n|move|p1b: Farigiraf|Thunderbolt|p2b: Delphox\n|-activate|p2b: Delphox|move: Protect\n|\n|-sideend|p1: ShrimpGun|move: Tailwind\n|upkeep\n|\n|t:|1788314668\n|switch|p2a: Flapple|Flapple, L50, M|46/100\n|turn|10\n|\n|t:|1788314688\n|move|p2b: Delphox|Hypnosis|p1a: Staraptor\n|-status|p1a: Staraptor|slp|[from] move: Hypnosis\n|cant|p1a: Staraptor|slp\n|move|p2a: Flapple|Grav Apple|p1b: Farigiraf\n|-damage|p1b: Farigiraf|0 fnt\n|faint|p1b: Farigiraf\n|-damage|p2a: Flapple|36/100|[from] item: Life Orb\n|\n|upkeep\n|\n|t:|1788314703\n|switch|p1b: Vivillon|Vivillon, L50, F|100/100\n|turn|11\n|inactive|PicoCookie has 30 seconds left.\n|\n|t:|1788314737\n|move|p2b: Delphox|Protect|p2b: Delphox\n|-singleturn|p2b: Delphox|Protect\n|move|p1b: Vivillon|Hurricane|p2a: Flapple\n|-supereffective|p2a: Flapple|1\n|-damage|p2a: Flapple|0 fnt\n|faint|p2a: Flapple\n|cant|p1a: Staraptor|slp\n|\n|-sideend|p2: PicoCookie|Reflect\n|upkeep\n|turn|12\n|\n|t:|1788314755\n|move|p1b: Vivillon|Hurricane|p2b: Delphox\n|-damage|p2b: Delphox|77/100\n|-start|p2b: Delphox|confusion\n|-activate|p2b: Delphox|confusion\n|move|p2b: Delphox|Psychic|p1a: Staraptor\n|-supereffective|p1a: Staraptor|1\n|-damage|p1a: Staraptor|0 fnt\n|faint|p1a: Staraptor\n|\n|-fieldend|move: Gravity\n|upkeep\n|\n|t:|1788314774\n|switch|p1a: Clawitzer|Clawitzer, L50, M|71/100\n|turn|13\n|\n|t:|1788314788\n|move|p1b: Vivillon|Hurricane|p2b: Delphox\n|-damage|p2b: Delphox|54/100\n|-activate|p2b: Delphox|confusion\n|-damage|p2b: Delphox|44/100|[from] confusion\n|move|p1a: Clawitzer|Water Pulse|p2b: Delphox\n|-supereffective|p2b: Delphox|1\n|-damage|p2b: Delphox|0 fnt\n|faint|p2b: Delphox\n|-damage|p1a: Clawitzer|62/100|[from] item: Life Orb\n|\n|win|ShrimpGun\n|raw|ShrimpGun's rating: 1321 &rarr; <strong>1337</strong><br />(+16 for winning)\n|raw|PicoCookie's rating: 1258 &rarr; <strong>1237</strong><br />(-21 for losing)\n","uploadtime":1788314793,"views":"2","formatid":"gen9championsvgc2026regmb","rating":1237,"private":0,"password":null}