{"id":"gen9championsvgc2026regmbbo3-2674943147","format":"[Gen 9 Champions] VGC 2026 Reg M-B (Bo3)","players":["EDJPP","Chavo666"],"log":"|j|☆EDJPP\n|j|☆Chavo666\n|html|<table width=\"100%\"><tr><td align=\"left\">EDJPP</td><td align=\"right\">Chavo666</tr><tr><td align=\"left\"><i class=\"fa fa-circle-o\"></i> <i class=\"fa fa-circle-o\"></i> </td><td align=\"right\"><i class=\"fa fa-circle-o\"></i> <i class=\"fa fa-circle\"></i> </tr></table>\n|uhtml|bestof|<h2><strong>Game 2</strong> of <a href=\"/game-bestof3-gen9championsvgc2026regmbbo3-2674941628\">a best-of-3</a></h2>\n|t:|1788439779\n|gametype|doubles\n|player|p1|EDJPP|volkner|1058\n|player|p2|Chavo666|101|1129\n|gen|9\n|tier|[Gen 9 Champions] VGC 2026 Reg M-B (Bo3)\n|rated|\n|rule|Species Clause: Limit one of each Pokémon\n|rule|Item Clause: Limit 1 of each item\n|clearpoke\n|poke|p1|Froslass, L50, F|\n|poke|p1|Lycanroc-Dusk, L50, M|\n|poke|p1|Incineroar, L50, M|\n|poke|p1|Farigiraf, L50, F|\n|poke|p1|Sinistcha, L50|\n|poke|p1|Sylveon, L50, F|\n|poke|p2|Tyranitar, L50, M|\n|poke|p2|Scizor, L50, F|\n|poke|p2|Venusaur, L50, M|\n|poke|p2|Farigiraf, L50, F|\n|poke|p2|Primarina, L50, M|\n|poke|p2|Ceruledge, L50, M|\n|teampreview|4\n|showteam|p1|Froslass||Froslassite|SnowCloak|Blizzard,Protect,ShadowBall,AuroraVeil|Timid||F|||50|]Lycanroc-Dusk||FocusSash|ToughClaws|Accelerock,CloseCombat,Protect,RockSlide|Adamant||M|||50|]Incineroar||PasshoBerry|Intimidate|FakeOut,PartingShot,FlareBlitz,ThroatChop|Adamant||M|||50|]Farigiraf||ColburBerry|ArmorTail|Roar,Thunderbolt,Psychic,Protect|Timid||F|||50|]Sinistcha||KasibBerry|Hospitality|MatchaGotcha,RagePowder,TrickRoom,Protect|Sassy|||||50|]Sylveon||FairyFeather|Pixilate|HyperVoice,QuickAttack,HyperBeam,Detect|Modest||F|||50|\n|showteam|p2|Tyranitar||ChopleBerry|SandStream|RockSlide,Protect,KnockOff,LowKick|Adamant||M|||50|]Scizor||MetalCoat|Technician|SwordsDance,BugBite,BulletPunch,Protect|Adamant||F|||50|]Venusaur||Venusaurite|Chlorophyll|EarthPower,SludgeBomb,GigaDrain,Protect|Modest||M|||50|]Farigiraf||SitrusBerry|ArmorTail|DazzlingGleam,Psychic,TrickRoom,HelpingHand|Sassy||F|||50|]Primarina||LifeOrb|LiquidVoice|Moonblast,DazzlingGleam,HyperVoice,Protect|Modest||M|||50|]Ceruledge||ColburBerry|FlashFire|BitterBlade,BulkUp,ShadowSneak,Protect|Adamant||M|||50|\n|inactive|Battle timer is ON: inactive players will automatically lose when time's up. (requested by EDJPP)\n|inactive|EDJPP has 60 seconds left.\n|inactive|Chavo666 has 60 seconds left.\n|\n|t:|1788439821\n|teamsize|p1|4\n|teamsize|p2|4\n|start\n|switch|p1a: Incineroar|Incineroar, L50, M|100/100\n|switch|p1b: Froslass|Froslass, L50, F|100/100\n|switch|p2a: Farigiraf|Farigiraf, L50, F|100/100\n|switch|p2b: Primarina|Primarina, L50, M|100/100\n|-ability|p1a: Incineroar|Intimidate|boost\n|-unboost|p2a: Farigiraf|atk|1\n|-unboost|p2b: Primarina|atk|1\n|turn|1\n|inactive|EDJPP has 30 seconds left.\n|inactive|EDJPP has 20 seconds left.\n|inactive|EDJPP has 15 seconds left.\n|inactive|EDJPP has 10 seconds left.\n|inactive|EDJPP has 5 seconds left.\n|\n|t:|1788439874\n|detailschange|p1b: Froslass|Froslass-Mega, L50, F\n|-mega|p1b: Froslass|Froslass|Froslassite\n|-weather|Snowscape|[from] ability: Snow Warning|[of] p1b: Froslass\n|move|p1b: Froslass|Aurora Veil|p1b: Froslass\n|-sidestart|p1: EDJPP|move: Aurora Veil\n|move|p2b: Primarina|Hyper Voice|p1b: Froslass|[spread] p1a,p1b\n|-supereffective|p1a: Incineroar|1\n|-crit|p1a: Incineroar\n|-enditem|p1a: Incineroar|Passho Berry|[eat]\n|-enditem|p1a: Incineroar|Passho Berry|[weaken]\n|-damage|p1a: Incineroar|28/100\n|-damage|p1b: Froslass|62/100\n|-damage|p2b: Primarina|90/100|[from] item: Life Orb\n|move|p1a: Incineroar|Parting Shot|p2a: Farigiraf\n|-unboost|p2a: Farigiraf|atk|1\n|-unboost|p2a: Farigiraf|spa|1\n|\n|t:|1788439887\n|switch|p1a: Sinistcha|Sinistcha, L50|100/100|[from] Parting Shot\n|-heal|p1b: Froslass|87/100|[from] ability: Hospitality|[of] p1a: Sinistcha\n|move|p2a: Farigiraf|Trick Room|p2a: Farigiraf\n|-fieldstart|move: Trick Room|[of] p2a: Farigiraf\n|\n|-weather|Snowscape|[upkeep]\n|upkeep\n|turn|2\n|\n|t:|1788439904\n|switch|p2a: Tyranitar|Tyranitar, L50, M|100/100\n|-weather|Sandstorm|[from] ability: Sand Stream|[of] p2a: Tyranitar\n|switch|p2b: Scizor|Scizor, L50, F|100/100\n|move|p1a: Sinistcha|Matcha Gotcha|p2a: Tyranitar|[spread] p2a,p2b\n|-supereffective|p2a: Tyranitar|1\n|-resisted|p2b: Scizor|2\n|-damage|p2a: Tyranitar|71/100\n|-damage|p2b: Scizor|93/100\n|move|p1b: Froslass|Blizzard|p2a: Tyranitar|[spread] p2a\n|-miss|p1b: Froslass|p2b: Scizor\n|-damage|p2a: Tyranitar|44/100\n|\n|-weather|Sandstorm|[upkeep]\n|-damage|p1a: Sinistcha|93/100|[from] Sandstorm\n|-damage|p1b: Froslass|80/100|[from] Sandstorm\n|upkeep\n|turn|3\n|\n|t:|1788439921\n|move|p1b: Froslass|Protect|p1b: Froslass\n|-singleturn|p1b: Froslass|Protect\n|move|p1a: Sinistcha|Matcha Gotcha|p2b: Scizor|[spread] p2a\n|-miss|p1a: Sinistcha|p2b: Scizor\n|-supereffective|p2a: Tyranitar|1\n|-damage|p2a: Tyranitar|14/100\n|-heal|p1a: Sinistcha|100/100|[from] drain|[of] p2a: Tyranitar\n|-status|p2a: Tyranitar|brn\n|move|p2a: Tyranitar|Knock Off|p1a: Sinistcha\n|-supereffective|p1a: Sinistcha|1\n|-damage|p1a: Sinistcha|62/100\n|-enditem|p1a: Sinistcha|Kasib Berry|[from] move: Knock Off|[of] p2a: Tyranitar\n|move|p2b: Scizor|Swords Dance|p2b: Scizor\n|-boost|p2b: Scizor|atk|2\n|\n|-weather|Sandstorm|[upkeep]\n|-damage|p1a: Sinistcha|55/100|[from] Sandstorm\n|-damage|p1b: Froslass|74/100|[from] Sandstorm\n|-damage|p2a: Tyranitar|9/100 brn|[from] brn\n|upkeep\n|turn|4\n|inactive|Chavo666 has 30 seconds left.\n|\n|t:|1788439951\n|switch|p2a: Farigiraf|Farigiraf, L50, F|100/100\n|switch|p1b: Incineroar|Incineroar, L50, M|28/100\n|-ability|p1b: Incineroar|Intimidate|boost\n|-unboost|p2a: Farigiraf|atk|1\n|-unboost|p2b: Scizor|atk|1\n|move|p1a: Sinistcha|Rage Powder|p1a: Sinistcha\n|-singleturn|p1a: Sinistcha|move: Rage Powder\n|move|p2b: Scizor|Bullet Punch|p1a: Sinistcha\n|-damage|p1a: Sinistcha|15/100\n|\n|-weather|Sandstorm|[upkeep]\n|-damage|p2a: Farigiraf|93/100|[from] Sandstorm\n|-damage|p1b: Incineroar|22/100|[from] Sandstorm\n|-damage|p1a: Sinistcha|9/100|[from] Sandstorm\n|upkeep\n|turn|5\n|inactive|EDJPP has 30 seconds left.\n|inactive|EDJPP has 20 seconds left.\n|inactive|EDJPP has 15 seconds left.\n|\n|t:|1788439994\n|move|p2b: Scizor|Protect|p2b: Scizor\n|-singleturn|p2b: Scizor|Protect\n|move|p2a: Farigiraf|Dazzling Gleam|p1a: Sinistcha|[spread] p1a,p1b\n|-damage|p1a: Sinistcha|1/100\n|-damage|p1b: Incineroar|12/100\n|move|p1b: Incineroar|Flare Blitz|p2b: Scizor\n|-activate|p2b: Scizor|move: Protect\n|move|p1a: Sinistcha|Matcha Gotcha|p2b: Scizor|[spread] p2a\n|-activate|p2b: Scizor|move: Protect\n|-damage|p2a: Farigiraf|66/100\n|-heal|p1a: Sinistcha|18/100|[from] drain|[of] p2a: Farigiraf\n|\n|-weather|Sandstorm|[upkeep]\n|-damage|p2a: Farigiraf|60/100|[from] Sandstorm\n|-damage|p1b: Incineroar|6/100|[from] Sandstorm\n|-damage|p1a: Sinistcha|11/100|[from] Sandstorm\n|-sideend|p1: EDJPP|move: Aurora Veil\n|-fieldend|move: Trick Room\n|upkeep\n|turn|6\n|\n|t:|1788440015\n|move|p1a: Sinistcha|Rage Powder|p1a: Sinistcha\n|-singleturn|p1a: Sinistcha|move: Rage Powder\n|move|p2b: Scizor|Bullet Punch|p1a: Sinistcha\n|-damage|p1a: Sinistcha|0 fnt\n|faint|p1a: Sinistcha\n|move|p1b: Incineroar|Flare Blitz|p2b: Scizor\n|-supereffective|p2b: Scizor|2\n|-damage|p2b: Scizor|0 fnt\n|faint|p2b: Scizor\n|-damage|p1b: Incineroar|0 fnt|[from] Recoil\n|faint|p1b: Incineroar\n|move|p2a: Farigiraf|Dazzling Gleam|p1: Sinistcha|[notarget]\n|-fail|p2a: Farigiraf\n|\n|-weather|none\n|upkeep\n|\n|t:|1788440030\n|switch|p2b: Primarina|Primarina, L50, M|90/100\n|switch|p1a: Lycanroc|Lycanroc-Dusk, L50, M|100/100\n|switch|p1b: Froslass|Froslass-Mega, L50, F|74/100\n|-weather|Snowscape|[from] ability: Snow Warning|[of] p1b: Froslass\n|turn|7\n|\n|t:|1788440042\n|switch|p2a: Tyranitar|Tyranitar, L50, M|9/100 brn\n|-weather|Sandstorm|[from] ability: Sand Stream|[of] p2a: Tyranitar\n|move|p1b: Froslass|Blizzard|p2b: Primarina|[spread] p2a,p2b\n|-resisted|p2b: Primarina|1\n|-damage|p2a: Tyranitar|0 fnt\n|-damage|p2b: Primarina|66/100\n|faint|p2a: Tyranitar\n|move|p1a: Lycanroc|Rock Slide|p2b: Primarina\n|-crit|p2b: Primarina\n|-damage|p2b: Primarina|0 fnt\n|faint|p2b: Primarina\n|\n|-weather|Sandstorm|[upkeep]\n|-damage|p1b: Froslass|68/100|[from] Sandstorm\n|upkeep\n|-message|Chavo666 forfeited.\n|\n|win|EDJPP\n|l|☆Chavo666\n|player|p2|\n","uploadtime":1788440057,"views":"4","formatid":"gen9championsvgc2026regmbbo3","rating":null,"private":0,"password":null}