{"id":"gen9championsvgc2026regmbbo3-2674003153","format":"[Gen 9 Champions] VGC 2026 Reg M-B (Bo3)","players":["Pawah","morals2"],"log":"|j|☆Pawah\n|j|☆morals2\n|html|<table width=\"100%\"><tr><td align=\"left\">Pawah</td><td align=\"right\">morals2</tr><tr><td align=\"left\"><i class=\"fa fa-circle\"></i> <i class=\"fa fa-circle-o\"></i> </td><td align=\"right\"><i class=\"fa fa-circle-o\"></i> <i class=\"fa fa-circle-o\"></i> </tr></table>\n|uhtml|bestof|<h2><strong>Game 2</strong> of <a href=\"/game-bestof3-gen9championsvgc2026regmbbo3-2673999816\">a best-of-3</a></h2>\n|t:|1788287018\n|gametype|doubles\n|player|p1|Pawah|ethan|1147\n|player|p2|morals2|1|1043\n|gen|9\n|tier|[Gen 9 Champions] VGC 2026 Reg M-B (Bo3)\n|rated|\n|rule|Species Clause: Limit one of each Pokémon\n|rule|Item Clause: Limit 1 of each item\n|clearpoke\n|poke|p1|Froslass, L50, F|\n|poke|p1|Scovillain, L50, F, shiny|\n|poke|p1|Basculegion, L50, M|\n|poke|p1|Kingambit, L50, F|\n|poke|p1|Sneasler, L50, F|\n|poke|p1|Lycanroc-Dusk, L50, M|\n|poke|p2|Staraptor, L50, M|\n|poke|p2|Garchomp, L50, F|\n|poke|p2|Gholdengo, L50|\n|poke|p2|Grimmsnarl, L50, M|\n|poke|p2|Glimmora, L50, F|\n|poke|p2|Serperior, L50, F|\n|teampreview|4\n|showteam|p1|Froslass||Froslassite|CursedBody|Blizzard,ShadowBall,AuroraVeil,Protect|Modest||F|||50|]Scovillain||Scovillainite|Moody|GigaDrain,Overheat,RagePowder,Protect|Bold||F|||50|]Basculegion||SitrusBerry|Adaptability|WaveCrash,LastRespects,AquaJet,Protect|Adamant||M|||50|]Kingambit||BlackGlasses|Defiant|KowtowCleave,SuckerPunch,SwordsDance,Protect|Adamant||F|||50|]Sneasler||WhiteHerb|Unburden|CloseCombat,GunkShot,Protect,FakeOut|Adamant||F|||50|]Lycanroc-Dusk||FocusSash|ToughClaws|CloseCombat,Accelerock,RockSlide,Protect|Adamant||M|||50|\n|showteam|p2|Staraptor||Staraptite|Intimidate|CloseCombat,BraveBird,Roost,Protect|Jolly||M|||50|]Garchomp||SitrusBerry|RoughSkin|DragonClaw,StompingTantrum,RockTomb,Protect|Adamant||F|||50|]Gholdengo||LifeOrb|GoodasGold|MakeItRain,ShadowBall,NastyPlot,Protect|Timid|||||50|]Grimmsnarl||RoseliBerry|Prankster|FakeOut,ScaryFace,PartingShot,SpiritBreak|Careful||M|||50|]Glimmora||Glimmoranite|ToxicDebris|PowerGem,SludgeBomb,EarthPower,SpikyShield|Timid||F|||50|]Serperior||WideLens|Contrary|LeafStorm,Glare,Taunt,Protect|Timid||F|||50|\n|inactive|Battle timer is ON: inactive players will automatically lose when time's up. (requested by Pawah)\n|inactive|Pawah has 60 seconds left.\n|inactive|Pawah has 30 seconds left.\n|\n|t:|1788287086\n|teamsize|p1|4\n|teamsize|p2|4\n|start\n|switch|p1a: Froslass|Froslass, L50, F|100/100\n|switch|p1b: Scovillain|Scovillain, L50, F, shiny|100/100\n|switch|p2a: Grimmsnarl|Grimmsnarl, L50, M|100/100\n|switch|p2b: Glimmora|Glimmora, L50, F|100/100\n|turn|1\n|inactive|morals2 has 30 seconds left.\n|\n|t:|1788287117\n|detailschange|p1a: Froslass|Froslass-Mega, L50, F\n|-mega|p1a: Froslass|Froslass|Froslassite\n|-weather|Snowscape|[from] ability: Snow Warning|[of] p1a: Froslass\n|detailschange|p2b: Glimmora|Glimmora-Mega, L50, F\n|-mega|p2b: Glimmora|Glimmora|Glimmoranite\n|move|p1b: Scovillain|Protect|p1b: Scovillain\n|-singleturn|p1b: Scovillain|Protect\n|move|p2a: Grimmsnarl|Fake Out|p1b: Scovillain\n|-activate|p1b: Scovillain|move: Protect\n|move|p1a: Froslass|Shadow Ball|p2b: Glimmora\n|-damage|p2b: Glimmora|53/100\n|move|p2b: Glimmora|Power Gem|p1a: Froslass\n|-supereffective|p1a: Froslass|1\n|-damage|p1a: Froslass|0 fnt\n|faint|p1a: Froslass\n|\n|-weather|Snowscape|[upkeep]\n|-ability|p1b: Scovillain|Moody|boost\n|-boost|p1b: Scovillain|spa|2\n|-unboost|p1b: Scovillain|spe|1\n|upkeep\n|\n|t:|1788287136\n|switch|p1a: Basculegion|Basculegion, L50, M|100/100\n|turn|2\n|inactive|morals2 has 30 seconds left.\n|\n|t:|1788287166\n|move|p2b: Glimmora|Spiky Shield|p2b: Glimmora\n|-singleturn|p2b: Glimmora|move: Protect\n|move|p1b: Scovillain|Rage Powder|p1b: Scovillain\n|-singleturn|p1b: Scovillain|move: Rage Powder\n|move|p1a: Basculegion|Aqua Jet|p2b: Glimmora\n|-activate|p2b: Glimmora|move: Protect\n|-damage|p1a: Basculegion|87/100|[from] Spiky Shield|[of] p2b: Glimmora\n|move|p2a: Grimmsnarl|Scary Face|p1b: Scovillain\n|-unboost|p1b: Scovillain|spe|2\n|\n|-weather|Snowscape|[upkeep]\n|-ability|p1b: Scovillain|Moody|boost\n|-boost|p1b: Scovillain|spa|2\n|-unboost|p1b: Scovillain|spe|1\n|upkeep\n|turn|3\n|inactive|morals2 has 30 seconds left.\n|inactive|Pawah has 30 seconds left.\n|\n|t:|1788287200\n|move|p1a: Basculegion|Aqua Jet|p2b: Glimmora\n|-supereffective|p2b: Glimmora|1\n|-damage|p2b: Glimmora|0 fnt\n|faint|p2b: Glimmora\n|move|p2a: Grimmsnarl|Parting Shot|p1a: Basculegion\n|-unboost|p1a: Basculegion|atk|1\n|-unboost|p1a: Basculegion|spa|1\n|\n|t:|1788287207\n|switch|p2a: Garchomp|Garchomp, L50, F|100/100|[from] Parting Shot\n|move|p1b: Scovillain|Overheat|p2a: Garchomp\n|-resisted|p2a: Garchomp|1\n|-damage|p2a: Garchomp|34/100\n|-unboost|p1b: Scovillain|spa|2\n|-enditem|p2a: Garchomp|Sitrus Berry|[eat]\n|-heal|p2a: Garchomp|59/100|[from] item: Sitrus Berry\n|\n|-weather|Snowscape|[upkeep]\n|-ability|p1b: Scovillain|Moody|boost\n|-boost|p1b: Scovillain|atk|2\n|-unboost|p1b: Scovillain|spe|1\n|upkeep\n|\n|t:|1788287213\n|switch|p2b: Serperior|Serperior, L50, F|100/100\n|turn|4\n|inactive|morals2 has 30 seconds left.\n|\n|t:|1788287246\n|switch|p2a: Grimmsnarl|Grimmsnarl, L50, M|100/100\n|switch|p1a: Sneasler|Sneasler, L50, F|100/100\n|move|p2b: Serperior|Protect|p2b: Serperior\n|-singleturn|p2b: Serperior|Protect\n|move|p1b: Scovillain|Overheat|p2b: Serperior\n|-activate|p2b: Serperior|move: Protect\n|\n|-weather|Snowscape|[upkeep]\n|-ability|p1b: Scovillain|Moody|boost\n|-boost|p1b: Scovillain|atk|2\n|-unboost|p1b: Scovillain|spe|1\n|upkeep\n|turn|5\n|inactive|morals2 has 30 seconds left.\n|\n|t:|1788287279\n|move|p1a: Sneasler|Fake Out|p2a: Grimmsnarl\n|-damage|p2a: Grimmsnarl|87/100\n|cant|p2a: Grimmsnarl|flinch\n|move|p2b: Serperior|Glare|p1a: Sneasler\n|-status|p1a: Sneasler|par\n|move|p1b: Scovillain|Overheat|p2b: Serperior\n|-supereffective|p2b: Serperior|1\n|-damage|p2b: Serperior|0 fnt\n|-unboost|p1b: Scovillain|spa|2\n|faint|p2b: Serperior\n|\n|-weather|none\n|-ability|p1b: Scovillain|Moody|boost\n|-boost|p1b: Scovillain|def|2\n|-unboost|p1b: Scovillain|spa|1\n|upkeep\n|\n|t:|1788287282\n|switch|p2b: Garchomp|Garchomp, L50, F|59/100\n|turn|6\n|\n|t:|1788287292\n|move|p1b: Scovillain|Rage Powder|p1b: Scovillain\n|-singleturn|p1b: Scovillain|move: Rage Powder\n|move|p2b: Garchomp|Stomping Tantrum|p1b: Scovillain\n|-damage|p1b: Scovillain|73/100\n|move|p2a: Grimmsnarl|Spirit Break|p1b: Scovillain\n|-resisted|p1b: Scovillain|1\n|-damage|p1b: Scovillain|63/100\n|-unboost|p1b: Scovillain|spa|1\n|cant|p1a: Sneasler|par\n|\n|-ability|p1b: Scovillain|Moody|boost\n|-boost|p1b: Scovillain|def|2\n|-unboost|p1b: Scovillain|spa|1\n|upkeep\n|turn|7\n|\n|t:|1788287317\n|move|p1b: Scovillain|Rage Powder|p1b: Scovillain\n|-singleturn|p1b: Scovillain|move: Rage Powder\n|move|p2b: Garchomp|Dragon Claw|p1b: Scovillain\n|-damage|p1b: Scovillain|44/100\n|move|p2a: Grimmsnarl|Spirit Break|p1b: Scovillain\n|-resisted|p1b: Scovillain|1\n|-damage|p1b: Scovillain|38/100\n|-unboost|p1b: Scovillain|spa|1\n|move|p1a: Sneasler|Gunk Shot|p2a: Grimmsnarl|[miss]\n|-miss|p1a: Sneasler|p2a: Grimmsnarl\n|\n|-ability|p1b: Scovillain|Moody|boost\n|-boost|p1b: Scovillain|spe|2\n|-unboost|p1b: Scovillain|atk|1\n|upkeep\n|turn|8\n|\n|t:|1788287334\n|move|p1b: Scovillain|Rage Powder|p1b: Scovillain\n|-singleturn|p1b: Scovillain|move: Rage Powder\n|move|p2b: Garchomp|Stomping Tantrum|p1b: Scovillain\n|-damage|p1b: Scovillain|22/100\n|move|p2a: Grimmsnarl|Spirit Break|p1b: Scovillain\n|-resisted|p1b: Scovillain|1\n|-damage|p1b: Scovillain|16/100\n|-unboost|p1b: Scovillain|spa|1\n|move|p1a: Sneasler|Gunk Shot|p2a: Grimmsnarl\n|-supereffective|p2a: Grimmsnarl|1\n|-damage|p2a: Grimmsnarl|0 fnt\n|faint|p2a: Grimmsnarl\n|\n|-ability|p1b: Scovillain|Moody|boost\n|-boost|p1b: Scovillain|spe|2\n|-unboost|p1b: Scovillain|spa|1\n|upkeep\n|turn|9\n|\n|t:|1788287354\n|move|p1b: Scovillain|Rage Powder|p1b: Scovillain\n|-singleturn|p1b: Scovillain|move: Rage Powder\n|move|p2b: Garchomp|Dragon Claw|p1b: Scovillain\n|-damage|p1b: Scovillain|0 fnt\n|faint|p1b: Scovillain\n|move|p1a: Sneasler|Close Combat|p2b: Garchomp\n|-damage|p2b: Garchomp|10/100\n|-unboost|p1a: Sneasler|def|1\n|-unboost|p1a: Sneasler|spd|1\n|-damage|p1a: Sneasler|87/100 par|[from] ability: Rough Skin|[of] p2b: Garchomp\n|-enditem|p1a: Sneasler|White Herb\n|-clearnegativeboost|p1a: Sneasler|[silent]\n|\n|upkeep\n|\n|t:|1788287359\n|switch|p1b: Basculegion|Basculegion, L50, M|87/100\n|turn|10\n|-message|morals2 forfeited.\n|\n|win|Pawah\n|raw|Pawah's rating: 1147 &rarr; <strong>1165</strong><br />(+18 for winning)\n|raw|morals2's rating: 1043 &rarr; <strong>1031</strong><br />(-12 for losing)\n","uploadtime":1788287360,"views":"0","formatid":"gen9championsvgc2026regmbbo3","rating":1031,"private":0,"password":null}