{"id":"gen9championsvgc2026regmb-2674990683","format":"[Gen 9 Champions] VGC 2026 Reg M-B","players":["naofizlogin","Crype"],"log":"|j|☆naofizlogin\n|j|☆Crype\n|t:|1788446045\n|gametype|doubles\n|player|p1|naofizlogin|266|1056\n|player|p2|Crype|101|1049\n|gen|9\n|tier|[Gen 9 Champions] VGC 2026 Reg M-B\n|rated|\n|rule|Species Clause: Limit one of each Pokémon\n|rule|Item Clause: Limit 1 of each item\n|clearpoke\n|poke|p1|Absol, L50, M|\n|poke|p1|Noivern, L50, M|\n|poke|p1|Weavile, L50, F|\n|poke|p1|Rotom-Heat, L50|\n|poke|p1|Corviknight, L50, F|\n|poke|p1|Empoleon, L50, M|\n|poke|p2|Abomasnow, L50, M|\n|poke|p2|Sneasler, L50, M|\n|poke|p2|Mawile, L50, F|\n|poke|p2|Farigiraf, L50, F|\n|poke|p2|Armarouge, L50, F|\n|poke|p2|Klefki, L50, F|\n|teampreview|4\nCrype rejected open team sheets.\n|inactive|Battle timer is ON: inactive players will automatically lose when time's up. (requested by Crype)\n|\n|t:|1788446103\n|teamsize|p1|4\n|teamsize|p2|4\n|start\n|switch|p1a: Rotom|Rotom-Heat, L50|100/100\n|switch|p1b: Weavile|Weavile, L50, F|100/100\n|switch|p2a: Abomasnow|Abomasnow, L50, M|100/100\n|switch|p2b: Farigiraf|Farigiraf, L50, F|100/100\n|-ability|p1b: Weavile|Pressure\n|-weather|Snowscape|[from] ability: Snow Warning|[of] p2a: Abomasnow\n|turn|1\n|\n|t:|1788446117\n|move|p1a: Rotom|Trick|p2b: Farigiraf\n|-activate|p1a: Rotom|move: Trick|[of] p2b: Farigiraf\n|-item|p2b: Farigiraf|Choice Scarf|[from] move: Trick\n|-item|p1a: Rotom|Sitrus Berry|[from] move: Trick\n|move|p1b: Weavile|Triple Axel|p2a: Abomasnow|[miss]\n|-miss|p1b: Weavile|p2a: Abomasnow\n|move|p2a: Abomasnow|Aurora Veil|p2a: Abomasnow\n|-sidestart|p2: Crype|move: Aurora Veil\n|move|p2b: Farigiraf|Trick Room|p2b: Farigiraf\n|-fieldstart|move: Trick Room|[of] p2b: Farigiraf\n|\n|-weather|Snowscape|[upkeep]\n|upkeep\n|turn|2\n|inactive|Crype has 30 seconds left.\n|\n|t:|1788446144\n|switch|p2b: Armarouge|Armarouge, L50, F|100/100\n|move|p2a: Abomasnow|Earth Power|p1b: Weavile\n|-damage|p1b: Weavile|64/100\n|move|p1a: Rotom|Volt Switch|p2b: Armarouge\n|-damage|p2b: Armarouge|75/100\n|\n|t:|1788446154\n|switch|p1a: Absol|Absol, L50, M|100/100|[from] Volt Switch\n|-ability|p1a: Absol|Pressure\n|move|p1b: Weavile|Triple Axel|p2a: Abomasnow\n|-damage|p2a: Abomasnow|94/100\n|-crit|p2a: Abomasnow\n|-damage|p2a: Abomasnow|70/100\n|-hitcount|p2a: Abomasnow|2\n|\n|-weather|Snowscape|[upkeep]\n|upkeep\n|turn|3\n|\n|t:|1788446172\n|switch|p2a: Mawile|Mawile, L50, F|100/100\n|detailschange|p1a: Absol|Absol-Mega, L50, M\n|-mega|p1a: Absol|Absol|Absolite\n|move|p1a: Absol|Sucker Punch|p2b: Armarouge\n|-supereffective|p2b: Armarouge|1\n|-enditem|p2b: Armarouge|Colbur Berry|[eat]\n|-enditem|p2b: Armarouge|Colbur Berry|[weaken]\n|-damage|p2b: Armarouge|45/100\n|move|p2b: Armarouge|Armor Cannon|p1b: Weavile\n|-supereffective|p1b: Weavile|1\n|-damage|p1b: Weavile|0 fnt\n|-unboost|p2b: Armarouge|def|1\n|-unboost|p2b: Armarouge|spd|1\n|faint|p1b: Weavile\n|\n|-weather|Snowscape|[upkeep]\n|upkeep\n|\n|t:|1788446189\n|switch|p1b: Corviknight|Corviknight, L50, F|100/100\n|-ability|p1b: Corviknight|Pressure\n|turn|4\n|\n|t:|1788446201\n|detailschange|p2a: Mawile|Mawile-Mega, L50, F\n|-mega|p2a: Mawile|Mawile|Mawilite\n|move|p1a: Absol|Protect|p1a: Absol\n|-singleturn|p1a: Absol|Protect\n|move|p2a: Mawile|Rock Slide|p1b: Corviknight|[spread] p1b\n|-activate|p1a: Absol|move: Protect\n|-damage|p1b: Corviknight|72/100\n|move|p2b: Armarouge|Armor Cannon|p1a: Absol\n|-activate|p1a: Absol|move: Protect\n|move|p1b: Corviknight|Iron Defense|p1b: Corviknight\n|-boost|p1b: Corviknight|def|2\n|\n|-weather|Snowscape|[upkeep]\n|-heal|p1b: Corviknight|78/100|[from] item: Leftovers\n|upkeep\n|turn|5\n|\n|t:|1788446221\n|move|p1a: Absol|Sucker Punch|p2b: Armarouge\n|-supereffective|p2b: Armarouge|1\n|-damage|p2b: Armarouge|0 fnt\n|faint|p2b: Armarouge\n|move|p2a: Mawile|Play Rough|p1a: Absol\n|-supereffective|p1a: Absol|1\n|-damage|p1a: Absol|0 fnt\n|faint|p1a: Absol\n|move|p1b: Corviknight|Body Press|p2a: Mawile\n|-damage|p2a: Mawile|73/100\n|\n|-weather|none\n|-heal|p1b: Corviknight|83/100|[from] item: Leftovers\n|-sideend|p2: Crype|move: Aurora Veil\n|-fieldend|move: Trick Room\n|upkeep\n|\n|t:|1788446238\n|switch|p1a: Rotom|Rotom-Heat, L50|100/100\n|switch|p2b: Abomasnow|Abomasnow, L50, M|70/100\n|-weather|Snowscape|[from] ability: Snow Warning|[of] p2b: Abomasnow\n|turn|6\n|\n|t:|1788446257\n|switch|p2a: Farigiraf|Farigiraf, L50, F|100/100\n|move|p1a: Rotom|Volt Switch|p2b: Abomasnow\n|-resisted|p2b: Abomasnow|1\n|-damage|p2b: Abomasnow|52/100\n|move|p1b: Corviknight|Body Press|p2b: Abomasnow\n|-supereffective|p2b: Abomasnow|1\n|-damage|p2b: Abomasnow|0 fnt\n|faint|p2b: Abomasnow\n|\n|-weather|Snowscape|[upkeep]\n|-heal|p1b: Corviknight|89/100|[from] item: Leftovers\n|upkeep\n|\n|t:|1788446267\n|switch|p2b: Mawile|Mawile-Mega, L50, F|73/100\n|turn|7\n|\n|t:|1788446274\n|move|p1a: Rotom|Electroweb|p2b: Mawile|[spread] p2a,p2b\n|-damage|p2a: Farigiraf|80/100\n|-damage|p2b: Mawile|52/100\n|-unboost|p2a: Farigiraf|spe|1\n|-unboost|p2b: Mawile|spe|1\n|move|p1b: Corviknight|Iron Defense|p1b: Corviknight\n|-boost|p1b: Corviknight|def|2\n|move|p2b: Mawile|Rock Slide|p1a: Rotom|[spread] p1a,p1b\n|-supereffective|p1a: Rotom|1\n|-damage|p1a: Rotom|1/100\n|-damage|p1b: Corviknight|79/100\n|-enditem|p1a: Rotom|Sitrus Berry|[eat]\n|-heal|p1a: Rotom|25/100|[from] item: Sitrus Berry\n|move|p2a: Farigiraf|Trick Room|p2a: Farigiraf\n|-fieldstart|move: Trick Room|[of] p2a: Farigiraf\n|\n|-weather|Snowscape|[upkeep]\n|-heal|p1b: Corviknight|84/100|[from] item: Leftovers\n|upkeep\n|turn|8\n|\n|t:|1788446292\n|move|p1a: Rotom|Protect|p1a: Rotom\n|-singleturn|p1a: Rotom|Protect\n|move|p2b: Mawile|Rock Slide|p1a: Rotom|[spread] p1b\n|-activate|p1a: Rotom|move: Protect\n|-damage|p1b: Corviknight|75/100\n|cant|p1b: Corviknight|flinch\n|move|p2a: Farigiraf|Trick Room|p2a: Farigiraf\n|-fieldend|move: Trick Room\n|\n|-weather|Snowscape|[upkeep]\n|-heal|p1b: Corviknight|80/100|[from] item: Leftovers\n|upkeep\n|turn|9\n|\n|t:|1788446304\n|move|p1a: Rotom|Electroweb|p2b: Mawile|[spread] p2a,p2b\n|-damage|p2a: Farigiraf|60/100\n|-damage|p2b: Mawile|27/100\n|-unboost|p2a: Farigiraf|spe|1\n|-unboost|p2b: Mawile|spe|1\n|move|p1b: Corviknight|Body Press|p2b: Mawile\n|-damage|p2b: Mawile|0 fnt\n|faint|p2b: Mawile\n|move|p2a: Farigiraf|Trick Room|p2a: Farigiraf\n|-fieldstart|move: Trick Room|[of] p2a: Farigiraf\n|\n|-weather|Snowscape|[upkeep]\n|-heal|p1b: Corviknight|86/100|[from] item: Leftovers\n|upkeep\n|turn|10\n|-message|Crype forfeited.\n|\n|win|naofizlogin\n|raw|naofizlogin's rating: 1056 &rarr; <strong>1087</strong><br />(+31 for winning)\n|raw|Crype's rating: 1049 &rarr; <strong>1032</strong><br />(-17 for losing)\n|l|☆Crype\n|player|p2|\n","uploadtime":1788446313,"views":"8","formatid":"gen9championsvgc2026regmb","rating":1032,"private":0,"password":null}