{"id":"gen9championsvgc2026regmb-2674745455","format":"[Gen 9 Champions] VGC 2026 Reg M-B","players":["Vhplays","raposaraspada"],"log":"|j|☆Vhplays\n|j|☆raposaraspada\n|t:|1788399605\n|gametype|doubles\n|player|p1|Vhplays|266|\n|player|p2|raposaraspada|170|\n|gen|9\n|tier|[Gen 9 Champions] VGC 2026 Reg M-B\n|rule|Species Clause: Limit one of each Pokémon\n|rule|Item Clause: Limit 1 of each item\n|clearpoke\n|poke|p1|Cofagrigus, L50, M|\n|poke|p1|Hawlucha, L50, M|\n|poke|p1|Lycanroc-Midnight, L50, F|\n|poke|p1|Umbreon, L50, F, shiny|\n|poke|p1|Infernape, L50, M|\n|poke|p1|Dragalge, L50, M|\n|poke|p2|Toxicroak, L50, F|\n|poke|p2|Sceptile, L50, M|\n|poke|p2|Aromatisse, L50, F|\n|poke|p2|Mawile, L50, F|\n|poke|p2|Charizard, L50, M|\n|poke|p2|Sharpedo, L50, M|\n|teampreview|4\n|j| victorjls21\n|j| matheusmes\n|l| matheusmes\n|j| matheusmes\n|j| rsbjjjjjjjjj\n|l| matheusmes\n|j| kappamobs\n|\n|t:|1788399680\n|teamsize|p1|4\n|teamsize|p2|4\n|start\n|switch|p1a: Goleiro Bruno|Cofagrigus, L50, M|100/100\n|switch|p1b: David Silva Torres|Dragalge, L50, M|100/100\n|switch|p2a: Kisame|Sharpedo, L50, M|100/100\n|switch|p2b: PUCCA|Mawile, L50, F|100/100\n|-ability|p2b: PUCCA|Intimidate|boost\n|-unboost|p1a: Goleiro Bruno|atk|1\n|-unboost|p1b: David Silva Torres|atk|1\n|turn|1\n|\n|t:|1788399705\n|move|p1a: Goleiro Bruno|Protect|p1a: Goleiro Bruno\n|-singleturn|p1a: Goleiro Bruno|Protect\n|move|p2b: PUCCA|Sucker Punch||[still]\n|-fail|p2b: PUCCA\n|move|p2a: Kisame|Crunch|p1a: Goleiro Bruno\n|-activate|p1a: Goleiro Bruno|move: Protect\n|move|p1b: David Silva Torres|Sludge Bomb|p2a: Kisame\n|-damage|p2a: Kisame|0 fnt\n|faint|p2a: Kisame\n|-damage|p1b: David Silva Torres|90/100|[from] item: Life Orb\n|\n|upkeep\n|\n|t:|1788399723\n|switch|p2a: CaTeRpI|Sceptile, L50, M|100/100\n|turn|2\n|j| matheusmes\n|l| matheusmes\n|j| matheusmes\n|\n|t:|1788399748\n|detailschange|p2a: CaTeRpI|Sceptile-Mega, L50, M\n|-mega|p2a: CaTeRpI|Sceptile|Sceptilite\n|move|p1b: David Silva Torres|Protect|p1b: David Silva Torres\n|-singleturn|p1b: David Silva Torres|Protect\n|move|p2b: PUCCA|Sucker Punch||[still]\n|-fail|p2b: PUCCA\n|move|p2a: CaTeRpI|Leaf Storm|p1a: Goleiro Bruno\n|-damage|p1a: Goleiro Bruno|41/100\n|-unboost|p2a: CaTeRpI|spa|2\n|move|p1a: Goleiro Bruno|Trick Room|p1a: Goleiro Bruno\n|-fieldstart|move: Trick Room|[of] p1a: Goleiro Bruno\n|\n|upkeep\n|turn|3\n|\n|t:|1788399782\n|move|p2a: CaTeRpI|Protect|p2a: CaTeRpI\n|-singleturn|p2a: CaTeRpI|Protect\n|move|p1a: Goleiro Bruno|Imprison|p1a: Goleiro Bruno\n|-start|p1a: Goleiro Bruno|move: Imprison\n|move|p1b: David Silva Torres|Sludge Bomb|p2a: CaTeRpI\n|-activate|p2a: CaTeRpI|move: Protect\n|move|p2b: PUCCA|Play Rough|p1b: David Silva Torres\n|-damage|p1b: David Silva Torres|52/100\n|\n|upkeep\n|turn|4\n|l| rsbjjjjjjjjj\n|j| rsbjjjjjjjjj\n|\n|t:|1788399822\n|move|p1a: Goleiro Bruno|Body Press|p2b: PUCCA\n|-damage|p2b: PUCCA|63/100\n|move|p1b: David Silva Torres|Sludge Bomb|p2a: CaTeRpI\n|-supereffective|p2a: CaTeRpI|1\n|-damage|p2a: CaTeRpI|0 fnt\n|faint|p2a: CaTeRpI\n|-damage|p1b: David Silva Torres|43/100|[from] item: Life Orb\n|move|p2b: PUCCA|Play Rough|p1b: David Silva Torres\n|-crit|p1b: David Silva Torres\n|-damage|p1b: David Silva Torres|0 fnt\n|faint|p1b: David Silva Torres\n|\n|upkeep\n|\n|t:|1788399835\n|switch|p1b: Zico|Infernape, L50, M|100/100\n|switch|p2a: BuIzEo|Toxicroak, L50, F|100/100\n|turn|5\n|\n|t:|1788399864\n|move|p2a: BuIzEo|Fake Out|p1b: Zico\n|-damage|p1b: Zico|76/100\n|-damage|p2a: BuIzEo|90/100|[from] item: Life Orb\n|cant|p1b: Zico|flinch\n|move|p2b: PUCCA|Sucker Punch||[still]\n|-fail|p2b: PUCCA\n|move|p1a: Goleiro Bruno|Trick Room|p1a: Goleiro Bruno\n|-fieldend|move: Trick Room\n|\n|upkeep\n|turn|6\n|\n|t:|1788399915\n|move|p1a: Goleiro Bruno|Protect|p1a: Goleiro Bruno\n|-singleturn|p1a: Goleiro Bruno|Protect\n|move|p1b: Zico|Overheat|p2b: PUCCA\n|-supereffective|p2b: PUCCA|1\n|-damage|p2b: PUCCA|0 fnt\n|-unboost|p1b: Zico|spa|2\n|faint|p2b: PUCCA\n|move|p2a: BuIzEo|Poison Jab|p1b: Zico\n|-damage|p1b: Zico|10/100\n|-damage|p2a: BuIzEo|81/100|[from] item: Life Orb\n|\n|upkeep\n|turn|7\n|\n|t:|1788399955\n|move|p2a: BuIzEo|Sucker Punch|p1a: Goleiro Bruno\n|-supereffective|p1a: Goleiro Bruno|1\n|-damage|p1a: Goleiro Bruno|0 fnt\n|-activate|p1a: Goleiro Bruno|ability: Mummy|p2a: BuIzEo|[ability] Dry Skin\n|faint|p1a: Goleiro Bruno\n|-damage|p2a: BuIzEo|71/100|[from] item: Life Orb\n|move|p1b: Zico|Overheat|p2a: BuIzEo\n|-damage|p2a: BuIzEo|23/100\n|-unboost|p1b: Zico|spa|2\n|\n|upkeep\n|\n|t:|1788399967\n|switch|p1a: Foo Fighter|Hawlucha, L50, M|100/100\n|turn|8\n|\n|t:|1788399982\n|move|p1a: Foo Fighter|Flying Press|p2a: BuIzEo\n|-damage|p2a: BuIzEo|0 fnt\n|-activate|p2a: BuIzEo|ability: Mummy|p1a: Foo Fighter|[ability] Unburden\n|faint|p2a: BuIzEo\n|\n|win|Vhplays\n|c|☆Vhplays|THERE GOES MY HEROOO\n|l| victorjls21\n|l| kappamobs\n|j| kappamobs\n","uploadtime":1788399993,"views":"2","formatid":"gen9championsvgc2026regmb","rating":null,"private":0,"password":null}