{"id":"gen9championsvgc2026regmb-2674231493","format":"[Gen 9 Champions] VGC 2026 Reg M-B","players":["RedVersion643","A5ianMan"],"log":"|j|☆RedVersion643\n|j|☆A5ianMan\n|t:|1788319616\n|gametype|doubles\n|player|p1|RedVersion643|blue-masters2|1277\n|player|p2|A5ianMan|swimmer-gen4dp|1168\n|gen|9\n|tier|[Gen 9 Champions] VGC 2026 Reg M-B\n|rated|\n|rule|Species Clause: Limit one of each Pokémon\n|rule|Item Clause: Limit 1 of each item\n|clearpoke\n|poke|p1|Charizard, L50, F|\n|poke|p1|Venusaur, L50, F|\n|poke|p1|Whimsicott, L50, M|\n|poke|p1|Farigiraf, L50, M|\n|poke|p1|Sylveon, L50, F|\n|poke|p1|Lycanroc-Dusk, L50, F|\n|poke|p2|Glimmora, L50, F|\n|poke|p2|Whimsicott, L50, M|\n|poke|p2|Raichu, L50, M|\n|poke|p2|Scovillain, L50, M|\n|poke|p2|Kingambit, L50, M|\n|poke|p2|Dragapult, L50, F|\n|teampreview|4\n|inactive|Battle timer is ON: inactive players will automatically lose when time's up. (requested by RedVersion643)\n|inactive|A5ianMan also wants the timer to be on.\n|inactive|RedVersion643 has 60 seconds left.\n|\n|t:|1788319652\n|teamsize|p1|4\n|teamsize|p2|4\n|start\n|switch|p1a: My Own Worst Enemy|Farigiraf, L50, M|100/100\n|switch|p1b: Morning Glory|Sylveon, L50, F|100/100\n|switch|p2a: Whimsicott|Whimsicott, L50, M|100/100\n|switch|p2b: Glimmora|Glimmora, L50, F|100/100\n|turn|1\n|inactive|RedVersion643 has 30 seconds left.\n|\n|t:|1788319680\n|move|p1b: Morning Glory|Protect|p1b: Morning Glory\n|-singleturn|p1b: Morning Glory|Protect\n|move|p2a: Whimsicott|Moonblast|p1a: My Own Worst Enemy\n|-damage|p1a: My Own Worst Enemy|70/100\n|move|p2b: Glimmora|Sludge Bomb|p1a: My Own Worst Enemy\n|-damage|p1a: My Own Worst Enemy|34/100\n|-enditem|p1a: My Own Worst Enemy|Sitrus Berry|[eat]\n|-heal|p1a: My Own Worst Enemy|59/100|[from] item: Sitrus Berry\n|move|p1a: My Own Worst Enemy|Trick Room|p1a: My Own Worst Enemy\n|-fieldstart|move: Trick Room|[of] p1a: My Own Worst Enemy\n|\n|upkeep\n|turn|2\n|\n|t:|1788319697\n|move|p2a: Whimsicott|Protect|p2a: Whimsicott\n|-singleturn|p2a: Whimsicott|Protect\n|move|p1a: My Own Worst Enemy|Twin Beam|p2b: Glimmora\n|-supereffective|p2b: Glimmora|1\n|-damage|p2b: Glimmora|58/100\n|-supereffective|p2b: Glimmora|1\n|-damage|p2b: Glimmora|16/100\n|-hitcount|p2b: Glimmora|2\n|move|p1b: Morning Glory|Hyper Voice|p2a: Whimsicott|[spread] p2b\n|-activate|p2a: Whimsicott|move: Protect\n|-resisted|p2b: Glimmora|1\n|-damage|p2b: Glimmora|0 fnt\n|faint|p2b: Glimmora\n|\n|upkeep\n|\n|t:|1788319708\n|switch|p2b: Scovillain|Scovillain, L50, M|100/100\n|turn|3\n|inactive|RedVersion643 has 30 seconds left.\n|\n|t:|1788319738\n|detailschange|p2b: Scovillain|Scovillain-Mega, L50, M\n|-mega|p2b: Scovillain|Scovillain|Scovillainite\n|move|p1a: My Own Worst Enemy|Twin Beam|p2b: Scovillain\n|-crit|p2b: Scovillain\n|-damage|p2b: Scovillain|70/100\n|-status|p1a: My Own Worst Enemy|brn|[from] ability: Spicy Spray|[of] p2b: Scovillain\n|-damage|p2b: Scovillain|52/100\n|-hitcount|p2b: Scovillain|2\n|move|p1b: Morning Glory|Hyper Voice|p2b: Scovillain|[spread] p2a,p2b\n|-resisted|p2b: Scovillain|1\n|-damage|p2a: Whimsicott|17/100\n|-damage|p2b: Scovillain|24/100\n|-status|p1b: Morning Glory|brn|[from] ability: Spicy Spray|[of] p2b: Scovillain\n|move|p2b: Scovillain|Giga Drain|p1b: Morning Glory\n|-damage|p1b: Morning Glory|75/100 brn\n|-heal|p2b: Scovillain|42/100|[from] drain|[of] p1b: Morning Glory\n|move|p2a: Whimsicott|Moonblast|p1b: Morning Glory\n|-damage|p1b: Morning Glory|47/100 brn\n|\n|-damage|p1a: My Own Worst Enemy|53/100 brn|[from] brn\n|-damage|p1b: Morning Glory|41/100 brn|[from] brn\n|upkeep\n|turn|4\n|\n|t:|1788319763\n|move|p2a: Whimsicott|Protect|p2a: Whimsicott\n|-singleturn|p2a: Whimsicott|Protect\n|move|p2b: Scovillain|Protect|p2b: Scovillain\n|-singleturn|p2b: Scovillain|Protect\n|move|p1b: Morning Glory|Hyper Voice|p2a: Whimsicott|[spread] \n|-activate|p2a: Whimsicott|move: Protect\n|-activate|p2b: Scovillain|move: Protect\n|move|p1a: My Own Worst Enemy|Twin Beam|p2b: Scovillain\n|-activate|p2b: Scovillain|move: Protect\n|\n|-damage|p1b: Morning Glory|35/100 brn|[from] brn\n|-damage|p1a: My Own Worst Enemy|47/100 brn|[from] brn\n|upkeep\n|turn|5\n|\n|t:|1788319778\n|switch|p2b: Kingambit|Kingambit, L50, M|100/100\n|move|p2a: Whimsicott|Protect||[still]\n|-fail|p2a: Whimsicott\n|move|p1a: My Own Worst Enemy|Twin Beam|p2b: Kingambit\n|-immune|p2b: Kingambit\n|move|p1b: Morning Glory|Hyper Voice|p2b: Kingambit|[spread] p2a,p2b\n|-damage|p2a: Whimsicott|0 fnt\n|-damage|p2b: Kingambit|49/100\n|faint|p2a: Whimsicott\n|\n|-damage|p1b: Morning Glory|29/100 brn|[from] brn\n|-damage|p1a: My Own Worst Enemy|41/100 brn|[from] brn\n|-fieldend|move: Trick Room\n|upkeep\n|\n|t:|1788319788\n|switch|p2a: Scovillain|Scovillain-Mega, L50, M|42/100\n|turn|6\n|\n|t:|1788319797\n|move|p2a: Scovillain|Giga Drain|p1b: Morning Glory\n|-damage|p1b: Morning Glory|5/100 brn\n|-heal|p2a: Scovillain|59/100|[from] drain|[of] p1b: Morning Glory\n|move|p1b: Morning Glory|Hyper Voice|p2b: Kingambit|[spread] p2a,p2b\n|-resisted|p2a: Scovillain|1\n|-damage|p2a: Scovillain|31/100\n|-damage|p2b: Kingambit|1/100\n|move|p1a: My Own Worst Enemy|Dazzling Gleam|p2b: Kingambit|[spread] p2a,p2b\n|-resisted|p2a: Scovillain|1\n|-damage|p2a: Scovillain|22/100\n|-damage|p2b: Kingambit|0 fnt\n|faint|p2b: Kingambit\n|\n|-damage|p1b: Morning Glory|0 fnt|[from] brn\n|faint|p1b: Morning Glory\n|-damage|p1a: My Own Worst Enemy|35/100 brn|[from] brn\n|upkeep\n|-message|A5ianMan forfeited.\n|\n|win|RedVersion643\n|raw|RedVersion643's rating: 1277 &rarr; <strong>1294</strong><br />(+17 for winning)\n|raw|A5ianMan's rating: 1168 &rarr; <strong>1151</strong><br />(-17 for losing)\n|l|☆A5ianMan\n|player|p2|\n","uploadtime":1788319808,"views":"1","formatid":"gen9championsvgc2026regmb","rating":1151,"private":0,"password":null}