{"id":"gen9championsvgc2026regmbbo3-2673364845","format":"[Gen 9 Champions] VGC 2026 Reg M-B (Bo3)","players":["redjaguar","gilletemaster"],"log":"|j|☆redjaguar\n|j|☆gilletemaster\n|html|<table width=\"100%\"><tr><td align=\"left\">redjaguar</td><td align=\"right\">gilletemaster</tr><tr><td align=\"left\"><i class=\"fa fa-circle\"></i> <i class=\"fa fa-circle-o\"></i> </td><td align=\"right\"><i class=\"fa fa-circle-o\"></i> <i class=\"fa fa-circle-o\"></i> </tr></table>\n|uhtml|bestof|<h2><strong>Game 2</strong> of <a href=\"/game-bestof3-gen9championsvgc2026regmbbo3-2673362873\">a best-of-3</a></h2>\n|t:|1788188796\n|gametype|doubles\n|player|p1|redjaguar|gambler|1089\n|player|p2|gilletemaster|101|1090\n|gen|9\n|tier|[Gen 9 Champions] VGC 2026 Reg M-B (Bo3)\n|rated|\n|rule|Species Clause: Limit one of each Pokémon\n|rule|Item Clause: Limit 1 of each item\n|clearpoke\n|poke|p1|Farigiraf, L50, F|\n|poke|p1|Aerodactyl, L50, M|\n|poke|p1|Gardevoir, L50, F|\n|poke|p1|Basculegion, L50, M|\n|poke|p1|Infernape, L50, F|\n|poke|p1|Garchomp, L50, M|\n|poke|p2|Sableye, L50, F|\n|poke|p2|Charizard, L50, F|\n|poke|p2|Venusaur, L50, F|\n|poke|p2|Garchomp, L50, F|\n|poke|p2|Basculegion, L50, M|\n|poke|p2|Kingambit, L50, F|\n|teampreview|4\n|showteam|p1|Farigiraf||SitrusBerry|ArmorTail|Psychic,Thunderbolt,Protect,HelpingHand|Bold||F|||50|]Aerodactyl||FocusSash|Unnerve|Tailwind,RockSlide,WideGuard,Protect|Jolly||M|||50|]Gardevoir||Gardevoirite|Telepathy|HyperVoice,Psychic,CalmMind,Protect|Timid||F|||50|]Basculegion||MysticWater|Adaptability|AquaJet,LastRespects,WaveCrash,Protect|Adamant||M|||50|]Infernape||WhiteHerb|IronFist|CloseCombat,Feint,FakeOut,StoneEdge|Jolly||F|||50|]Garchomp||LifeOrb|RoughSkin|Earthquake,RockSlide,DragonClaw,Protect|Jolly||M|||50|\n|showteam|p2|Sableye||RoseliBerry|Prankster|FakeOut,Encore,WillOWisp,Quash|Calm||F|||50|]Charizard||CharizarditeY|Blaze|Protect,WeatherBall,SolarBeam,HeatWave|Modest||F|||50|]Venusaur||FocusSash|Chlorophyll|Protect,SleepPowder,EnergyBall,SludgeBomb|Modest||F|||50|]Garchomp||LifeOrb|RoughSkin|Protect,RockSlide,DragonClaw,Earthquake|Jolly||F|||50|]Basculegion||ChoiceScarf|Adaptability|FlipTurn,WaveCrash,AquaJet,LastRespects|Jolly||M|||50|]Kingambit||BlackGlasses|Defiant|Protect,SuckerPunch,KowtowCleave,SwordsDance|Adamant||F|||50|\n|\n|t:|1788188831\n|teamsize|p1|4\n|teamsize|p2|4\n|start\n|switch|p1a: Gardevoir|Gardevoir, L50, F|100/100\n|switch|p1b: Garchomp|Garchomp, L50, M|100/100\n|switch|p2a: Garchomp|Garchomp, L50, F|100/100\n|switch|p2b: Basculegion|Basculegion, L50, M|100/100\n|turn|1\n|\n|t:|1788188866\n|move|p2b: Basculegion|Flip Turn|p1a: Gardevoir\n|-damage|p1a: Gardevoir|39/100\n|\n|t:|1788188869\n|switch|p2b: Charizard|Charizard, L50, F|100/100|[from] Flip Turn\n|move|p2a: Garchomp|Earthquake|p1b: Garchomp|[spread] p1a,p1b\n|-immune|p2b: Charizard\n|-crit|p1b: Garchomp\n|-damage|p1a: Gardevoir|0 fnt\n|-damage|p1b: Garchomp|19/100\n|faint|p1a: Gardevoir\n|-damage|p2a: Garchomp|90/100|[from] item: Life Orb\n|move|p1b: Garchomp|Earthquake|p2b: Charizard|[spread] p2a\n|-immune|p2b: Charizard\n|-damage|p2a: Garchomp|38/100\n|-damage|p1b: Garchomp|9/100|[from] item: Life Orb\n|\n|upkeep\n|\n|t:|1788188887\n|switch|p1a: Aerodactyl|Aerodactyl, L50, M|100/100\n|-ability|p1a: Aerodactyl|Unnerve\n|turn|2\n|\n|t:|1788188898\n|detailschange|p2b: Charizard|Charizard-Mega-Y, L50, F\n|-mega|p2b: Charizard|Charizard|Charizardite Y\n|-weather|SunnyDay|[from] ability: Drought|[of] p2b: Charizard\n|move|p1b: Garchomp|Protect|p1b: Garchomp\n|-singleturn|p1b: Garchomp|Protect\n|move|p2b: Charizard|Protect|p2b: Charizard\n|-singleturn|p2b: Charizard|Protect\n|move|p1a: Aerodactyl|Tailwind|p1a: Aerodactyl\n|-sidestart|p1: redjaguar|move: Tailwind\n|move|p2a: Garchomp|Rock Slide|p1b: Garchomp|[spread] \n|-activate|p1b: Garchomp|move: Protect\n|-miss|p2a: Garchomp|p1a: Aerodactyl\n|\n|-weather|SunnyDay|[upkeep]\n|upkeep\n|turn|3\n|\n|t:|1788188927\n|switch|p2b: Basculegion|Basculegion, L50, M|100/100\n|move|p1a: Aerodactyl|Wide Guard|p1a: Aerodactyl\n|-singleturn|p1a: Aerodactyl|Wide Guard\n|move|p1b: Garchomp|Rock Slide|p2a: Garchomp|[spread] p2a,p2b\n|-resisted|p2a: Garchomp|1\n|-damage|p2a: Garchomp|27/100\n|-damage|p2b: Basculegion|67/100\n|-damage|p1b: Garchomp|0 fnt|[from] item: Life Orb\n|faint|p1b: Garchomp\n|cant|p2a: Garchomp|flinch\n|\n|-weather|SunnyDay|[upkeep]\n|upkeep\n|\n|t:|1788188938\n|switch|p1b: Farigiraf|Farigiraf, L50, F|100/100\n|turn|4\n|\n|t:|1788188961\n|move|p1a: Aerodactyl|Rock Slide|p2a: Garchomp|[spread] p2a,p2b\n|-resisted|p2a: Garchomp|1\n|-damage|p2a: Garchomp|13/100\n|-damage|p2b: Basculegion|32/100\n|move|p2b: Basculegion|Wave Crash|p1a: Aerodactyl\n|-supereffective|p1a: Aerodactyl|1\n|-enditem|p1a: Aerodactyl|Focus Sash\n|-damage|p1a: Aerodactyl|1/100\n|-damage|p2b: Basculegion|7/100|[from] Recoil\n|move|p2a: Garchomp|Rock Slide|p1b: Farigiraf|[spread] p1a,p1b\n|-supereffective|p1a: Aerodactyl|1\n|-damage|p1a: Aerodactyl|0 fnt\n|-damage|p1b: Farigiraf|80/100\n|faint|p1a: Aerodactyl\n|-damage|p2a: Garchomp|3/100|[from] item: Life Orb\n|cant|p1b: Farigiraf|flinch\n|\n|-weather|SunnyDay|[upkeep]\n|upkeep\n|turn|5\n|\n|t:|1788188984\n|move|p2b: Basculegion|Wave Crash|p1b: Farigiraf\n|-damage|p1b: Farigiraf|50/100y\n|-enditem|p1b: Farigiraf|Sitrus Berry|[eat]\n|-heal|p1b: Farigiraf|74/100|[from] item: Sitrus Berry\n|-damage|p2b: Basculegion|0 fnt|[from] Recoil\n|faint|p2b: Basculegion\n|move|p2a: Garchomp|Dragon Claw|p1b: Farigiraf\n|-damage|p1b: Farigiraf|31/100\n|-damage|p2a: Garchomp|0 fnt|[from] item: Life Orb\n|faint|p2a: Garchomp\n|move|p1b: Farigiraf|Thunderbolt|p2: Garchomp|[notarget]\n|-fail|p1b: Farigiraf\n|\n|-weather|SunnyDay|[upkeep]\n|-sideend|p1: redjaguar|move: Tailwind\n|upkeep\n|\n|t:|1788188997\n|switch|p2a: Charizard|Charizard-Mega-Y, L50, F|100/100\n|switch|p2b: Venusaur|Venusaur, L50, F|100/100\n|turn|6\n|\n|t:|1788189006\n|move|p1b: Farigiraf|Protect|p1b: Farigiraf\n|-singleturn|p1b: Farigiraf|Protect\n|move|p2b: Venusaur|Sludge Bomb|p1b: Farigiraf\n|-activate|p1b: Farigiraf|move: Protect\n|move|p2a: Charizard|Weather Ball|p1b: Farigiraf\n|-activate|p1b: Farigiraf|move: Protect\n|\n|-weather|none\n|upkeep\n|turn|7\n|\n|t:|1788189016\n|move|p2a: Charizard|Heat Wave|p1b: Farigiraf|[miss]\n|-miss|p2a: Charizard|p1b: Farigiraf\n|move|p2b: Venusaur|Sludge Bomb|p1b: Farigiraf\n|-damage|p1b: Farigiraf|0 fnt\n|faint|p1b: Farigiraf\n|\n|win|gilletemaster\n||gilletemaster is ready for game 3.\n|inactive|redjaguar has 30 seconds to confirm battle start!\n||redjaguar is ready for game 3.\n|uhtml|next|Next: <a href=\"/battle-gen9championsvgc2026regmbbo3-2673366775\"><strong>Game 3 of 3</strong></a>\n|l|☆gilletemaster\n|player|p2|\n","uploadtime":1788189228,"views":"0","formatid":"gen9championsvgc2026regmbbo3","rating":null,"private":0,"password":null}