{"id":"gen9championsvgc2026regmb-2674570483","format":"[Gen 9 Champions] VGC 2026 Reg M-B","players":["JustBerry38","A60069009"],"log":"|j|☆JustBerry38\n|j|☆A60069009\n|t:|1788375177\n|gametype|doubles\n|player|p1|JustBerry38|lucas|1264\n|player|p2|A60069009|2|1296\n|gen|9\n|tier|[Gen 9 Champions] VGC 2026 Reg M-B\n|rated|\n|rule|Species Clause: Limit one of each Pokémon\n|rule|Item Clause: Limit 1 of each item\n|clearpoke\n|poke|p1|Dragonite, L50, F|\n|poke|p1|Sinistcha, L50|\n|poke|p1|Sableye, L50, M|\n|poke|p1|Incineroar, L50, F|\n|poke|p1|Krookodile, L50, F|\n|poke|p1|Tinkaton, L50, F|\n|poke|p2|Charizard, L50, M|\n|poke|p2|Incineroar, L50, M|\n|poke|p2|Garchomp, L50, M|\n|poke|p2|Whimsicott, L50, M|\n|poke|p2|Milotic, L50, M|\n|poke|p2|Farigiraf, L50, M|\n|teampreview|4\n|inactive|Battle timer is ON: inactive players will automatically lose when time's up. (requested by JustBerry38)\n|inactive|JustBerry38 has 60 seconds left.\n|inactive|A60069009 has 60 seconds left.\n|\n|t:|1788375223\n|teamsize|p1|4\n|teamsize|p2|4\n|start\n|switch|p1a: Dragonite|Dragonite, L50, F|100/100\n|switch|p1b: Tinkaton|Tinkaton, L50, F|100/100\n|switch|p2a: Charizard|Charizard, L50, M|100/100\n|switch|p2b: Whimsicott|Whimsicott, L50, M|100/100\n|-ability|p1b: Tinkaton|Mold Breaker\n|turn|1\n|inactive|A60069009 has 30 seconds left.\n|inactive|JustBerry38 has 30 seconds left.\n|\n|t:|1788375257\n|detailschange|p2a: Charizard|Charizard-Mega-Y, L50, M\n|-mega|p2a: Charizard|Charizard|Charizardite Y\n|-weather|SunnyDay|[from] ability: Drought|[of] p2a: Charizard\n|move|p2a: Charizard|Protect|p2a: Charizard\n|-singleturn|p2a: Charizard|Protect\n|move|p1b: Tinkaton|Fake Out|p2b: Whimsicott\n|-damage|p2b: Whimsicott|83/100\n|cant|p2b: Whimsicott|flinch\n|move|p1a: Dragonite|Dragon Dance|p1a: Dragonite\n|-boost|p1a: Dragonite|atk|1\n|-boost|p1a: Dragonite|spe|1\n|\n|-weather|SunnyDay|[upkeep]\n|upkeep\n|turn|2\n|\n|t:|1788375278\n|switch|p2a: Incineroar|Incineroar, L50, M|100/100\n|-ability|p2a: Incineroar|Intimidate|boost\n|-fail|p1a: Dragonite|unboost|atk|[from] ability: Inner Focus|[of] p1a: Dragonite\n|-unboost|p1b: Tinkaton|atk|1\n|switch|p1b: Krookodile|Krookodile, L50, F|100/100\n|-ability|p1b: Krookodile|Intimidate|boost\n|-unboost|p2a: Incineroar|atk|1\n|-unboost|p2b: Whimsicott|atk|1\n|move|p1a: Dragonite|Extreme Speed|p2b: Whimsicott\n|-damage|p2b: Whimsicott|0 fnt\n|faint|p2b: Whimsicott\n|-damage|p1a: Dragonite|90/100|[from] item: Life Orb\n|\n|-weather|SunnyDay|[upkeep]\n|upkeep\n|inactive|A60069009 has 30 seconds left.\n|\n|t:|1788375308\n|switch|p2b: Garchomp|Garchomp, L50, M|100/100\n|turn|3\n|\n|t:|1788375317\n|move|p2a: Incineroar|Fake Out|p1b: Krookodile\n|-damage|p1b: Krookodile|90/100\n|cant|p1b: Krookodile|flinch\n|move|p1a: Dragonite|Dragon Claw|p2b: Garchomp\n|-supereffective|p2b: Garchomp|1\n|-damage|p2b: Garchomp|0 fnt\n|-damage|p1a: Dragonite|78/100|[from] ability: Rough Skin|[of] p2b: Garchomp\n|faint|p2b: Garchomp\n|-damage|p1a: Dragonite|68/100|[from] item: Life Orb\n|\n|-weather|SunnyDay|[upkeep]\n|upkeep\n|inactive|A60069009 has 30 seconds left.\n|\n|t:|1788375343\n|switch|p2b: Charizard|Charizard-Mega-Y, L50, M|100/100\n|turn|4\n|\n|t:|1788375359\n|move|p1b: Krookodile|Rock Slide|p2b: Charizard|[spread] p2a,p2b\n|-supereffective|p2a: Incineroar|1\n|-supereffective|p2b: Charizard|2\n|-damage|p2a: Incineroar|67/100\n|-damage|p2b: Charizard|7/100\n|move|p1a: Dragonite|Dragon Claw|p2a: Incineroar\n|-damage|p2a: Incineroar|0 fnt\n|faint|p2a: Incineroar\n|-damage|p1a: Dragonite|59/100|[from] item: Life Orb\n|move|p2b: Charizard|Heat Wave|p1b: Krookodile|[spread] p1a,p1b\n|-resisted|p1a: Dragonite|1\n|-damage|p1a: Dragonite|27/100\n|-damage|p1b: Krookodile|1/100\n|-status|p1a: Dragonite|brn\n|\n|-weather|SunnyDay|[upkeep]\n|-damage|p1a: Dragonite|21/100 brn|[from] brn\n|upkeep\n|turn|5\n|\n|t:|1788375375\n|move|p1a: Dragonite|Extreme Speed|p2b: Charizard\n|-damage|p2b: Charizard|0 fnt\n|faint|p2b: Charizard\n|-damage|p1a: Dragonite|11/100 brn|[from] item: Life Orb\n|\n|win|JustBerry38\n|raw|JustBerry38's rating: 1264 &rarr; <strong>1291</strong><br />(+27 for winning)\n|raw|A60069009's rating: 1296 &rarr; <strong>1269</strong><br />(-27 for losing)\n","uploadtime":1788375378,"views":"15","formatid":"gen9championsvgc2026regmb","rating":1269,"private":0,"password":null}