{"id":"gen9championsvgc2026regmbbo3-2674432053","format":"[Gen 9 Champions] VGC 2026 Reg M-B (Bo3)","players":["renatogaucho","ejb14q"],"log":"|j|☆renatogaucho\n|j|‽ejb14q\n|html|<table width=\"100%\"><tr><td align=\"left\">renatogaucho</td><td align=\"right\">ejb14q</tr><tr><td align=\"left\"><i class=\"fa fa-circle-o\"></i> <i class=\"fa fa-circle-o\"></i> </td><td align=\"right\"><i class=\"fa fa-circle-o\"></i> <i class=\"fa fa-circle-o\"></i> </tr></table>\n|uhtml|bestof|<h2><strong>Game 1</strong> of <a href=\"/game-bestof3-gen9championsvgc2026regmbbo3-2674432052\">a best-of-3</a></h2>\n|t:|1788359092\n|gametype|doubles\n|player|p1|renatogaucho|rosa|1085\n|player|p2|ejb14q|2|1032\n|gen|9\n|tier|[Gen 9 Champions] VGC 2026 Reg M-B (Bo3)\n|rated|\n|rule|Species Clause: Limit one of each Pokémon\n|rule|Item Clause: Limit 1 of each item\n|clearpoke\n|poke|p1|Oranguru, L50, M|\n|poke|p1|Scovillain, L50, M|\n|poke|p1|Torkoal, L50, M|\n|poke|p1|Sylveon, L50, F|\n|poke|p1|Kommo-o, L50, M|\n|poke|p1|Gholdengo, L50|\n|poke|p2|Raichu, L50, F|\n|poke|p2|Aerodactyl, L50, F|\n|poke|p2|Garchomp, L50, M|\n|poke|p2|Basculegion, L50, M|\n|poke|p2|Incineroar, L50, F|\n|poke|p2|Delphox, L50, F, shiny|\n|teampreview|4\n|showteam|p1|Oranguru||SitrusBerry|InnerFocus|Instruct,Psychic,Encore,TrickRoom|Bold||M|||50|]Scovillain||Scovillainite|Moody|GigaDrain,Flamethrower,Protect,RagePowder|Bold||M|||50|]Torkoal||Charcoal|Drought|Eruption,WeatherBall,EarthPower,Protect|Quiet||M|||50|]Sylveon||FairyFeather|Pixilate|HyperVoice,CalmMind,Detect,Moonblast|Quiet||F|||50|]Kommo-o||LifeOrb|Soundproof|ClangingScales,AuraSphere,FlashCannon,Protect|Modest||M|||50|]Gholdengo||ChoiceScarf|GoodasGold|PowerGem,MakeItRain,ShadowBall,Thunderbolt|Timid|||||50|\n|showteam|p2|Raichu||RaichuniteY|LightningRod|FakeOut,ZapCannon,Protect,FocusBlast|Hasty||F|||50|]Aerodactyl||Aerodactylite|Unnerve|DualWingbeat,RockSlide,WideGuard,Tailwind|Jolly||F|||50|]Garchomp||LifeOrb|RoughSkin|Earthquake,DragonClaw,Protect,RockSlide|Jolly||M|||50|]Basculegion||ChoiceScarf|Adaptability|LastRespects,FlipTurn,WaveCrash,AquaJet|Jolly||M|||50|]Incineroar||SitrusBerry|Intimidate|FakeOut,PartingShot,FlareBlitz,ThroatChop|Adamant||F|||50|]Delphox||Delphoxite|Blaze|HeatWave,Psychic,Protect,NastyPlot|Timid||F|||50|\n|inactive|Battle timer is ON: inactive players will automatically lose when time's up. (requested by renatogaucho)\n|inactive|renatogaucho has 60 seconds left.\n|inactive|ejb14q has 60 seconds left.\n|inactive|renatogaucho has 30 seconds left.\n|inactive|renatogaucho has 20 seconds left.\n|inactive|renatogaucho has 15 seconds left.\n|inactive|renatogaucho has 10 seconds left.\n|inactive|renatogaucho has 5 seconds left.\n|\n|t:|1788359179\n|teamsize|p1|4\n|teamsize|p2|4\n|start\n|switch|p1a: Gholdengo|Gholdengo, L50|100/100\n|switch|p1b: Scovillain|Scovillain, L50, M|100/100\n|switch|p2a: Garchomp|Garchomp, L50, M|100/100\n|switch|p2b: Delphox|Delphox, L50, F, shiny|100/100\n|turn|1\n|inactive|renatogaucho has 30 seconds left.\n|inactive|renatogaucho has 20 seconds left.\n|\n|t:|1788359215\n|detailschange|p2b: Delphox|Delphox-Mega, L50, F, shiny\n|-mega|p2b: Delphox|Delphox|Delphoxite\n|detailschange|p1b: Scovillain|Scovillain-Mega, L50, M\n|-mega|p1b: Scovillain|Scovillain|Scovillainite\n|move|p1a: Gholdengo|Shadow Ball|p2b: Delphox\n|-supereffective|p2b: Delphox|1\n|-damage|p2b: Delphox|26/100\n|move|p2b: Delphox|Heat Wave|p1a: Gholdengo|[spread] p1b\n|-miss|p2b: Delphox|p1a: Gholdengo\n|-damage|p1b: Scovillain|52/100\n|move|p2a: Garchomp|Earthquake|p1a: Gholdengo|[spread] p1a,p1b\n|-immune|p2b: Delphox|[from] ability: Levitate\n|-supereffective|p1a: Gholdengo|1\n|-damage|p1a: Gholdengo|0 fnt\n|-damage|p1b: Scovillain|6/100\n|-status|p2a: Garchomp|brn|[from] ability: Spicy Spray|[of] p1b: Scovillain\n|faint|p1a: Gholdengo\n|-damage|p2a: Garchomp|90/100 brn|[from] item: Life Orb\n|move|p1b: Scovillain|Flamethrower|p2b: Delphox\n|-resisted|p2b: Delphox|1\n|-damage|p2b: Delphox|9/100\n|\n|-damage|p2a: Garchomp|84/100 brn|[from] brn\n|upkeep\n|\n|t:|1788359237\n|switch|p1a: Oranguru|Oranguru, L50, M|100/100\n|turn|2\n|\n|t:|1788359251\n|move|p2b: Delphox|Heat Wave|p1a: Oranguru|[spread] p1a,p1b\n|-damage|p1a: Oranguru|72/100\n|-damage|p1b: Scovillain|0 fnt\n|faint|p1b: Scovillain\n|move|p2a: Garchomp|Earthquake|p1a: Oranguru|[spread] p1a\n|-immune|p2b: Delphox|[from] ability: Levitate\n|-damage|p1a: Oranguru|54/100\n|-damage|p2a: Garchomp|74/100 brn|[from] item: Life Orb\n|move|p1a: Oranguru|Trick Room|p1a: Oranguru\n|-fieldstart|move: Trick Room|[of] p1a: Oranguru\n|\n|-damage|p2a: Garchomp|68/100 brn|[from] brn\n|upkeep\n|\n|t:|1788359260\n|switch|p1b: Sylveon|Sylveon, L50, F|100/100\n|turn|3\n|\n|t:|1788359276\n|move|p1b: Sylveon|Calm Mind|p1b: Sylveon\n|-boost|p1b: Sylveon|spa|1\n|-boost|p1b: Sylveon|spd|1\n|move|p1a: Oranguru|Instruct|p1b: Sylveon\n|-singleturn|p1b: Sylveon|move: Instruct|[of] p1a: Oranguru\n|move|p1b: Sylveon|Calm Mind|p1b: Sylveon\n|-boost|p1b: Sylveon|spa|1\n|-boost|p1b: Sylveon|spd|1\n|move|p2a: Garchomp|Earthquake|p1b: Sylveon|[spread] p1a,p1b\n|-immune|p2b: Delphox|[from] ability: Levitate\n|-damage|p1a: Oranguru|35/100\n|-damage|p1b: Sylveon|71/100\n|-enditem|p1a: Oranguru|Sitrus Berry|[eat]\n|-heal|p1a: Oranguru|59/100|[from] item: Sitrus Berry\n|-damage|p2a: Garchomp|58/100 brn|[from] item: Life Orb\n|move|p2b: Delphox|Heat Wave|p1a: Oranguru|[spread] p1a\n|-miss|p2b: Delphox|p1b: Sylveon\n|-damage|p1a: Oranguru|28/100\n|\n|-damage|p2a: Garchomp|52/100 brn|[from] brn\n|upkeep\n|turn|4\n|\n|t:|1788359298\n|move|p2a: Garchomp|Protect|p2a: Garchomp\n|-singleturn|p2a: Garchomp|Protect\n|move|p2b: Delphox|Protect|p2b: Delphox\n|-singleturn|p2b: Delphox|Protect\n|move|p1b: Sylveon|Hyper Voice|p2b: Delphox|[spread] \n|-activate|p2a: Garchomp|move: Protect\n|-activate|p2b: Delphox|move: Protect\n|move|p1a: Oranguru|Instruct|p1b: Sylveon\n|-singleturn|p1b: Sylveon|move: Instruct|[of] p1a: Oranguru\n|move|p1b: Sylveon|Hyper Voice|p2a: Garchomp|[spread] \n|-activate|p2a: Garchomp|move: Protect\n|-activate|p2b: Delphox|move: Protect\n|\n|-damage|p2a: Garchomp|47/100 brn|[from] brn\n|upkeep\n|turn|5\n|\n|t:|1788359317\n|move|p2a: Garchomp|Protect||[still]\n|-fail|p2a: Garchomp\n|move|p2b: Delphox|Protect|p2b: Delphox\n|-singleturn|p2b: Delphox|Protect\n|move|p1b: Sylveon|Hyper Voice|p2a: Garchomp|[spread] p2a\n|-activate|p2b: Delphox|move: Protect\n|-supereffective|p2a: Garchomp|1\n|-damage|p2a: Garchomp|0 fnt\n|faint|p2a: Garchomp\n|move|p1a: Oranguru|Encore|p2b: Delphox\n|-activate|p2b: Delphox|move: Protect\n|\n|upkeep\n|\n|t:|1788359328\n|switch|p2a: Aerodactyl|Aerodactyl, L50, F|100/100\n|-ability|p2a: Aerodactyl|Unnerve\n|turn|6\n|\n|t:|1788359343\n|move|p2a: Aerodactyl|Wide Guard|p2a: Aerodactyl\n|-singleturn|p2a: Aerodactyl|Wide Guard\n|move|p1b: Sylveon|Hyper Voice|p2a: Aerodactyl|[spread] \n|-activate|p2a: Aerodactyl|move: Wide Guard\n|-activate|p2b: Delphox|move: Wide Guard\n|move|p1a: Oranguru|Encore|p2b: Delphox\n|-start|p2b: Delphox|Encore\n|move|p2b: Delphox|Protect||[still]\n|-fail|p2b: Delphox\n|\n|-fieldend|move: Trick Room\n|upkeep\n|turn|7\n|\n|t:|1788359363\n|move|p2b: Delphox|Protect|p2b: Delphox\n|-singleturn|p2b: Delphox|Protect\n|move|p1b: Sylveon|Detect|p1b: Sylveon\n|-singleturn|p1b: Sylveon|Protect\n|move|p2a: Aerodactyl|Dual Wingbeat|p1a: Oranguru\n|-damage|p1a: Oranguru|16/100\n|-damage|p1a: Oranguru|4/100\n|-hitcount|p1a: Oranguru|2\n|move|p1a: Oranguru|Trick Room|p1a: Oranguru\n|-fieldstart|move: Trick Room|[of] p1a: Oranguru\n|\n|upkeep\n|turn|8\n|\n|t:|1788359377\n|move|p2b: Delphox|Protect||[still]\n|-fail|p2b: Delphox\n|move|p1b: Sylveon|Moonblast|p2a: Aerodactyl\n|-damage|p2a: Aerodactyl|0 fnt\n|faint|p2a: Aerodactyl\n|move|p1a: Oranguru|Instruct|p1b: Sylveon\n|-singleturn|p1b: Sylveon|move: Instruct|[of] p1a: Oranguru\n|move|p1b: Sylveon|Moonblast|p2b: Delphox\n|-resisted|p2b: Delphox|1\n|-damage|p2b: Delphox|0 fnt\n|faint|p2b: Delphox\n|\n|upkeep\n|\n|t:|1788359385\n|switch|p2b: Basculegion|Basculegion, L50, M|100/100\n|turn|9\n|\n|t:|1788359395\n|move|p1b: Sylveon|Moonblast|p2b: Basculegion\n|-damage|p2b: Basculegion|0 fnt\n|faint|p2b: Basculegion\n|\n|win|renatogaucho\n||ejb14q is ready for game 2.\n||renatogaucho is ready for game 2.\n|uhtml|next|Next: <a href=\"/battle-gen9championsvgc2026regmbbo3-2674434612\"><strong>Game 2 of 3</strong></a>\n|l|‽ejb14q\n|player|p2|\n","uploadtime":1788359645,"views":"12","formatid":"gen9championsvgc2026regmbbo3","rating":null,"private":0,"password":null}