{"id":"gen9championsvgc2026regmb-2674774675","format":"[Gen 9 Champions] VGC 2026 Reg M-B","players":["NeonNinja_21","BtC37"],"log":"|j|☆NeonNinja_21\n|j|☆BtC37\n|t:|1788404283\n|gametype|doubles\n|player|p1|NeonNinja_21|n|1276\n|player|p2|BtC37|ghetsis|1274\n|gen|9\n|tier|[Gen 9 Champions] VGC 2026 Reg M-B\n|rated|\n|rule|Species Clause: Limit one of each Pokémon\n|rule|Item Clause: Limit 1 of each item\n|clearpoke\n|poke|p1|Scizor, L50, M|\n|poke|p1|Garchomp, L50, M|\n|poke|p1|Aerodactyl, L50, M|\n|poke|p1|Annihilape, L50, M|\n|poke|p1|Clefable, L50, F|\n|poke|p1|Incineroar, L50, M|\n|poke|p2|Charizard, L50, F|\n|poke|p2|Pelipper, L50, M|\n|poke|p2|Archaludon, L50, M|\n|poke|p2|Venusaur, L50, F|\n|poke|p2|Swampert, L50, M|\n|poke|p2|Grimmsnarl, L50, M|\n|teampreview|4\n|inactive|Battle timer is ON: inactive players will automatically lose when time's up. (requested by BtC37)\n|inactive|NeonNinja_21 has 60 seconds left.\n|inactive|BtC37 has 60 seconds left.\n|inactive|NeonNinja_21 has 30 seconds left.\n|inactive|NeonNinja_21 has 20 seconds left.\n|\n|t:|1788404358\n|teamsize|p1|4\n|teamsize|p2|4\n|start\n|switch|p1a: Aerodactyl|Aerodactyl, L50, M|100/100\n|switch|p1b: Incineroar|Incineroar, L50, M|100/100\n|switch|p2a: Swampert|Swampert, L50, M|100/100\n|switch|p2b: Grimmsnarl|Grimmsnarl, L50, M|100/100\n|-ability|p1a: Aerodactyl|Unnerve\n|-ability|p1b: Incineroar|Intimidate|boost\n|-unboost|p2a: Swampert|atk|1\n|-unboost|p2b: Grimmsnarl|atk|1\n|turn|1\n|inactive|BtC37 has 30 seconds left.\n|\n|t:|1788404390\n|switch|p2b: Pelipper|Pelipper, L50, M|100/100\n|-weather|RainDance|[from] ability: Drizzle|[of] p2b: Pelipper\n|detailschange|p2a: Swampert|Swampert-Mega, L50, M\n|-mega|p2a: Swampert|Swampert|Swampertite\n|move|p2a: Swampert|Wave Crash|p1a: Aerodactyl\n|-supereffective|p1a: Aerodactyl|1\n|-enditem|p1a: Aerodactyl|Focus Sash\n|-damage|p1a: Aerodactyl|1/100\n|-damage|p2a: Swampert|75/100|[from] Recoil\n|move|p1a: Aerodactyl|Tailwind|p1a: Aerodactyl\n|-sidestart|p1: NeonNinja_21|move: Tailwind\n|move|p1b: Incineroar|Will-O-Wisp|p2a: Swampert|[miss]\n|-miss|p1b: Incineroar|p2a: Swampert\n|\n|-weather|RainDance|[upkeep]\n|upkeep\n|turn|2\n|inactive|BtC37 has 30 seconds left.\n|\n|t:|1788404422\n|move|p1a: Aerodactyl|Dual Wingbeat|p2a: Swampert\n|-damage|p2a: Swampert|60/100\n|-crit|p2a: Swampert\n|-damage|p2a: Swampert|40/100\n|-hitcount|p2a: Swampert|2\n|move|p2a: Swampert|Wave Crash|p1b: Incineroar\n|-supereffective|p1b: Incineroar|1\n|-enditem|p1b: Incineroar|Passho Berry|[eat]\n|-enditem|p1b: Incineroar|Passho Berry|[weaken]\n|-damage|p1b: Incineroar|40/100\n|-damage|p2a: Swampert|20/100y|[from] Recoil\n|move|p1b: Incineroar|Parting Shot|p2b: Pelipper\n|-unboost|p2b: Pelipper|atk|1\n|-unboost|p2b: Pelipper|spa|1\n|\n|t:|1788404434\n|switch|p1b: Garchomp|Garchomp, L50, M|100/100|[from] Parting Shot\n|move|p2b: Pelipper|Tailwind|p2b: Pelipper\n|-sidestart|p2: BtC37|move: Tailwind\n|\n|-weather|RainDance|[upkeep]\n|upkeep\n|turn|3\n|inactive|NeonNinja_21 has 30 seconds left.\n|\n|t:|1788404459\n|move|p2b: Pelipper|Wide Guard|p2b: Pelipper\n|-singleturn|p2b: Pelipper|Wide Guard\n|move|p2a: Swampert|Ice Punch|p1a: Aerodactyl\n|-supereffective|p1a: Aerodactyl|1\n|-damage|p1a: Aerodactyl|0 fnt\n|faint|p1a: Aerodactyl\n|move|p1b: Garchomp|Rock Slide|p2b: Pelipper|[spread] \n|-activate|p2a: Swampert|move: Wide Guard\n|-activate|p2b: Pelipper|move: Wide Guard\n|\n|-weather|RainDance|[upkeep]\n|upkeep\n|\n|t:|1788404464\n|switch|p1a: Incineroar|Incineroar, L50, M|40/100\n|-ability|p1a: Incineroar|Intimidate|boost\n|-unboost|p2a: Swampert|atk|1\n|-unboost|p2b: Pelipper|atk|1\n|turn|4\n|inactive|NeonNinja_21 has 30 seconds left.\n|\n|t:|1788404491\n|switch|p2a: Archaludon|Archaludon, L50, M|100/100\n|move|p1b: Garchomp|Dragon Claw|p2a: Archaludon\n|-damage|p2a: Archaludon|56/100\n|-ability|p2a: Archaludon|Stamina|boost\n|-boost|p2a: Archaludon|def|1\n|-damage|p1b: Garchomp|90/100|[from] item: Life Orb\n|move|p2b: Pelipper|Hurricane|p1b: Garchomp\n|-damage|p1b: Garchomp|63/100\n|move|p1a: Incineroar|Darkest Lariat|p2b: Pelipper\n|-crit|p2b: Pelipper\n|-damage|p2b: Pelipper|47/100\n|-enditem|p2b: Pelipper|Sitrus Berry|[eat]\n|-heal|p2b: Pelipper|72/100|[from] item: Sitrus Berry\n|\n|-weather|RainDance|[upkeep]\n|-heal|p2a: Archaludon|62/100|[from] item: Leftovers\n|-sideend|p1: NeonNinja_21|move: Tailwind\n|upkeep\n|turn|5\n|inactive|BtC37 has 30 seconds left.\n|inactive|BtC37 has 20 seconds left.\n|\n|t:|1788404526\n|switch|p2b: Grimmsnarl|Grimmsnarl, L50, M|100/100\n|move|p1b: Garchomp|Protect|p1b: Garchomp\n|-singleturn|p1b: Garchomp|Protect\n|move|p2a: Archaludon|Dragon Pulse|p1b: Garchomp\n|-activate|p1b: Garchomp|move: Protect\n|move|p1a: Incineroar|Parting Shot|p2a: Archaludon\n|-unboost|p2a: Archaludon|atk|1\n|-unboost|p2a: Archaludon|spa|1\n|\n|t:|1788404535\n|switch|p1a: Scizor|Scizor, L50, M|100/100|[from] Parting Shot\n|\n|-weather|none\n|-heal|p2a: Archaludon|68/100|[from] item: Leftovers\n|-sideend|p2: BtC37|move: Tailwind\n|upkeep\n|turn|6\n|inactive|BtC37 has 30 seconds left.\n|inactive|BtC37 has 20 seconds left.\n|\n|t:|1788404571\n|switch|p2a: Pelipper|Pelipper, L50, M|72/100\n|-weather|RainDance|[from] ability: Drizzle|[of] p2a: Pelipper\n|detailschange|p1a: Scizor|Scizor-Mega, L50, M\n|-mega|p1a: Scizor|Scizor|Scizorite\n|move|p1a: Scizor|Protect|p1a: Scizor\n|-singleturn|p1a: Scizor|Protect\n|move|p2b: Grimmsnarl|Reflect|p2b: Grimmsnarl\n|-sidestart|p2: BtC37|Reflect\n|move|p1b: Garchomp|Earthquake|p2b: Grimmsnarl|[spread] p2b\n|-activate|p1a: Scizor|move: Protect\n|-immune|p2a: Pelipper\n|-damage|p2b: Grimmsnarl|64/100\n|-damage|p1b: Garchomp|54/100|[from] item: Life Orb\n|\n|-weather|RainDance|[upkeep]\n|upkeep\n|turn|7\n|\n|t:|1788404594\n|move|p1b: Garchomp|Protect|p1b: Garchomp\n|-singleturn|p1b: Garchomp|Protect\n|move|p2b: Grimmsnarl|Parting Shot|p1a: Scizor\n|-unboost|p1a: Scizor|atk|1\n|-unboost|p1a: Scizor|spa|1\n|\n|t:|1788404601\n|switch|p2b: Swampert|Swampert-Mega, L50, M|20/100y|[from] Parting Shot\n|move|p2a: Pelipper|Tailwind|p2a: Pelipper\n|-sidestart|p2: BtC37|move: Tailwind\n|move|p1a: Scizor|Swords Dance|p1a: Scizor\n|-boost|p1a: Scizor|atk|2\n|\n|-weather|RainDance|[upkeep]\n|upkeep\n|turn|8\n|\n|t:|1788404623\n|switch|p2b: Archaludon|Archaludon, L50, M|68/100\n|move|p2a: Pelipper|Hurricane|p1a: Scizor\n|-damage|p1a: Scizor|62/100\n|move|p1b: Garchomp|Dragon Claw|p2a: Pelipper\n|-damage|p2a: Pelipper|39/100\n|-damage|p1b: Garchomp|44/100|[from] item: Life Orb\n|move|p1a: Scizor|Bug Bite|p2b: Archaludon\n|-resisted|p2b: Archaludon|1\n|-damage|p2b: Archaludon|49/100\n|-ability|p2b: Archaludon|Stamina|boost\n|-boost|p2b: Archaludon|def|1\n|\n|-weather|RainDance|[upkeep]\n|-heal|p2b: Archaludon|55/100|[from] item: Leftovers\n|upkeep\n|turn|9\n|\n|t:|1788404647\n|move|p1a: Scizor|Protect|p1a: Scizor\n|-singleturn|p1a: Scizor|Protect\n|move|p2b: Archaludon|Electro Shot||[still]\n|-prepare|p2b: Archaludon|Electro Shot\n|-boost|p2b: Archaludon|spa|1\n|-anim|p2b: Archaludon|Electro Shot|p1a: Scizor\n|-activate|p1a: Scizor|move: Protect\n|move|p2a: Pelipper|Hurricane|p1b: Garchomp\n|-damage|p1b: Garchomp|3/100\n|move|p1b: Garchomp|Earthquake|p2b: Archaludon|[spread] p2b\n|-activate|p1a: Scizor|move: Protect\n|-immune|p2a: Pelipper\n|-supereffective|p2b: Archaludon|1\n|-damage|p2b: Archaludon|20/100y\n|-ability|p2b: Archaludon|Stamina|boost\n|-boost|p2b: Archaludon|def|1\n|-damage|p1b: Garchomp|0 fnt|[from] item: Life Orb\n|faint|p1b: Garchomp\n|\n|-weather|RainDance|[upkeep]\n|-heal|p2b: Archaludon|26/100|[from] item: Leftovers\n|upkeep\n|\n|t:|1788404667\n|switch|p1b: Incineroar|Incineroar, L50, M|40/100\n|-ability|p1b: Incineroar|Intimidate|boost\n|-unboost|p2a: Pelipper|atk|1\n|-unboost|p2b: Archaludon|atk|1\n|turn|10\n|\n|t:|1788404678\n|switch|p2a: Swampert|Swampert-Mega, L50, M|20/100y\n|move|p2b: Archaludon|Protect|p2b: Archaludon\n|-singleturn|p2b: Archaludon|Protect\n|move|p1a: Scizor|Protect|p1a: Scizor\n|-singleturn|p1a: Scizor|Protect\n|move|p1b: Incineroar|Darkest Lariat|p2b: Archaludon\n|-activate|p2b: Archaludon|move: Protect\n|\n|-weather|none\n|-heal|p2b: Archaludon|32/100|[from] item: Leftovers\n|-sideend|p2: BtC37|move: Tailwind\n|upkeep\n|turn|11\n|inactive|BtC37 has 30 seconds left.\n|inactive|BtC37 has 20 seconds left.\n|inactive|BtC37 has 15 seconds left.\n|inactive|BtC37 has 10 seconds left.\n|\n|t:|1788404726\n|switch|p2b: Pelipper|Pelipper, L50, M|39/100\n|-weather|RainDance|[from] ability: Drizzle|[of] p2b: Pelipper\n|move|p2a: Swampert|Wave Crash|p1a: Scizor\n|-damage|p1a: Scizor|0 fnt\n|faint|p1a: Scizor\n|-damage|p2a: Swampert|3/100|[from] Recoil\n|move|p1b: Incineroar|Darkest Lariat|p2b: Pelipper\n|-damage|p2b: Pelipper|18/100\n|\n|-weather|RainDance|[upkeep]\n|upkeep\n|turn|12\n|\n|t:|1788404746\n|move|p2a: Swampert|Earthquake|p1b: Incineroar|[spread] p1b\n|-immune|p2b: Pelipper\n|-supereffective|p1b: Incineroar|1\n|-damage|p1b: Incineroar|0 fnt\n|faint|p1b: Incineroar\n|\n|win|BtC37\n|raw|NeonNinja_21's rating: 1276 &rarr; <strong>1251</strong><br />(-25 for losing)\n|raw|BtC37's rating: 1274 &rarr; <strong>1299</strong><br />(+25 for winning)\n","uploadtime":1788404751,"views":"0","formatid":"gen9championsvgc2026regmb","rating":1251,"private":0,"password":null}