{"id":"gen9championsvgc2026regmb-2674584975","format":"[Gen 9 Champions] VGC 2026 Reg M-B","players":["kippcon","CRWN RVM3"],"log":"|j|☆kippcon\n|j|☆CRWN RVM3\n|t:|1788376898\n|gametype|doubles\n|player|p1|kippcon|ethan|1429\n|player|p2|CRWN RVM3|hilbert|1424\n|gen|9\n|tier|[Gen 9 Champions] VGC 2026 Reg M-B\n|rated|\n|rule|Species Clause: Limit one of each Pokémon\n|rule|Item Clause: Limit 1 of each item\n|clearpoke\n|poke|p1|Whimsicott, L50, F|\n|poke|p1|Rotom-Wash, L50|\n|poke|p1|Staraptor, L50, M|\n|poke|p1|Heliolisk, L50, F, shiny|\n|poke|p1|Aerodactyl, L50, F|\n|poke|p1|Garchomp, L50, F|\n|poke|p2|Charizard, L50, M|\n|poke|p2|Venusaur, L50, M|\n|poke|p2|Pelipper, L50, M|\n|poke|p2|Archaludon, L50, F|\n|poke|p2|Grimmsnarl, L50, M|\n|poke|p2|Swampert, L50, F|\n|teampreview|4\n|inactive|Battle timer is ON: inactive players will automatically lose when time's up. (requested by CRWN RVM3)\n|\n|t:|1788376913\n|teamsize|p1|4\n|teamsize|p2|4\n|start\n|switch|p1a: Whimsicott|Whimsicott, L50, F|100/100\n|switch|p1b: Staraptor|Staraptor, L50, M|100/100\n|switch|p2a: Pushing P|Pelipper, L50, M|100/100\n|switch|p2b: Kronos|Archaludon, L50, F|100/100\n|-ability|p1b: Staraptor|Intimidate|boost\n|-unboost|p2a: Pushing P|atk|1\n|-unboost|p2b: Kronos|atk|1\n|-weather|RainDance|[from] ability: Drizzle|[of] p2a: Pushing P\n|turn|1\n|\n|t:|1788376921\n|detailschange|p1b: Staraptor|Staraptor-Mega, L50, M\n|-mega|p1b: Staraptor|Staraptor|Staraptite\n|move|p1a: Whimsicott|Charm|p1b: Staraptor\n|-boost|p1b: Staraptor|atk|2\n|move|p1b: Staraptor|Close Combat|p2b: Kronos\n|-supereffective|p2b: Kronos|1\n|-damage|p2b: Kronos|0 fnt\n|-boost|p1b: Staraptor|def|1\n|-boost|p1b: Staraptor|spd|1\n|faint|p2b: Kronos\n|move|p2a: Pushing P|Hurricane|p1b: Staraptor\n|-supereffective|p1b: Staraptor|1\n|-damage|p1b: Staraptor|24/100\n|-start|p1b: Staraptor|confusion\n|\n|-weather|RainDance|[upkeep]\n|upkeep\n|\n|t:|1788376935\n|switch|p2b: Swampert|Swampert, L50, F|100/100\n|turn|2\n|\n|t:|1788376944\n|detailschange|p2b: Swampert|Swampert-Mega, L50, F\n|-mega|p2b: Swampert|Swampert|Swampertite\n|-activate|p1b: Staraptor|confusion\n|move|p1b: Staraptor|Protect|p1b: Staraptor\n|-singleturn|p1b: Staraptor|Protect\n|move|p1a: Whimsicott|Charm|p2b: Swampert\n|-unboost|p2b: Swampert|atk|2\n|move|p2b: Swampert|Rock Slide|p1a: Whimsicott|[spread] p1a\n|-activate|p1b: Staraptor|move: Protect\n|-damage|p1a: Whimsicott|91/100\n|move|p2a: Pushing P|Hurricane|p1a: Whimsicott\n|-supereffective|p1a: Whimsicott|1\n|-damage|p1a: Whimsicott|0 fnt\n|faint|p1a: Whimsicott\n|\n|-weather|RainDance|[upkeep]\n|upkeep\n|\n|t:|1788376961\n|switch|p1a: Garchomp|Garchomp, L50, F|100/100\n|turn|3\n|\n|t:|1788376972\n|switch|p2b: Gaia|Venusaur, L50, M|100/100\n|-activate|p1b: Staraptor|confusion\n|-damage|p1b: Staraptor|3/100|[from] confusion\n|move|p1a: Garchomp|Dragon Claw|p2b: Gaia\n|-crit|p2b: Gaia\n|-damage|p2b: Gaia|8/100\n|move|p2a: Pushing P|Hurricane|p1b: Staraptor\n|-supereffective|p1b: Staraptor|1\n|-damage|p1b: Staraptor|0 fnt\n|faint|p1b: Staraptor\n|\n|-weather|RainDance|[upkeep]\n|upkeep\n|\n|t:|1788376980\n|switch|p1b: Aerodactyl|Aerodactyl, L50, F|100/100\n|-ability|p1b: Aerodactyl|Unnerve\n|turn|4\n|l|☆kippcon\n|inactive|kippcon disconnected and has a minute to reconnect!\n|player|p1|\n|j|☆kippcon\n|inactive|kippcon reconnected and has 50 seconds left.\n|player|p1|kippcon|ethan|\n|\n|t:|1788376995\n|move|p2b: Gaia|Protect|p2b: Gaia\n|-singleturn|p2b: Gaia|Protect\n|move|p1b: Aerodactyl|Rock Slide|p2b: Gaia|[spread] p2a\n|-activate|p2b: Gaia|move: Protect\n|-supereffective|p2a: Pushing P|1\n|-damage|p2a: Pushing P|51/100\n|move|p1a: Garchomp|Dragon Claw|p2b: Gaia\n|-activate|p2b: Gaia|move: Protect\n|cant|p2a: Pushing P|flinch\n|\n|-weather|RainDance|[upkeep]\n|upkeep\n|turn|5\n|\n|t:|1788377018\n|move|p1b: Aerodactyl|Tailwind|p1b: Aerodactyl\n|-sidestart|p1: kippcon|move: Tailwind\n|move|p1a: Garchomp|Dragon Claw|p2a: Pushing P\n|-damage|p2a: Pushing P|12/100\n|move|p2b: Gaia|Sleep Powder|p1a: Garchomp|[miss]\n|-miss|p2b: Gaia|p1a: Garchomp\n|move|p2a: Pushing P|Tailwind|p2a: Pushing P\n|-sidestart|p2: CRWN RVM3|move: Tailwind\n|\n|-weather|none\n|upkeep\n|turn|6\n|\n|t:|1788377037\n|switch|p2a: Swampert|Swampert-Mega, L50, F|100/100\n|move|p1b: Aerodactyl|Ice Fang|p2b: Gaia\n|-supereffective|p2b: Gaia|1\n|-damage|p2b: Gaia|0 fnt\n|faint|p2b: Gaia\n|move|p1a: Garchomp|Dragon Claw|p2a: Swampert\n|-damage|p2a: Swampert|63/100\n|\n|upkeep\n|\n|t:|1788377046\n|switch|p2b: Pushing P|Pelipper, L50, M|12/100\n|-weather|RainDance|[from] ability: Drizzle|[of] p2b: Pushing P\n|turn|7\n|\n|t:|1788377055\n|move|p2b: Pushing P|Wide Guard|p2b: Pushing P\n|-singleturn|p2b: Pushing P|Wide Guard\n|move|p2a: Swampert|Wave Crash|p1b: Aerodactyl\n|-supereffective|p1b: Aerodactyl|1\n|-crit|p1b: Aerodactyl\n|-enditem|p1b: Aerodactyl|Focus Sash\n|-damage|p1b: Aerodactyl|1/100\n|-damage|p2a: Swampert|36/100|[from] Recoil\n|move|p1b: Aerodactyl|Rock Slide|p2a: Swampert|[spread] \n|-activate|p2a: Swampert|move: Wide Guard\n|-activate|p2b: Pushing P|move: Wide Guard\n|move|p1a: Garchomp|Outrage|p2a: Swampert\n|-damage|p2a: Swampert|0 fnt\n|faint|p2a: Swampert\n|\n|-weather|RainDance|[upkeep]\n|upkeep\n|turn|8\n|\n|t:|1788377071\n|move|p1b: Aerodactyl|Dual Wingbeat|p2b: Pushing P\n|-damage|p2b: Pushing P|0 fnt\n|faint|p2b: Pushing P\n|-hitcount|p2: Pushing P|1\n|\n|win|kippcon\n|raw|kippcon's rating: 1429 &rarr; <strong>1449</strong><br />(+20 for winning)\n|raw|CRWN RVM3's rating: 1424 &rarr; <strong>1404</strong><br />(-20 for losing)\n","uploadtime":1788377077,"views":"1","formatid":"gen9championsvgc2026regmb","rating":1404,"private":0,"password":null}