{"id":"gen9championsvgc2026regmb-2674844940","format":"[Gen 9 Champions] VGC 2026 Reg M-B","players":["Stogna Bologna","nanouqj"],"log":"|j|☆Stogna Bologna\n|j|☆nanouqj\n|t:|1788419650\n|gametype|doubles\n|player|p1|Stogna Bologna|steven|1384\n|player|p2|nanouqj|steven|1453\n|gen|9\n|tier|[Gen 9 Champions] VGC 2026 Reg M-B\n|rated|\n|rule|Species Clause: Limit one of each Pokémon\n|rule|Item Clause: Limit 1 of each item\n|clearpoke\n|poke|p1|Sneasler, L50, F|\n|poke|p1|Basculegion, L50, M|\n|poke|p1|Scovillain, L50, M|\n|poke|p1|Grimmsnarl, L50, M|\n|poke|p1|Hydreigon, L50, F|\n|poke|p1|Metagross, L50|\n|poke|p2|Floette-Eternal, L50, F|\n|poke|p2|Excadrill, L50, F|\n|poke|p2|Whimsicott, L50, F|\n|poke|p2|Garchomp, L50, F|\n|poke|p2|Kingambit, L50, M|\n|poke|p2|Delphox, L50, M|\n|teampreview|4\n|inactive|Battle timer is ON: inactive players will automatically lose when time's up. (requested by nanouqj)\nStogna Bologna rejected open team sheets.\n|inactive|nanouqj has 60 seconds left.\n|\n|t:|1788419686\n|teamsize|p1|4\n|teamsize|p2|4\n|start\n|switch|p1a: Scovillain|Scovillain, L50, M|100/100\n|switch|p1b: Grimmsnarl|Grimmsnarl, L50, M|100/100\n|switch|p2a: 是好女孩吗？|Whimsicott, L50, F|100/100\n|switch|p2b: 鼠头地龙（龟头？）|Excadrill, L50, F|100/100\n|-ability|p2b: 鼠头地龙（龟头？）|Mold Breaker\n|turn|1\n|inactive|Stogna Bologna has 30 seconds left.\n|\n|t:|1788419720\n|detailschange|p1a: Scovillain|Scovillain-Mega, L50, M\n|-mega|p1a: Scovillain|Scovillain|Scovillainite\n|move|p1b: Grimmsnarl|Reflect|p1b: Grimmsnarl\n|-sidestart|p1: Stogna Bologna|Reflect\n|move|p2b: 鼠头地龙（龟头？）|Iron Head|p1b: Grimmsnarl\n|-supereffective|p1b: Grimmsnarl|1\n|-damage|p1b: Grimmsnarl|40/100\n|move|p2a: 是好女孩吗？|Moonblast|p1b: Grimmsnarl\n|-supereffective|p1b: Grimmsnarl|1\n|-damage|p1b: Grimmsnarl|0 fnt\n|faint|p1b: Grimmsnarl\n|move|p1a: Scovillain|Burning Jealousy|p2b: 鼠头地龙（龟头？）|[spread] p2a,p2b\n|-supereffective|p2a: 是好女孩吗？|1\n|-supereffective|p2b: 鼠头地龙（龟头？）|1\n|-damage|p2a: 是好女孩吗？|12/100\n|-damage|p2b: 鼠头地龙（龟头？）|28/100\n|\n|upkeep\n|\n|t:|1788419729\n|switch|p1b: Hydreigon|Hydreigon, L50, F|100/100\n|turn|2\n|\n|t:|1788419747\n|move|p1b: Hydreigon|Protect|p1b: Hydreigon\n|-singleturn|p1b: Hydreigon|Protect\n|move|p2b: 鼠头地龙（龟头？）|Iron Head|p1a: Scovillain\n|-resisted|p1a: Scovillain|1\n|-damage|p1a: Scovillain|83/100\n|-status|p2b: 鼠头地龙（龟头？）|brn|[from] ability: Spicy Spray|[of] p1a: Scovillain\n|move|p2a: 是好女孩吗？|Moonblast|p1a: Scovillain\n|-resisted|p1a: Scovillain|1\n|-damage|p1a: Scovillain|66/100\n|-status|p2a: 是好女孩吗？|brn|[from] ability: Spicy Spray|[of] p1a: Scovillain\n|move|p1a: Scovillain|Burning Jealousy|p2b: 鼠头地龙（龟头？）|[spread] p2a,p2b\n|-supereffective|p2a: 是好女孩吗？|1\n|-supereffective|p2b: 鼠头地龙（龟头？）|1\n|-damage|p2a: 是好女孩吗？|0 fnt\n|-damage|p2b: 鼠头地龙（龟头？）|0 fnt\n|faint|p2a: 是好女孩吗？\n|faint|p2b: 鼠头地龙（龟头？）\n|\n|upkeep\n|\n|t:|1788419750\n|switch|p2a: 突袭不突袭突袭|Kingambit, L50, M|100/100\n|switch|p2b: 发姐之后的妖精荣光！|Floette-Eternal, L50, F|100/100\n|turn|3\n|inactive|Stogna Bologna has 30 seconds left.\n|\n|t:|1788419777\n|detailschange|p2b: 发姐之后的妖精荣光！|Floette-Mega, L50, F\n|-mega|p2b: 发姐之后的妖精荣光！|Floette|Floettite\n|-ability|p2b: 发姐之后的妖精荣光！|Fairy Aura\n|move|p2a: 突袭不突袭突袭|Protect|p2a: 突袭不突袭突袭\n|-singleturn|p2a: 突袭不突袭突袭|Protect\n|move|p2b: 发姐之后的妖精荣光！|Dazzling Gleam|p1b: Hydreigon|[spread] p1a,p1b\n|-resisted|p1a: Scovillain|1\n|-supereffective|p1b: Hydreigon|2\n|-damage|p1a: Scovillain|44/100\n|-damage|p1b: Hydreigon|0 fnt\n|-status|p2b: 发姐之后的妖精荣光！|brn|[from] ability: Spicy Spray|[of] p1a: Scovillain\n|faint|p1b: Hydreigon\n|move|p1a: Scovillain|Leech Seed|p2b: 发姐之后的妖精荣光！\n|-start|p2b: 发姐之后的妖精荣光！|move: Leech Seed\n|\n|-damage|p2b: 发姐之后的妖精荣光！|88/100 brn|[from] Leech Seed|[of] p1a: Scovillain\n|-heal|p1a: Scovillain|54/100|[silent]\n|-damage|p2b: 发姐之后的妖精荣光！|82/100 brn|[from] brn\n|upkeep\n|\n|t:|1788419792\n|switch|p1b: Basculegion|Basculegion, L50, M|100/100\n|turn|4\n|\n|t:|1788419814\n|move|p1b: Basculegion|Wave Crash|p2b: 发姐之后的妖精荣光！\n|-damage|p2b: 发姐之后的妖精荣光！|0 fnt\n|faint|p2b: 发姐之后的妖精荣光！\n|-damage|p1b: Basculegion|79/100|[from] Recoil\n|move|p1a: Scovillain|Leech Seed|p2a: 突袭不突袭突袭\n|-start|p2a: 突袭不突袭突袭|move: Leech Seed\n|move|p2a: 突袭不突袭突袭|Kowtow Cleave|p1b: Basculegion\n|-supereffective|p1b: Basculegion|1\n|-damage|p1b: Basculegion|0 fnt\n|faint|p1b: Basculegion\n|\n|-damage|p2a: 突袭不突袭突袭|87/100|[from] Leech Seed|[of] p1a: Scovillain\n|-heal|p1a: Scovillain|69/100|[silent]\n|upkeep\n|turn|5\n|\n|t:|1788419827\n|move|p1a: Scovillain|Burning Jealousy|p2a: 突袭不突袭突袭\n|-supereffective|p2a: 突袭不突袭突袭|1\n|-damage|p2a: 突袭不突袭突袭|20/100y\n|move|p2a: 突袭不突袭突袭|Kowtow Cleave|p1a: Scovillain\n|-damage|p1a: Scovillain|27/100\n|-status|p2a: 突袭不突袭突袭|brn|[from] ability: Spicy Spray|[of] p1a: Scovillain\n|\n|-damage|p2a: 突袭不突袭突袭|8/100 brn|[from] Leech Seed|[of] p1a: Scovillain\n|-heal|p1a: Scovillain|41/100|[silent]\n|-damage|p2a: 突袭不突袭突袭|2/100 brn|[from] brn\n|upkeep\n|turn|6\n|\n|t:|1788419837\n|move|p1a: Scovillain|Protect|p1a: Scovillain\n|-singleturn|p1a: Scovillain|Protect\n|move|p2a: 突袭不突袭突袭|Sucker Punch||[still]\n|-fail|p2a: 突袭不突袭突袭\n|\n|-damage|p2a: 突袭不突袭突袭|0 fnt|[from] Leech Seed|[of] p1a: Scovillain\n|-heal|p1a: Scovillain|44/100|[silent]\n|faint|p2a: 突袭不突袭突袭\n|\n|win|Stogna Bologna\n|raw|Stogna Bologna's rating: 1384 &rarr; <strong>1408</strong><br />(+24 for winning)\n|raw|nanouqj's rating: 1453 &rarr; <strong>1429</strong><br />(-24 for losing)\n","uploadtime":1788419841,"views":"15","formatid":"gen9championsvgc2026regmb","rating":1408,"private":0,"password":null}