{"id":"gen9championsvgc2026regmbbo3-2674052518","format":"[Gen 9 Champions] VGC 2026 Reg M-B (Bo3)","players":["RazzRazzBerry","foxy2008pro"],"log":"|j|☆RazzRazzBerry\n|j|☆foxy2008pro\n|html|<table width=\"100%\"><tr><td align=\"left\">RazzRazzBerry</td><td align=\"right\">foxy2008pro</tr><tr><td align=\"left\"><i class=\"fa fa-circle-o\"></i> <i class=\"fa fa-circle-o\"></i> </td><td align=\"right\"><i class=\"fa fa-circle-o\"></i> <i class=\"fa fa-circle-o\"></i> </tr></table>\n|uhtml|bestof|<h2><strong>Game 1</strong> of <a href=\"/game-bestof3-gen9championsvgc2026regmbbo3-2674052517\">a best-of-3</a></h2>\n|t:|1788292901\n|gametype|doubles\n|player|p1|RazzRazzBerry|wattson|1147\n|player|p2|foxy2008pro|crasherwake|1189\n|gen|9\n|tier|[Gen 9 Champions] VGC 2026 Reg M-B (Bo3)\n|rated|\n|rule|Species Clause: Limit one of each Pokémon\n|rule|Item Clause: Limit 1 of each item\n|clearpoke\n|poke|p1|Gengar, L50, M, shiny|\n|poke|p1|Incineroar, L50, F|\n|poke|p1|Politoed, L50, M|\n|poke|p1|Archaludon, L50, F|\n|poke|p1|Kommo-o, L50, M|\n|poke|p1|Kingambit, L50, M|\n|poke|p2|Pelipper, L50, M|\n|poke|p2|Gardevoir, L50, M|\n|poke|p2|Basculegion, L50, M|\n|poke|p2|Kingambit, L50, M|\n|poke|p2|Archaludon, L50, M|\n|poke|p2|Garchomp, L50, M|\n|teampreview|4\n|showteam|p1|Gengar||Gengarite|CursedBody|SludgeBomb,Disable,PerishSong,Protect|Calm||M|||50|]Incineroar||ShucaBerry|Intimidate|FakeOut,PartingShot,ThroatChop,Protect|Impish||F|||50|]Politoed||SitrusBerry|Drizzle|MuddyWater,PerishSong,Encore,Protect|Calm||M|||50|]Archaludon||Leftovers|Sturdy|FlashCannon,DragonPulse,ElectroShot,Protect|Modest||F|||50|]Kommo-o||RoseliBerry|Soundproof|BodyPress,IronDefense,DracoMeteor,Protect|Bold||M|||50|]Kingambit||BlackGlasses|Defiant|KowtowCleave,SuckerPunch,SwordsDance,Protect|Adamant||M|||50|\n|showteam|p2|Pelipper||FocusSash|Drizzle|Hurricane,IceBeam,Tailwind,WeatherBall|Modest||M|||50|]Gardevoir||Gardevoirite|Telepathy|Protect,Thunderbolt,HyperVoice,Psychic|Timid||M|||50|]Basculegion||ChoiceScarf|Adaptability|AquaJet,LastRespects,WaveCrash,FlipTurn|Jolly||M|||50|]Kingambit||BlackGlasses|Defiant|KowtowCleave,Protect,SuckerPunch,IronHead|Brave||M|||50|]Archaludon||Leftovers|Stamina|DracoMeteor,ElectroShot,FlashCannon,Protect|Timid||M|||50|]Garchomp||LifeOrb|RoughSkin|Earthquake,RockSlide,DragonClaw,Protect|Jolly||M|||50|\n|\n|t:|1788292940\n|teamsize|p1|4\n|teamsize|p2|4\n|start\n|switch|p1a: Radley|Gengar, L50, M, shiny|100/100\n|switch|p1b: Kingambit|Kingambit, L50, M|100/100\n|switch|p2a: Pelipper|Pelipper, L50, M|100/100\n|switch|p2b: Kingambit|Kingambit, L50, M|100/100\n|-weather|RainDance|[from] ability: Drizzle|[of] p2a: Pelipper\n|turn|1\n|\n|t:|1788292970\n|switch|p1b: Kommo-o|Kommo-o, L50, M|100/100\n|detailschange|p1a: Radley|Gengar-Mega, L50, M, shiny\n|-mega|p1a: Radley|Gengar|Gengarite\n|move|p1a: Radley|Protect|p1a: Radley\n|-singleturn|p1a: Radley|Protect\n|move|p2a: Pelipper|Weather Ball|p1b: Kommo-o\n|-resisted|p1b: Kommo-o|1\n|-damage|p1b: Kommo-o|67/100\n|move|p2b: Kingambit|Kowtow Cleave|p1a: Radley\n|-activate|p1a: Radley|move: Protect\n|\n|-weather|RainDance|[upkeep]\n|upkeep\n|turn|2\n|\n|t:|1788292996\n|move|p1b: Kommo-o|Protect|p1b: Kommo-o\n|-singleturn|p1b: Kommo-o|Protect\n|move|p2b: Kingambit|Protect|p2b: Kingambit\n|-singleturn|p2b: Kingambit|Protect\n|move|p1a: Radley|Disable|p2b: Kingambit\n|-activate|p2b: Kingambit|move: Protect\n|move|p2a: Pelipper|Tailwind|p2a: Pelipper\n|-sidestart|p2: foxy2008pro|move: Tailwind\n|\n|-weather|RainDance|[upkeep]\n|upkeep\n|turn|3\n|\n|t:|1788293050\n|switch|p1b: Kingambit|Kingambit, L50, M|100/100\n|move|p1a: Radley|Protect|p1a: Radley\n|-singleturn|p1a: Radley|Protect\n|move|p2a: Pelipper|Hurricane|p1b: Kingambit\n|-resisted|p1b: Kingambit|1\n|-damage|p1b: Kingambit|78/100\n|move|p2b: Kingambit|Kowtow Cleave|p1a: Radley\n|-activate|p1a: Radley|move: Protect\n|\n|-weather|RainDance|[upkeep]\n|upkeep\n|turn|4\n|\n|t:|1788293067\n|move|p2b: Kingambit|Protect|p2b: Kingambit\n|-singleturn|p2b: Kingambit|Protect\n|move|p1b: Kingambit|Sucker Punch|p2a: Pelipper\n|-damage|p2a: Pelipper|44/100\n|move|p2a: Pelipper|Weather Ball|p1a: Radley\n|-damage|p1a: Radley|38/100\n|move|p1a: Radley|Disable|p2b: Kingambit\n|-activate|p2b: Kingambit|move: Protect\n|\n|-weather|RainDance|[upkeep]\n|upkeep\n|turn|5\n|\n|t:|1788293093\n|switch|p1a: Kommo-o|Kommo-o, L50, M|67/100\n|move|p1b: Kingambit|Sucker Punch|p2a: Pelipper\n|-damage|p2a: Pelipper|0 fnt\n|faint|p2a: Pelipper\n|move|p2b: Kingambit|Kowtow Cleave|p1b: Kingambit\n|-resisted|p1b: Kingambit|1\n|-damage|p1b: Kingambit|57/100\n|\n|-weather|none\n|-sideend|p2: foxy2008pro|move: Tailwind\n|upkeep\n|\n|t:|1788293101\n|switch|p2a: Garchomp|Garchomp, L50, M|100/100\n|turn|6\n|\n|t:|1788293112\n|switch|p1b: Incineroar|Incineroar, L50, F|100/100\n|-ability|p1b: Incineroar|Intimidate|boost\n|-unboost|p2a: Garchomp|atk|1\n|-unboost|p2b: Kingambit|atk|1\n|-ability|p2b: Kingambit|Defiant|boost\n|-boost|p2b: Kingambit|atk|2\n|move|p2b: Kingambit|Protect|p2b: Kingambit\n|-singleturn|p2b: Kingambit|Protect\n|move|p2a: Garchomp|Earthquake|p1b: Incineroar|[spread] p1a,p1b\n|-activate|p2b: Kingambit|move: Protect\n|-supereffective|p1b: Incineroar|1\n|-enditem|p1b: Incineroar|Shuca Berry|[eat]\n|-enditem|p1b: Incineroar|Shuca Berry|[weaken]\n|-damage|p1a: Kommo-o|41/100\n|-damage|p1b: Incineroar|74/100\n|-damage|p2a: Garchomp|90/100|[from] item: Life Orb\n|move|p1a: Kommo-o|Draco Meteor|p2a: Garchomp\n|-supereffective|p2a: Garchomp|1\n|-damage|p2a: Garchomp|0 fnt\n|-unboost|p1a: Kommo-o|spa|2\n|faint|p2a: Garchomp\n|\n|upkeep\n|\n|t:|1788293125\n|switch|p2a: Gardevoir|Gardevoir, L50, M|100/100\n|turn|7\n|\n|t:|1788293143\n|detailschange|p2a: Gardevoir|Gardevoir-Mega, L50, M\n|-mega|p2a: Gardevoir|Gardevoir|Gardevoirite\n|move|p1b: Incineroar|Fake Out|p2a: Gardevoir\n|-damage|p2a: Gardevoir|81/100\n|move|p2b: Kingambit|Sucker Punch|p1a: Kommo-o\n|-resisted|p1a: Kommo-o|1\n|-damage|p1a: Kommo-o|13/100\n|cant|p2a: Gardevoir|flinch\n|move|p1a: Kommo-o|Body Press|p2b: Kingambit\n|-supereffective|p2b: Kingambit|2\n|-damage|p2b: Kingambit|0 fnt\n|faint|p2b: Kingambit\n|\n|upkeep\n|turn|8\n|\n|t:|1788293172\n|move|p2a: Gardevoir|Hyper Voice|p1a: Kommo-o|[spread] p1b\n|-immune|p1a: Kommo-o|[from] ability: Soundproof\n|-damage|p1b: Incineroar|36/100\n|move|p1a: Kommo-o|Body Press|p2a: Gardevoir\n|-resisted|p2a: Gardevoir|2\n|-damage|p2a: Gardevoir|62/100\n|move|p1b: Incineroar|Parting Shot|p2a: Gardevoir\n|-unboost|p2a: Gardevoir|atk|1\n|-unboost|p2a: Gardevoir|spa|1\n|\n|t:|1788293178\n|switch|p1b: Kingambit|Kingambit, L50, M|57/100|[from] Parting Shot\n|\n|upkeep\n|turn|9\n|\n|t:|1788293191\n|move|p1b: Kingambit|Sucker Punch|p2a: Gardevoir\n|-damage|p2a: Gardevoir|0 fnt\n|faint|p2a: Gardevoir\n|\n|win|RazzRazzBerry\n||RazzRazzBerry is ready for game 2.\n||foxy2008pro is ready for game 2.\n|uhtml|next|Next: <a href=\"/battle-gen9championsvgc2026regmbbo3-2674054887\"><strong>Game 2 of 3</strong></a>\n","uploadtime":1788293331,"views":"1","formatid":"gen9championsvgc2026regmbbo3","rating":null,"private":0,"password":null}