{"id":"gen9championsvgc2026regmb-2674900250","format":"[Gen 9 Champions] VGC 2026 Reg M-B","players":["ayayalaptop","Thornlace48812"],"log":"|j|☆ayayalaptop\n|j|☆Thornlace48812\n|t:|1788432297\n|gametype|doubles\n|player|p1|ayayalaptop|102|1391\n|player|p2|Thornlace48812|102|1285\n|gen|9\n|tier|[Gen 9 Champions] VGC 2026 Reg M-B\n|rated|\n|rule|Species Clause: Limit one of each Pokémon\n|rule|Item Clause: Limit 1 of each item\n|clearpoke\n|poke|p1|Weavile, L50, F|\n|poke|p1|Aerodactyl, L50, M|\n|poke|p1|Corviknight, L50, M|\n|poke|p1|Toxapex, L50, M|\n|poke|p1|Slowking-Galar, L50, M|\n|poke|p1|Dragapult, L50, M|\n|poke|p2|Garchomp, L50, M|\n|poke|p2|Charizard, L50, M|\n|poke|p2|Whimsicott, L50, M|\n|poke|p2|Sylveon, L50, F|\n|poke|p2|Kingambit, L50, F|\n|poke|p2|Basculegion, L50, M|\n|teampreview|4\n|inactive|Battle timer is ON: inactive players will automatically lose when time's up. (requested by Thornlace48812)\n|inactive|ayayalaptop also wants the timer to be on.\nThornlace48812 rejected open team sheets.\n|\n|t:|1788432323\n|teamsize|p1|4\n|teamsize|p2|4\n|start\n|switch|p1a: Weavile|Weavile, L50, F|100/100\n|switch|p1b: Toxapex|Toxapex, L50, M|100/100\n|switch|p2a: Charizard|Charizard, L50, M|100/100\n|switch|p2b: Kingambit|Kingambit, L50, F|100/100\n|-ability|p1a: Weavile|Pressure\n|turn|1\n|\n|t:|1788432337\n|detailschange|p2a: Charizard|Charizard-Mega-Y, L50, M\n|-mega|p2a: Charizard|Charizard|Charizardite Y\n|-weather|SunnyDay|[from] ability: Drought|[of] p2a: Charizard\n|move|p1a: Weavile|Fake Out|p2b: Kingambit\n|-resisted|p2b: Kingambit|1\n|-damage|p2b: Kingambit|94/100\n|move|p2a: Charizard|Heat Wave|p1a: Weavile|[spread] p1a,p1b\n|-supereffective|p1a: Weavile|1\n|-resisted|p1b: Toxapex|1\n|-crit|p1b: Toxapex\n|-enditem|p1a: Weavile|Focus Sash\n|-damage|p1a: Weavile|1/100\n|-damage|p1b: Toxapex|64/100\n|cant|p2b: Kingambit|flinch\n|move|p1b: Toxapex|Toxic|p2a: Charizard\n|-status|p2a: Charizard|tox\n|\n|-weather|SunnyDay|[upkeep]\n|-heal|p1b: Toxapex|70/100|[from] item: Leftovers\n|-damage|p2a: Charizard|94/100 tox|[from] psn\n|upkeep\n|turn|2\n|\n|t:|1788432345\n|move|p1a: Weavile|Protect|p1a: Weavile\n|-singleturn|p1a: Weavile|Protect\n|move|p2b: Kingambit|Sucker Punch||[still]\n|-fail|p2b: Kingambit\n|move|p2a: Charizard|Heat Wave|p1a: Weavile|[spread] p1b\n|-activate|p1a: Weavile|move: Protect\n|-resisted|p1b: Toxapex|1\n|-damage|p1b: Toxapex|45/100\n|move|p1b: Toxapex|Infestation|p2a: Charizard\n|-resisted|p2a: Charizard|2\n|-damage|p2a: Charizard|93/100 tox\n|-activate|p2a: Charizard|move: Infestation|[of] p1b: Toxapex\n|\n|-weather|SunnyDay|[upkeep]\n|-heal|p1b: Toxapex|50/100g|[from] item: Leftovers\n|-damage|p2a: Charizard|82/100 tox|[from] psn\n|-damage|p2a: Charizard|70/100 tox|[from] move: Infestation|[partiallytrapped]\n|upkeep\n|turn|3\n|\n|t:|1788432361\n|move|p1a: Weavile|Knock Off|p2b: Kingambit\n|-resisted|p2b: Kingambit|1\n|-damage|p2b: Kingambit|71/100\n|-enditem|p2b: Kingambit|Black Glasses|[from] move: Knock Off|[of] p1a: Weavile\n|move|p2a: Charizard|Heat Wave|p1a: Weavile|[spread] p1a,p1b\n|-supereffective|p1a: Weavile|1\n|-resisted|p1b: Toxapex|1\n|-damage|p1a: Weavile|0 fnt\n|-damage|p1b: Toxapex|28/100\n|faint|p1a: Weavile\n|move|p2b: Kingambit|Kowtow Cleave|p1b: Toxapex\n|-damage|p1b: Toxapex|0 fnt\n|faint|p1b: Toxapex\n|\n|-weather|SunnyDay|[upkeep]\n|-damage|p2a: Charizard|52/100 tox|[from] psn\n|-end|p2a: Charizard|Infestation|[partiallytrapped]|[silent]\n|upkeep\n|\n|t:|1788432374\n|switch|p1a: Dragapult|Dragapult, L50, M|100/100\n|switch|p1b: Corviknight|Corviknight, L50, M|100/100\n|-ability|p1b: Corviknight|Pressure\n|turn|4\n|\n|t:|1788432380\n|move|p1a: Dragapult|Disable|p2a: Charizard\n|-start|p2a: Charizard|Disable|Heat Wave\n|cant|p2a: Charizard|Disable|Heat Wave\n|move|p2b: Kingambit|Kowtow Cleave|p1a: Dragapult\n|-supereffective|p1a: Dragapult|1\n|-damage|p1a: Dragapult|0 fnt\n|faint|p1a: Dragapult\n|move|p1b: Corviknight|Iron Defense|p1b: Corviknight\n|-boost|p1b: Corviknight|def|2\n|\n|-weather|SunnyDay|[upkeep]\n|-damage|p2a: Charizard|29/100 tox|[from] psn\n|upkeep\n|turn|5\n|\n|t:|1788432390\n|switch|p2a: Basculegion|Basculegion, L50, M|100/100\n|move|p1b: Corviknight|Protect|p1b: Corviknight\n|-singleturn|p1b: Corviknight|Protect\n|move|p2b: Kingambit|Kowtow Cleave|p1b: Corviknight\n|-activate|p1b: Corviknight|move: Protect\n|\n|-weather|none\n|upkeep\n|turn|6\n|\n|t:|1788432393\n|move|p2a: Basculegion|Last Respects|p1b: Corviknight\n|-damage|p1b: Corviknight|86/100\n|move|p2b: Kingambit|Kowtow Cleave|p1b: Corviknight\n|-damage|p1b: Corviknight|70/100\n|move|p1b: Corviknight|Iron Defense|p1b: Corviknight\n|-boost|p1b: Corviknight|def|2\n|\n|upkeep\n|turn|7\n|\n|t:|1788432397\n|move|p2a: Basculegion|Wave Crash|p1b: Corviknight\n|-damage|p1b: Corviknight|48/100\n|-enditem|p1b: Corviknight|Sitrus Berry|[eat]\n|-heal|p1b: Corviknight|73/100|[from] item: Sitrus Berry\n|-damage|p2a: Basculegion|92/100|[from] Recoil\n|move|p2b: Kingambit|Kowtow Cleave|p1b: Corviknight\n|-damage|p1b: Corviknight|62/100\n|move|p1b: Corviknight|Iron Defense|p1b: Corviknight\n|-boost|p1b: Corviknight|def|2\n|\n|upkeep\n|turn|8\n|\n|t:|1788432400\n|move|p2a: Basculegion|Last Respects|p1b: Corviknight\n|-damage|p1b: Corviknight|57/100\n|move|p2b: Kingambit|Kowtow Cleave|p1b: Corviknight\n|-damage|p1b: Corviknight|49/100\n|move|p1b: Corviknight|Roost|p1b: Corviknight\n|-heal|p1b: Corviknight|99/100\n|-singleturn|p1b: Corviknight|move: Roost\n|\n|upkeep\n|turn|9\n|\n|t:|1788432404\n|move|p2a: Basculegion|Last Respects|p1b: Corviknight\n|-damage|p1b: Corviknight|92/100\n|move|p2b: Kingambit|Kowtow Cleave|p1b: Corviknight\n|-damage|p1b: Corviknight|84/100\n|move|p1b: Corviknight|Body Press|p2b: Kingambit\n|-supereffective|p2b: Kingambit|2\n|-damage|p2b: Kingambit|0 fnt\n|faint|p2b: Kingambit\n|-end|p2b: Kingambit|fallenundefined|[silent]\n|\n|upkeep\n|\n|t:|1788432405\n|switch|p2b: Garchomp|Garchomp, L50, M|100/100\n|turn|10\n|\n|t:|1788432415\n|move|p2b: Garchomp|Dragon Claw|p1b: Corviknight\n|-resisted|p1b: Corviknight|1\n|-damage|p1b: Corviknight|80/100\n|-damage|p2b: Garchomp|90/100|[from] item: Life Orb\n|move|p2a: Basculegion|Wave Crash|p1b: Corviknight\n|-damage|p1b: Corviknight|64/100\n|-damage|p2a: Basculegion|87/100|[from] Recoil\n|move|p1b: Corviknight|Body Press|p2b: Garchomp\n|-damage|p2b: Garchomp|0 fnt\n|-damage|p1b: Corviknight|52/100|[from] ability: Rough Skin|[of] p2b: Garchomp\n|faint|p2b: Garchomp\n|\n|upkeep\n|\n|t:|1788432415\n|switch|p2b: Charizard|Charizard-Mega-Y, L50, M|29/100 tox\n|-weather|SunnyDay|[from] ability: Drought|[of] p2b: Charizard\n|turn|11\n|\n|t:|1788432424\n|move|p1b: Corviknight|Protect|p1b: Corviknight\n|-singleturn|p1b: Corviknight|Protect\n|move|p2b: Charizard|Heat Wave|p1b: Corviknight\n|-activate|p1b: Corviknight|move: Protect\n|move|p2a: Basculegion|Last Respects|p1b: Corviknight\n|-activate|p1b: Corviknight|move: Protect\n|\n|-weather|SunnyDay|[upkeep]\n|-damage|p2b: Charizard|24/100 tox|[from] psn\n|upkeep\n|turn|12\n|\n|t:|1788432438\n|move|p2b: Charizard|Heat Wave|p1b: Corviknight\n|-supereffective|p1b: Corviknight|1\n|-damage|p1b: Corviknight|0 fnt\n|faint|p1b: Corviknight\n|\n|win|Thornlace48812\n|raw|ayayalaptop's rating: 1391 &rarr; <strong>1362</strong><br />(-29 for losing)\n|raw|Thornlace48812's rating: 1216 &rarr; <strong>1253</strong><br />(+37 for winning)\n","uploadtime":1788432439,"views":"5","formatid":"gen9championsvgc2026regmb","rating":1253,"private":0,"password":null}