{"id":"gen9championsvgc2026regmb-2674590415","format":"[Gen 9 Champions] VGC 2026 Reg M-B","players":["BBNate4","caramelpainn"],"log":"|j|☆BBNate4\n|j|☆caramelpainn\n|t:|1788377545\n|gametype|doubles\n|player|p1|BBNate4|266|1136\n|player|p2|caramelpainn|cynthia-masters|1224\n|gen|9\n|tier|[Gen 9 Champions] VGC 2026 Reg M-B\n|rated|\n|rule|Species Clause: Limit one of each Pokémon\n|rule|Item Clause: Limit 1 of each item\n|clearpoke\n|poke|p1|Steelix, L50, F|\n|poke|p1|Tyranitar, L50, F|\n|poke|p1|Incineroar, L50, F|\n|poke|p1|Sinistcha, L50|\n|poke|p1|Drampa, L50, M|\n|poke|p1|Hawlucha, L50, M|\n|poke|p2|Ceruledge, L50, M|\n|poke|p2|Ninetales-Alola, L50, M|\n|poke|p2|Meowscarada, L50, M|\n|poke|p2|Raichu, L50, M|\n|poke|p2|Gardevoir, L50, F, shiny|\n|poke|p2|Garchomp, L50, M|\n|teampreview|4\nBBNate4 rejected open team sheets.\n|inactive|Battle timer is ON: inactive players will automatically lose when time's up. (requested by caramelpainn)\n|inactive|caramelpainn has 60 seconds left.\n|\n|t:|1788377633\n|teamsize|p1|4\n|teamsize|p2|4\n|start\n|switch|p1a: Tyranitar|Tyranitar, L50, F|100/100\n|switch|p1b: Incineroar|Incineroar, L50, F|100/100\n|switch|p2a: Raichu|Raichu, L50, M|100/100\n|switch|p2b: Meowscarada|Meowscarada, L50, M|100/100\n|-weather|Sandstorm|[from] ability: Sand Stream|[of] p1a: Tyranitar\n|-ability|p1b: Incineroar|Intimidate|boost\n|-unboost|p2a: Raichu|atk|1\n|-unboost|p2b: Meowscarada|atk|1\n|turn|1\n|inactive|BBNate4 has 30 seconds left.\n|inactive|caramelpainn has 30 seconds left.\n|inactive|BBNate4 has 20 seconds left.\n|inactive|BBNate4 has 15 seconds left.\n|inactive|caramelpainn has 20 seconds left.\n|inactive|BBNate4 has 10 seconds left.\n|inactive|caramelpainn has 15 seconds left.\n|\n|t:|1788377681\n|switch|p1a: Steelix|Steelix, L50, F|100/100\n|move|p2a: Raichu|Fake Out|p1b: Incineroar\n|-damage|p1b: Incineroar|94/100\n|cant|p1b: Incineroar|flinch\n|move|p2b: Meowscarada|U-turn|p1a: Steelix\n|-start|p2b: Meowscarada|typechange|Bug|[from] ability: Protean\n|-resisted|p1a: Steelix|1\n|-damage|p1a: Steelix|93/100\n|\n|t:|1788377693\n|switch|p2b: Garchomp|Garchomp, L50, M|100/100|[from] U-turn\n|\n|-weather|Sandstorm|[upkeep]\n|-damage|p2a: Raichu|93/100|[from] Sandstorm\n|-damage|p1b: Incineroar|88/100|[from] Sandstorm\n|upkeep\n|turn|2\n|\n|t:|1788377713\n|switch|p1b: Sinistcha|Sinistcha, L50|100/100\n|-heal|p1a: Steelix|100/100|[from] ability: Hospitality|[of] p1b: Sinistcha\n|move|p2a: Raichu|Protect|p2a: Raichu\n|-singleturn|p2a: Raichu|Protect\n|move|p1a: Steelix|Protect|p1a: Steelix\n|-singleturn|p1a: Steelix|Protect\n|move|p2b: Garchomp|Earthquake|p1b: Sinistcha|[spread] p1b\n|-activate|p2a: Raichu|move: Protect\n|-activate|p1a: Steelix|move: Protect\n|-resisted|p1b: Sinistcha|1\n|-damage|p1b: Sinistcha|80/100\n|-damage|p2b: Garchomp|90/100|[from] item: Life Orb\n|\n|-weather|Sandstorm|[upkeep]\n|-damage|p2a: Raichu|87/100|[from] Sandstorm\n|-damage|p1b: Sinistcha|74/100|[from] Sandstorm\n|-heal|p1b: Sinistcha|80/100|[from] item: Leftovers\n|upkeep\n|turn|3\n|inactive|BBNate4 has 30 seconds left.\n|\n|t:|1788377743\n|detailschange|p2a: Raichu|Raichu-Mega-Y, L50, M\n|-mega|p2a: Raichu|Raichu|Raichunite Y\n|detailschange|p1a: Steelix|Steelix-Mega, L50, F\n|-mega|p1a: Steelix|Steelix|Steelixite\n|move|p1b: Sinistcha|Rage Powder|p1b: Sinistcha\n|-singleturn|p1b: Sinistcha|move: Rage Powder\n|move|p2a: Raichu|Zap Cannon|p1b: Sinistcha\n|-resisted|p1b: Sinistcha|1\n|-damage|p1b: Sinistcha|39/100\n|-status|p1b: Sinistcha|par\n|move|p2b: Garchomp|Dragon Claw|p1b: Sinistcha\n|-damage|p1b: Sinistcha|0 fnt\n|faint|p1b: Sinistcha\n|-damage|p2b: Garchomp|80/100|[from] item: Life Orb\n|move|p1a: Steelix|High Horsepower|p2b: Garchomp\n|-damage|p2b: Garchomp|10/100\n|-damage|p1a: Steelix|87/100|[from] ability: Rough Skin|[of] p2b: Garchomp\n|\n|-weather|Sandstorm|[upkeep]\n|-damage|p2a: Raichu|81/100|[from] Sandstorm\n|upkeep\n|\n|t:|1788377762\n|switch|p1b: Incineroar|Incineroar, L50, F|88/100\n|-ability|p1b: Incineroar|Intimidate|boost\n|-unboost|p2a: Raichu|atk|1\n|-unboost|p2b: Garchomp|atk|1\n|turn|4\n|inactive|BBNate4 has 30 seconds left.\n|\n|t:|1788377791\n|switch|p2b: Meowscarada|Meowscarada, L50, M|100/100\n|move|p1a: Steelix|Wide Guard|p1a: Steelix\n|-singleturn|p1a: Steelix|Wide Guard\n|move|p2a: Raichu|Focus Blast|p1a: Steelix\n|-supereffective|p1a: Steelix|1\n|-damage|p1a: Steelix|0 fnt\n|faint|p1a: Steelix\n|move|p1b: Incineroar|Flare Blitz|p2b: Meowscarada\n|-supereffective|p2b: Meowscarada|1\n|-damage|p2b: Meowscarada|0 fnt\n|faint|p2b: Meowscarada\n|-damage|p1b: Incineroar|63/100|[from] Recoil\n|\n|-weather|Sandstorm|[upkeep]\n|-damage|p2a: Raichu|75/100|[from] Sandstorm\n|-damage|p1b: Incineroar|57/100|[from] Sandstorm\n|upkeep\n|\n|t:|1788377806\n|switch|p2b: Garchomp|Garchomp, L50, M|10/100\n|switch|p1a: Tyranitar|Tyranitar, L50, F|100/100\n|turn|5\n|\n|t:|1788377823\n|move|p2a: Raichu|Protect|p2a: Raichu\n|-singleturn|p2a: Raichu|Protect\n|move|p2b: Garchomp|Earthquake|p1b: Incineroar|[spread] p1a,p1b\n|-activate|p2a: Raichu|move: Protect\n|-supereffective|p1a: Tyranitar|1\n|-supereffective|p1b: Incineroar|1\n|-damage|p1a: Tyranitar|16/100\n|-damage|p1b: Incineroar|0 fnt\n|faint|p1b: Incineroar\n|-damage|p2b: Garchomp|1/100|[from] item: Life Orb\n|move|p1a: Tyranitar|Knock Off|p2a: Raichu\n|-activate|p2a: Raichu|move: Protect\n|\n|-weather|none\n|upkeep\n|turn|6\n|-message|BBNate4 forfeited.\n|\n|win|caramelpainn\n|raw|BBNate4's rating: 1136 &rarr; <strong>1117</strong><br />(-19 for losing)\n|raw|caramelpainn's rating: 1224 &rarr; <strong>1243</strong><br />(+19 for winning)\n|l|☆BBNate4\n|player|p1|\n","uploadtime":1788377832,"views":"15","formatid":"gen9championsvgc2026regmb","rating":1117,"private":0,"password":null}