{"id":"gen9championsvgc2026regmbbo3-2674198212","format":"[Gen 9 Champions] VGC 2026 Reg M-B (Bo3)","players":["glofer","oapals121"],"log":"|j|☆glofer\n|j|☆oapals121\n|html|<table width=\"100%\"><tr><td align=\"left\">glofer</td><td align=\"right\">oapals121</tr><tr><td align=\"left\"><i class=\"fa fa-circle-o\"></i> <i class=\"fa fa-circle-o\"></i> </td><td align=\"right\"><i class=\"fa fa-circle-o\"></i> <i class=\"fa fa-circle\"></i> </tr></table>\n|uhtml|bestof|<h2><strong>Game 2</strong> of <a href=\"/game-bestof3-gen9championsvgc2026regmbbo3-2674197407\">a best-of-3</a></h2>\n|t:|1788314072\n|gametype|doubles\n|player|p1|glofer|hiker-gen4|1060\n|player|p2|oapals121|blue|1095\n|gen|9\n|tier|[Gen 9 Champions] VGC 2026 Reg M-B (Bo3)\n|rated|\n|rule|Species Clause: Limit one of each Pokémon\n|rule|Item Clause: Limit 1 of each item\n|clearpoke\n|poke|p1|Oranguru, L50, F|\n|poke|p1|Meowstic-F, L50, F|\n|poke|p1|Gallade, L50, M|\n|poke|p1|Gardevoir, L50, M|\n|poke|p1|Metagross, L50|\n|poke|p1|Alakazam, L50, M|\n|poke|p2|Venusaur, L50, F|\n|poke|p2|Torkoal, L50, F|\n|poke|p2|Scrafty, L50, M|\n|poke|p2|Farigiraf, L50, F|\n|poke|p2|Pyroar, L50, M|\n|poke|p2|Basculegion, L50, M|\n|teampreview|4\n|showteam|p1|Oranguru||SitrusBerry|InnerFocus|HyperVoice,Instruct,PsychicTerrain,TrickRoom|Sassy||F|||50|]Meowstic-F||Meowsticite|Competitive|ExpandingForce,DarkPulse,Thunderbolt,FakeOut|Timid||F|||50|]Gallade||FocusSash|Sharpness|PsychoCut,SacredSword,NightSlash,Protect|Adamant||M|||50|]Gardevoir||LifeOrb|Telepathy|Psyshock,DazzlingGleam,MysticalFire,Protect|Modest||M|||50|]Metagross||WideLens|ClearBody|ZenHeadbutt,MeteorMash,Earthquake,Protect|Adamant|||||50|]Alakazam||Alakazite|Synchronize|Psychic,ShadowBall,SkillSwap,SpeedSwap|Timid||M|||50|\n|showteam|p2|Venusaur||FocusSash|Chlorophyll|SleepPowder,LeafStorm,SludgeBomb,Protect|Modest||F|||50|]Torkoal||HeatRock|Drought|Protect,HelpingHand,Eruption,WeatherBall|Quiet||F|||50|]Scrafty||Scraftinite|Intimidate|FakeOut,CloseCombat,IcePunch,KnockOff|Adamant||M|||50|]Farigiraf||ColburBerry|ArmorTail|HelpingHand,Psychic,Thunderbolt,TrickRoom|Bold||F|||50|]Pyroar||Pyroarite|Unnerve|Protect,Overheat,HeatWave,SolarBeam|Timid||M|||50|]Basculegion||ChoiceScarf|Adaptability|FlipTurn,LastRespects,AquaJet,WaveCrash|Jolly||M|||50|\n|\n|t:|1788314104\n|teamsize|p1|4\n|teamsize|p2|4\n|start\n|switch|p1a: Meowstic|Meowstic-F, L50, F|100/100\n|switch|p1b: Oranguru|Oranguru, L50, F|100/100\n|switch|p2a: Farigiraf|Farigiraf, L50, F|100/100\n|switch|p2b: Basculegion|Basculegion, L50, M|100/100\n|turn|1\n|\n|t:|1788314138\n|detailschange|p1a: Meowstic|Meowstic-F-Mega, L50, F\n|-mega|p1a: Meowstic|Meowstic|Meowsticite\n|-ability|p1a: Meowstic|Armor Tail|Trace|[from] ability: Trace|[of] p2a: Farigiraf\n|move|p2b: Basculegion|Last Respects|p1a: Meowstic\n|-supereffective|p1a: Meowstic|1\n|-damage|p1a: Meowstic|1/100\n|move|p1a: Meowstic|Dark Pulse|p2b: Basculegion\n|-supereffective|p2b: Basculegion|1\n|-damage|p2b: Basculegion|31/100\n|move|p2a: Farigiraf|Trick Room|p2a: Farigiraf\n|-fieldstart|move: Trick Room|[of] p2a: Farigiraf\n|move|p1b: Oranguru|Trick Room|p1b: Oranguru\n|-fieldend|move: Trick Room\n|\n|upkeep\n|turn|2\n|c|☆oapals121|Is it mono-type for a tournament or just for fun?\n|\n|t:|1788314158\n|move|p2b: Basculegion|Last Respects|p1a: Meowstic\n|-supereffective|p1a: Meowstic|1\n|-damage|p1a: Meowstic|0 fnt\n|faint|p1a: Meowstic\n|move|p1b: Oranguru|Psychic Terrain|p1b: Oranguru\n|-fieldstart|move: Psychic Terrain\n|move|p2a: Farigiraf|Trick Room|p2a: Farigiraf\n|-fieldstart|move: Trick Room|[of] p2a: Farigiraf\n|\n|upkeep\n|\n|t:|1788314171\n|switch|p1a: Gallade|Gallade, L50, M|100/100\n|turn|3\n|\n|t:|1788314190\n|move|p1b: Oranguru|Instruct||[still]\n|-fail|p1b: Oranguru\n|move|p2a: Farigiraf|Psychic|p1a: Gallade\n|-damage|p1a: Gallade|55/100\n|move|p1a: Gallade|Psycho Cut|p2b: Basculegion\n|-damage|p2b: Basculegion|0 fnt\n|faint|p2b: Basculegion\n|\n|upkeep\n|\n|t:|1788314199\n|switch|p2b: Torkoal|Torkoal, L50, F|100/100\n|-weather|SunnyDay|[from] ability: Drought|[of] p2b: Torkoal\n|turn|4\n|\n|t:|1788314205\n|move|p2a: Farigiraf|Helping Hand|p2b: Torkoal\n|-singleturn|p2b: Torkoal|Helping Hand|[of] p2a: Farigiraf\n|move|p1a: Gallade|Protect|p1a: Gallade\n|-singleturn|p1a: Gallade|Protect\n|move|p2b: Torkoal|Eruption|p1a: Gallade|[spread] p1b\n|-activate|p1a: Gallade|move: Protect\n|-damage|p1b: Oranguru|22/100\n|-enditem|p1b: Oranguru|Sitrus Berry|[eat]\n|-heal|p1b: Oranguru|47/100|[from] item: Sitrus Berry\n|move|p1b: Oranguru|Trick Room|p1b: Oranguru\n|-fieldend|move: Trick Room\n|\n|-weather|SunnyDay|[upkeep]\n|upkeep\n|turn|5\n|\n|t:|1788314222\n|move|p1a: Gallade|Night Slash|p2a: Farigiraf\n|-supereffective|p2a: Farigiraf|1\n|-enditem|p2a: Farigiraf|Colbur Berry|[eat]\n|-enditem|p2a: Farigiraf|Colbur Berry|[weaken]\n|-damage|p2a: Farigiraf|66/100\n|move|p1b: Oranguru|Instruct|p1a: Gallade\n|-singleturn|p1a: Gallade|move: Instruct|[of] p1b: Oranguru\n|move|p1a: Gallade|Night Slash|p2a: Farigiraf\n|-supereffective|p2a: Farigiraf|1\n|-damage|p2a: Farigiraf|5/100\n|move|p2b: Torkoal|Weather Ball|p1a: Gallade\n|-damage|p1a: Gallade|0 fnt\n|faint|p1a: Gallade\n|move|p2a: Farigiraf|Trick Room|p2a: Farigiraf\n|-fieldstart|move: Trick Room|[of] p2a: Farigiraf\n|\n|-weather|SunnyDay|[upkeep]\n|upkeep\n|\n|t:|1788314236\n|switch|p1a: Gardevoir|Gardevoir, L50, M|100/100\n|turn|6\n|\n|t:|1788314244\n|move|p2a: Farigiraf|Helping Hand|p2b: Torkoal\n|-singleturn|p2b: Torkoal|Helping Hand|[of] p2a: Farigiraf\n|move|p2b: Torkoal|Eruption|p1a: Gardevoir|[spread] p1a,p1b\n|-crit|p1a: Gardevoir\n|-damage|p1a: Gardevoir|0 fnt\n|-damage|p1b: Oranguru|0 fnt\n|faint|p1a: Gardevoir\n|faint|p1b: Oranguru\n|\n|win|oapals121\n|raw|glofer's rating: 1060 &rarr; <strong>1043</strong><br />(-17 for losing)\n|raw|oapals121's rating: 1095 &rarr; <strong>1118</strong><br />(+23 for winning)\n|l|☆glofer\n|player|p1|\n|c|☆oapals121|gg\n","uploadtime":1788314270,"views":"10","formatid":"gen9championsvgc2026regmbbo3","rating":1043,"private":0,"password":null}