{"id":"gen9championsvgc2026regmbbo3-2673259703","format":"[Gen 9 Champions] VGC 2026 Reg M-B (Bo3)","players":["gerginator","re4pr."],"log":"|j|☆gerginator\n|j|☆re4pr.\n|html|<table width=\"100%\"><tr><td align=\"left\">gerginator</td><td align=\"right\">re4pr.</tr><tr><td align=\"left\"><i class=\"fa fa-circle\"></i> <i class=\"fa fa-circle-o\"></i> </td><td align=\"right\"><i class=\"fa fa-circle-o\"></i> <i class=\"fa fa-circle-o\"></i> </tr></table>\n|uhtml|bestof|<h2><strong>Game 2</strong> of <a href=\"/game-bestof3-gen9championsvgc2026regmbbo3-2673258871\">a best-of-3</a></h2>\n|t:|1788171504\n|gametype|doubles\n|player|p1|gerginator|ghetsis|\n|player|p2|re4pr.|266|\n|gen|9\n|tier|[Gen 9 Champions] VGC 2026 Reg M-B (Bo3)\n|rule|Species Clause: Limit one of each Pokémon\n|rule|Item Clause: Limit 1 of each item\n|clearpoke\n|poke|p1|Sneasler, L50, M|\n|poke|p1|Delphox, L50, F|\n|poke|p1|Sinistcha, L50|\n|poke|p1|Hydreigon, L50, F|\n|poke|p1|Krookodile, L50, M|\n|poke|p1|Toxapex, L50, M|\n|poke|p2|Eelektross, L50, F|\n|poke|p2|Garchomp, L50, F|\n|poke|p2|Gholdengo, L50|\n|poke|p2|Talonflame, L50, M|\n|poke|p2|Mr. Rime, L50, F|\n|poke|p2|Incineroar, L50, F|\n|teampreview|4\n|showteam|p1|Sneasler||WhiteHerb|Unburden|FakeOut,CloseCombat,DireClaw,ThroatChop|Adamant||M|||50|]Delphox||Delphoxite|Blaze|HeatWave,Psychic,ScorchingSands,Protect|Timid||F|||50|]Sinistcha||SitrusBerry|Hospitality|StrengthSap,ShadowBall,MatchaGotcha,RagePowder|Bold|||||50|]Hydreigon||ChoiceScarf|Levitate|DarkPulse,Snarl,DracoMeteor,Tailwind|Modest||F|||50|]Krookodile||ChopleBerry|Intimidate|KnockOff,RockSlide,HighHorsepower,Protect|Jolly||M|||50|]Toxapex||Leftovers|Regenerator|IceBeam,Infestation,Liquidation,BanefulBunker|Relaxed||M|||50|\n|showteam|p2|Eelektross||Eelektrossite|Levitate|Protect,Discharge,Thunderbolt,GrassKnot|Modest||F|||50|]Garchomp||RoseliBerry|RoughSkin|RockSlide,DragonClaw,PoisonJab,Earthquake|Jolly||F|||50|]Gholdengo||LifeOrb|GoodasGold|Protect,ShadowBall,NastyPlot,MakeItRain|Timid|||||50|]Talonflame||Charcoal|GaleWings|Overheat,BraveBird,Tailwind,QuickGuard|Naive||M|||50|]Mr. Rime||FocusSash|ScreenCleaner|FakeOut,IcyWind,HelpingHand,Encore|Timid||F|||50|]Incineroar||SitrusBerry|Intimidate|FakeOut,FlareBlitz,PartingShot,ThroatChop|Careful||F|||50|\n|\n|t:|1788171514\n|teamsize|p1|4\n|teamsize|p2|4\n|start\n|switch|p1a: Sciel|Sneasler, L50, M|100/100\n|switch|p1b: Renoir|Hydreigon, L50, F|100/100\n|switch|p2a: Wiggle Wiggle|Eelektross, L50, F|100/100\n|switch|p2b: America|Talonflame, L50, M|100/100\n|turn|1\n|\n|t:|1788171531\n|detailschange|p2a: Wiggle Wiggle|Eelektross-Mega, L50, F\n|-mega|p2a: Wiggle Wiggle|Eelektross|Eelektrossite\n|move|p2b: America|Quick Guard|p2b: America\n|-singleturn|p2b: America|Quick Guard\n|move|p1a: Sciel|Fake Out|p2b: America\n|-activate|p2b: America|move: Quick Guard\n|move|p1b: Renoir|Snarl|p2a: Wiggle Wiggle|[spread] p2a,p2b\n|-damage|p2a: Wiggle Wiggle|74/100\n|-damage|p2b: America|60/100\n|-unboost|p2a: Wiggle Wiggle|spa|1\n|-unboost|p2b: America|spa|1\n|move|p2a: Wiggle Wiggle|Thunderbolt|p1a: Sciel\n|-damage|p1a: Sciel|52/100\n|\n|upkeep\n|turn|2\n|\n|t:|1788171555\n|switch|p1a: Verso|Krookodile, L50, M|100/100\n|-ability|p1a: Verso|Intimidate|boost\n|-unboost|p2a: Wiggle Wiggle|atk|1\n|-unboost|p2b: America|atk|1\n|switch|p2a: Cheese Strips|Gholdengo, L50|100/100\n|move|p1b: Renoir|Snarl|p2b: America|[spread] p2a,p2b\n|-supereffective|p2a: Cheese Strips|1\n|-damage|p2a: Cheese Strips|50/100g\n|-damage|p2b: America|23/100\n|-unboost|p2a: Cheese Strips|spa|1\n|-unboost|p2b: America|spa|1\n|move|p2b: America|Brave Bird|p1a: Verso\n|-damage|p1a: Verso|69/100\n|-damage|p2b: America|11/100|[from] Recoil\n|\n|upkeep\n|turn|3\n|\n|t:|1788171578\n|move|p1b: Renoir|Snarl|p2a: Cheese Strips|[spread] p2a,p2b\n|-supereffective|p2a: Cheese Strips|1\n|-damage|p2a: Cheese Strips|2/100\n|-damage|p2b: America|0 fnt\n|-unboost|p2a: Cheese Strips|spa|1\n|faint|p2b: America\n|move|p1a: Verso|Knock Off|p2a: Cheese Strips\n|-supereffective|p2a: Cheese Strips|1\n|-damage|p2a: Cheese Strips|0 fnt\n|-enditem|p2a: Cheese Strips|Life Orb|[from] move: Knock Off|[of] p1a: Verso\n|faint|p2a: Cheese Strips\n|\n|upkeep\n|\n|t:|1788171582\n|switch|p2b: Chomper|Garchomp, L50, F|100/100\n|switch|p2a: Wiggle Wiggle|Eelektross-Mega, L50, F|74/100\n|turn|4\n|\n|t:|1788171647\n|switch|p1a: Monoco|Toxapex, L50, M|100/100\n|move|p1b: Renoir|Snarl|p2b: Chomper|[spread] p2a,p2b\n|-crit|p2b: Chomper\n|-damage|p2a: Wiggle Wiggle|47/100\n|-damage|p2b: Chomper|63/100\n|-unboost|p2a: Wiggle Wiggle|spa|1\n|-unboost|p2b: Chomper|spa|1\n|move|p2b: Chomper|Dragon Claw|p1b: Renoir\n|-supereffective|p1b: Renoir|1\n|-damage|p1b: Renoir|20/100y\n|move|p2a: Wiggle Wiggle|Grass Knot|p1a: Monoco\n|-damage|p1a: Monoco|91/100\n|\n|-heal|p1a: Monoco|97/100|[from] item: Leftovers\n|upkeep\n|turn|5\n|\n|t:|1788171667\n|move|p1b: Renoir|Snarl|p2b: Chomper|[spread] p2a,p2b\n|-crit|p2a: Wiggle Wiggle\n|-damage|p2a: Wiggle Wiggle|9/100\n|-damage|p2b: Chomper|41/100\n|-unboost|p2a: Wiggle Wiggle|spa|1\n|-unboost|p2b: Chomper|spa|1\n|move|p2b: Chomper|Rock Slide|p1b: Renoir|[spread] p1a,p1b\n|-damage|p1a: Monoco|85/100\n|-damage|p1b: Renoir|1/100\n|move|p2a: Wiggle Wiggle|Discharge|p1a: Monoco|[spread] p1a,p1b\n|-immune|p2b: Chomper\n|-supereffective|p1a: Monoco|1\n|-resisted|p1b: Renoir|1\n|-damage|p1a: Monoco|58/100\n|-damage|p1b: Renoir|0 fnt\n|faint|p1b: Renoir\n|-ability|p2a: Wiggle Wiggle|Eelevate|boost\n|-boost|p2a: Wiggle Wiggle|spa|1\n|cant|p1a: Monoco|flinch\n|\n|-heal|p1a: Monoco|64/100|[from] item: Leftovers\n|upkeep\n|\n|t:|1788171689\n|switch|p1b: Verso|Krookodile, L50, M|69/100\n|-ability|p1b: Verso|Intimidate|boost\n|-unboost|p2a: Wiggle Wiggle|atk|1\n|-unboost|p2b: Chomper|atk|1\n|turn|6\n|\n|t:|1788171700\n|move|p2b: Chomper|Earthquake|p1b: Verso|[spread] p1a,p1b\n|-immune|p2a: Wiggle Wiggle|[from] ability: Eelevate\n|-supereffective|p1a: Monoco|1\n|-damage|p1a: Monoco|32/100\n|-damage|p1b: Verso|41/100\n|move|p1b: Verso|Rock Slide|p2b: Chomper|[spread] p2a,p2b\n|-resisted|p2b: Chomper|1\n|-damage|p2a: Wiggle Wiggle|0 fnt\n|-damage|p2b: Chomper|34/100\n|faint|p2a: Wiggle Wiggle\n|move|p1a: Monoco|Ice Beam|p2b: Chomper\n|-supereffective|p2b: Chomper|2\n|-damage|p2b: Chomper|0 fnt\n|faint|p2b: Chomper\n|\n|win|gerginator\n|c|☆gerginator|ggs\n|c|☆re4pr.|Gg\n|l|☆re4pr.\n|player|p2|\n","uploadtime":1788171733,"views":"9","formatid":"gen9championsvgc2026regmbbo3","rating":null,"private":0,"password":null}