{"id":"gen9championsvgc2026regmb-2674225370","format":"[Gen 9 Champions] VGC 2026 Reg M-B","players":["RedVersion643","Gibbermish!"],"log":"|j|☆RedVersion643\n|j|☆Gibbermish!\n|html|<table width=\"100%\"><tr><td align=\"left\">RedVersion643</td><td align=\"right\">Gibbermish!</tr><tr><td align=\"left\"><i class=\"fa fa-circle-o\"></i> <i class=\"fa fa-circle-o\"></i> </td><td align=\"right\"><i class=\"fa fa-circle-o\"></i> <i class=\"fa fa-circle\"></i> </tr></table>\n|uhtml|bestof|<h2><strong>Game 2</strong> of <a href=\"/game-bestof3-gen9championsvgc2026regmb-2674224370\">a best-of-3</a></h2>\n|t:|1788318535\n|gametype|doubles\n|player|p1|RedVersion643|blue-masters2|\n|player|p2|Gibbermish!|leon-tower|\n|gen|9\n|tier|[Gen 9 Champions] VGC 2026 Reg M-B\n|rated|Tournament battle\n|rule|Species Clause: Limit one of each Pokémon\n|rule|Item Clause: Limit 1 of each item\n|raw|<div class=\"infobox\"><details class=\"readmore\" open><summary><strong>2 custom rules:</strong></summary> Force Open Team Sheets, Best of = 3</details></div>\n|clearpoke\n|poke|p1|Charizard, L50, F|\n|poke|p1|Venusaur, L50, F|\n|poke|p1|Whimsicott, L50, M|\n|poke|p1|Farigiraf, L50, F|\n|poke|p1|Sylveon, L50, F|\n|poke|p1|Lycanroc-Dusk, L50, F|\n|poke|p2|Whimsicott, L50, F|\n|poke|p2|Basculegion, L50, M|\n|poke|p2|Kingambit, L50, F|\n|poke|p2|Floette-Eternal, L50, F|\n|poke|p2|Garchomp, L50, F|\n|poke|p2|Charizard, L50, M|\n|teampreview|4\n|showteam|p1|Charizard||CharizarditeY|Blaze|HeatWave,WeatherBall,SolarBeam,Protect|Timid||F|||50|]Venusaur||WideLens|Chlorophyll|GigaDrain,WeatherBall,SleepPowder,SludgeBomb|Modest||F|||50|]Whimsicott||FocusSash|Prankster|Tailwind,Protect,Encore,Moonblast|Bold||M|||50|]Farigiraf||SitrusBerry|ArmorTail|TwinBeam,TrickRoom,DazzlingGleam,Protect|Quiet||F|||50|]Sylveon||FairyFeather|Pixilate|HyperVoice,WeatherBall,Psychic,Protect|Modest||F|||50|]Lycanroc-Dusk||HardStone|ToughClaws|Accelerock,RockSlide,BrickBreak,Protect|Jolly||F|||50|\n|showteam|p2|Whimsicott||FocusSash|Prankster|Protect,Moonblast,Tailwind,Encore|Timid||F|||50|]Basculegion||MysticWater|Adaptability|WaveCrash,Protect,LastRespects,AquaJet|Adamant||M|||50|]Kingambit||ChopleBerry|Defiant|KowtowCleave,LowKick,SuckerPunch,IronHead|Adamant||F|||50|]Floette-Eternal||Floettite|FlowerVeil|DazzlingGleam,Moonblast,LightofRuin,Protect|Timid||F|||50|]Garchomp||LifeOrb|RoughSkin|Protect,Earthquake,DragonClaw,RockSlide|Jolly||F|||50|]Charizard||CharizarditeY|Blaze|HeatWave,SolarBeam,WeatherBall,Protect|Modest||M|||50|\n|inactive|Battle timer is ON: inactive players will automatically lose when time's up. (requested by RedVersion643)\n|inactive|Gibbermish! also wants the timer to be on.\n|inactive|RedVersion643 has 60 seconds left.\n|\n|t:|1788318571\n|teamsize|p1|4\n|teamsize|p2|4\n|start\n|switch|p1a: Supersonic|Lycanroc-Dusk, L50, F|100/100\n|switch|p1b: Pretty Fly|Whimsicott, L50, M|100/100\n|switch|p2a: Charizard|Charizard, L50, M|100/100\n|switch|p2b: Whimsicott|Whimsicott, L50, F|100/100\n|turn|1\n|inactive|Gibbermish! has 30 seconds left.\n|\n|t:|1788318605\n|switch|p2a: Garchomp|Garchomp, L50, F|100/100\n|move|p2b: Whimsicott|Tailwind|p2b: Whimsicott\n|-sidestart|p2: Gibbermish!|move: Tailwind\n|move|p1b: Pretty Fly|Tailwind|p1b: Pretty Fly\n|-sidestart|p1: RedVersion643|move: Tailwind\n|move|p1a: Supersonic|Rock Slide|p2b: Whimsicott|[spread] p2a,p2b\n|-resisted|p2a: Garchomp|1\n|-damage|p2a: Garchomp|85/100\n|-damage|p2b: Whimsicott|49/100\n|\n|upkeep\n|turn|2\n|\n|t:|1788318621\n|move|p1a: Supersonic|Protect|p1a: Supersonic\n|-singleturn|p1a: Supersonic|Protect\n|move|p2b: Whimsicott|Encore|p1b: Pretty Fly\n|-start|p1b: Pretty Fly|Encore\n|move|p1b: Pretty Fly|Tailwind||[still]\n|-fail|p1b: Pretty Fly\n|move|p2a: Garchomp|Earthquake|p1a: Supersonic|[spread] p2b,p1b\n|-activate|p1a: Supersonic|move: Protect\n|-resisted|p2b: Whimsicott|1\n|-crit|p2b: Whimsicott\n|-resisted|p1b: Pretty Fly|1\n|-damage|p2b: Whimsicott|0 fnt\n|-damage|p1b: Pretty Fly|79/100\n|faint|p2b: Whimsicott\n|-damage|p2a: Garchomp|75/100|[from] item: Life Orb\n|\n|upkeep\n|\n|t:|1788318630\n|switch|p2b: Basculegion|Basculegion, L50, M|100/100\n|turn|3\n|\n|t:|1788318649\n|switch|p1a: Basket Case|Venusaur, L50, F|100/100\n|move|p1b: Pretty Fly|Tailwind||[still]\n|-fail|p1b: Pretty Fly\n|move|p2b: Basculegion|Aqua Jet|p1a: Basket Case\n|-resisted|p1a: Basket Case|1\n|-damage|p1a: Basket Case|80/100\n|move|p2a: Garchomp|Rock Slide|p1b: Pretty Fly|[spread] p1a,p1b\n|-damage|p1a: Basket Case|44/100\n|-damage|p1b: Pretty Fly|59/100\n|-damage|p2a: Garchomp|66/100|[from] item: Life Orb\n|\n|upkeep\n|turn|4\n|\n|t:|1788318669\n|move|p1b: Pretty Fly|Tailwind||[still]\n|-fail|p1b: Pretty Fly\n|move|p2a: Garchomp|Rock Slide|p1a: Basket Case|[spread] p1a,p1b\n|-crit|p1b: Pretty Fly\n|-damage|p1a: Basket Case|11/100\n|-damage|p1b: Pretty Fly|24/100\n|-damage|p2a: Garchomp|56/100|[from] item: Life Orb\n|move|p1a: Basket Case|Sleep Powder|p2b: Basculegion\n|-status|p2b: Basculegion|slp|[from] move: Sleep Powder\n|cant|p2b: Basculegion|slp\n|\n|-end|p1b: Pretty Fly|Encore\n|-sideend|p2: Gibbermish!|move: Tailwind\n|-sideend|p1: RedVersion643|move: Tailwind\n|upkeep\n|turn|5\n|\n|t:|1788318691\n|move|p1b: Pretty Fly|Tailwind|p1b: Pretty Fly\n|-sidestart|p1: RedVersion643|move: Tailwind\n|cant|p2b: Basculegion|slp\n|move|p1a: Basket Case|Sleep Powder|p2a: Garchomp\n|-status|p2a: Garchomp|slp|[from] move: Sleep Powder\n|cant|p2a: Garchomp|slp\n|\n|upkeep\n|turn|6\n|\n|t:|1788318702\n|-curestatus|p2b: Basculegion|slp|[msg]\n|move|p2b: Basculegion|Aqua Jet|p1a: Basket Case\n|-resisted|p1a: Basket Case|1\n|-damage|p1a: Basket Case|0 fnt\n|faint|p1a: Basket Case\n|move|p1b: Pretty Fly|Moonblast|p2a: Garchomp\n|-supereffective|p2a: Garchomp|1\n|-damage|p2a: Garchomp|0 fnt\n|faint|p2a: Garchomp\n|\n|upkeep\n|j| TG511\n|j| TheOneAndOnlyChat\n|\n|t:|1788318712\n|switch|p2a: Charizard|Charizard, L50, M|100/100\n|switch|p1a: Teen Spirit|Charizard, L50, F|100/100\n|turn|7\n|j| NintendoNed\n|\n|t:|1788318737\n|detailschange|p1a: Teen Spirit|Charizard-Mega-Y, L50, F\n|-mega|p1a: Teen Spirit|Charizard|Charizardite Y\n|-weather|SunnyDay|[from] ability: Drought|[of] p1a: Teen Spirit\n|detailschange|p2a: Charizard|Charizard-Mega-Y, L50, M\n|-mega|p2a: Charizard|Charizard|Charizardite Y\n|move|p1b: Pretty Fly|Protect|p1b: Pretty Fly\n|-singleturn|p1b: Pretty Fly|Protect\n|move|p1a: Teen Spirit|Solar Beam||[still]\n|-prepare|p1a: Teen Spirit|Solar Beam\n|-anim|p1a: Teen Spirit|Solar Beam|p2b: Basculegion\n|-supereffective|p2b: Basculegion|1\n|-damage|p2b: Basculegion|2/100\n|move|p2b: Basculegion|Last Respects|p1a: Teen Spirit\n|-damage|p1a: Teen Spirit|0 fnt\n|faint|p1a: Teen Spirit\n|move|p2a: Charizard|Heat Wave|p1b: Pretty Fly\n|-activate|p1b: Pretty Fly|move: Protect\n|\n|-weather|SunnyDay|[upkeep]\n|upkeep\n|\n|t:|1788318752\n|switch|p1a: Supersonic|Lycanroc-Dusk, L50, F|100/100\n|turn|8\n|\n|t:|1788318764\n|move|p2a: Charizard|Protect|p2a: Charizard\n|-singleturn|p2a: Charizard|Protect\n|move|p1a: Supersonic|Accelerock|p2b: Basculegion\n|-damage|p2b: Basculegion|0 fnt\n|faint|p2b: Basculegion\n|move|p1b: Pretty Fly|Moonblast|p2a: Charizard\n|-activate|p2a: Charizard|move: Protect\n|\n|-weather|SunnyDay|[upkeep]\n|-sideend|p1: RedVersion643|move: Tailwind\n|upkeep\n|turn|9\n|\n|t:|1788318775\n|move|p1a: Supersonic|Accelerock|p2a: Charizard\n|-supereffective|p2a: Charizard|2\n|-damage|p2a: Charizard|0 fnt\n|faint|p2a: Charizard\n|\n|win|RedVersion643\n||Gibbermish! is ready for game 3.\n","uploadtime":1788318782,"views":"0","formatid":"gen9championsvgc2026regmb","rating":null,"private":0,"password":null}