{"id":"gen9championsvgc2026regmb-2674038782","format":"[Gen 9 Champions] VGC 2026 Reg M-B","players":["iceberg149","Yveltql"],"log":"|j|☆iceberg149\n|j|☆Yveltql\n|html|<table width=\"100%\"><tr><td align=\"left\">iceberg149</td><td align=\"right\">Yveltql</tr><tr><td align=\"left\"><i class=\"fa fa-circle\"></i> <i class=\"fa fa-circle-o\"></i> </td><td align=\"right\"><i class=\"fa fa-circle-o\"></i> <i class=\"fa fa-circle\"></i> </tr></table>\n|uhtml|bestof|<h2><strong>Game 3</strong> of <a href=\"/game-bestof3-gen9championsvgc2026regmb-2674028350\">a best-of-3</a></h2>\n|t:|1788291249\n|gametype|doubles\n|player|p1|iceberg149|ethan|\n|player|p2|Yveltql|ghetsis|\n|gen|9\n|tier|[Gen 9 Champions] VGC 2026 Reg M-B\n|rule|Species Clause: Limit one of each Pokémon\n|rule|Item Clause: Limit 1 of each item\n|raw|<div class=\"infobox\"><details class=\"readmore\" open><summary><strong>1 custom rule:</strong></summary> Best of = 3</details></div>\n|clearpoke\n|poke|p1|Staraptor, L50, F, shiny|\n|poke|p1|Gholdengo, L50, shiny|\n|poke|p1|Maushold-Four, L50, shiny|\n|poke|p1|Meowstic, L50, M|\n|poke|p1|Raichu, L50, F|\n|poke|p1|Rotom-Frost, L50, shiny|\n|poke|p2|Archaludon, L50, M, shiny|\n|poke|p2|Basculegion, L50, M, shiny|\n|poke|p2|Pelipper, L50, M, shiny|\n|poke|p2|Swampert, L50, F, shiny|\n|poke|p2|Jolteon, L50, F, shiny|\n|poke|p2|Espathra, L50, M, shiny|\n|teampreview|4\n|j| Chris V9\niceberg149 rejected open team sheets.\n|j| DarkeKnight\n|\n|t:|1788291400\n|teamsize|p1|4\n|teamsize|p2|4\n|start\n|switch|p1a: All Might|Gholdengo, L50, shiny|100/100\n|switch|p1b: Gojo & Geto|Maushold-Four, L50, shiny|100/100\n|switch|p2a: Red + White|Swampert, L50, F, shiny|100/100\n|switch|p2b: ChaCha Real Smooth|Jolteon, L50, F, shiny|100/100\n|turn|1\n|\n|t:|1788291486\n|detailschange|p2a: Red + White|Swampert-Mega, L50, F, shiny\n|-mega|p2a: Red + White|Swampert|Swampertite\n|move|p2b: ChaCha Real Smooth|Electroweb|p1b: Gojo & Geto|[spread] p1a,p1b\n|-damage|p1a: All Might|82/100\n|-damage|p1b: Gojo & Geto|73/100\n|-unboost|p1a: All Might|spe|1\n|-unboost|p1b: Gojo & Geto|spe|1\n|move|p2a: Red + White|Earthquake|p1a: All Might|[spread] p2b,p1a,p1b\n|-supereffective|p2b: ChaCha Real Smooth|1\n|-supereffective|p1a: All Might|1\n|-enditem|p2b: ChaCha Real Smooth|Focus Sash\n|-damage|p2b: ChaCha Real Smooth|1/100\n|-damage|p1a: All Might|5/100\n|-damage|p1b: Gojo & Geto|20/100y\n|move|p1b: Gojo & Geto|Charm|p2a: Red + White\n|-unboost|p2a: Red + White|atk|2\n|move|p1a: All Might|Shadow Ball|p2a: Red + White\n|-damage|p2a: Red + White|52/100\n|-unboost|p2a: Red + White|spd|1\n|\n|upkeep\n|turn|2\n|\n|t:|1788291647\n|switch|p2a: Its Raining Men|Pelipper, L50, M, shiny|100/100\n|-weather|RainDance|[from] ability: Drizzle|[of] p2a: Its Raining Men\n|move|p2b: ChaCha Real Smooth|Electroweb|p1a: All Might|[spread] p1a,p1b\n|-damage|p1a: All Might|0 fnt\n|-damage|p1b: Gojo & Geto|0 fnt\n|faint|p1a: All Might\n|faint|p1b: Gojo & Geto\n|\n|-weather|RainDance|[upkeep]\n|upkeep\n|\n|t:|1788291654\n|switch|p1b: Ren|Rotom-Frost, L50, shiny|100/100\n|switch|p1a: Shoto|Staraptor, L50, F, shiny|100/100\n|-ability|p1a: Shoto|Intimidate|boost\n|-unboost|p2a: Its Raining Men|atk|1\n|-unboost|p2b: ChaCha Real Smooth|atk|1\n|turn|3\n|\n|t:|1788291680\n|detailschange|p1a: Shoto|Staraptor-Mega, L50, F, shiny\n|-mega|p1a: Shoto|Staraptor|Staraptite\n|move|p2b: ChaCha Real Smooth|Electroweb|p1a: Shoto|[spread] p1a,p1b\n|-supereffective|p1a: Shoto|1\n|-resisted|p1b: Ren|1\n|-damage|p1a: Shoto|43/100\n|-damage|p1b: Ren|86/100\n|-boost|p1a: Shoto|spe|1\n|-unboost|p1b: Ren|spe|1\n|move|p1a: Shoto|Tailwind|p1a: Shoto\n|-sidestart|p1: iceberg149|move: Tailwind\n|move|p1b: Ren|Dark Pulse|p2b: ChaCha Real Smooth\n|-damage|p2b: ChaCha Real Smooth|0 fnt\n|faint|p2b: ChaCha Real Smooth\n|move|p2a: Its Raining Men|Hurricane|p1a: Shoto\n|-supereffective|p1a: Shoto|1\n|-damage|p1a: Shoto|0 fnt\n|faint|p1a: Shoto\n|\n|-weather|RainDance|[upkeep]\n|upkeep\n|\n|t:|1788291697\n|switch|p2b: Brooklyn Bridge|Archaludon, L50, M, shiny|100/100\n|turn|4\n|l| Chris V9\n|\n|t:|1788291745\n|move|p2a: Its Raining Men|Helping Hand|p2b: Brooklyn Bridge\n|-singleturn|p2b: Brooklyn Bridge|Helping Hand|[of] p2a: Its Raining Men\n|move|p1b: Ren|Electroweb|p2a: Its Raining Men|[spread] p2a,p2b\n|-supereffective|p2a: Its Raining Men|2\n|-resisted|p2b: Brooklyn Bridge|1\n|-damage|p2a: Its Raining Men|0 fnt\n|-damage|p2b: Brooklyn Bridge|85/100\n|-unboost|p2b: Brooklyn Bridge|spe|1\n|faint|p2a: Its Raining Men\n|move|p2b: Brooklyn Bridge|Electro Shot||[still]\n|-prepare|p2b: Brooklyn Bridge|Electro Shot\n|-boost|p2b: Brooklyn Bridge|spa|1\n|-anim|p2b: Brooklyn Bridge|Electro Shot|p1b: Ren\n|-resisted|p1b: Ren|1\n|-damage|p1b: Ren|24/100\n|\n|-weather|RainDance|[upkeep]\n|upkeep\n|\n|t:|1788291759\n|switch|p2a: Red + White|Swampert-Mega, L50, F, shiny|52/100\n|turn|5\n|\n|t:|1788291763\n|move|p2a: Red + White|Protect|p2a: Red + White\n|-singleturn|p2a: Red + White|Protect\n|move|p1b: Ren|Dark Pulse|p2b: Brooklyn Bridge\n|-damage|p2b: Brooklyn Bridge|49/100\n|cant|p2b: Brooklyn Bridge|flinch\n|\n|-weather|RainDance|[upkeep]\n|upkeep\n|turn|6\n|\n|t:|1788291775\n|move|p2a: Red + White|Wave Crash|p1b: Ren\n|-damage|p1b: Ren|0 fnt\n|faint|p1b: Ren\n|-damage|p2a: Red + White|46/100|[from] Recoil\n|\n|win|Yveltql\n|c|☆iceberg149|gg\n|l|☆iceberg149\n|player|p1|\n|c|☆Yveltql|gg\n|l| DarkeKnight\n","uploadtime":1788291868,"views":"3","formatid":"gen9championsvgc2026regmb","rating":null,"private":0,"password":null}