{"id":"gen9championsvgc2026regmbbo3-2674576474","format":"[Gen 9 Champions] VGC 2026 Reg M-B (Bo3)","players":["ElPanaElfo","soulo333"],"log":"|j|☆ElPanaElfo\n|j|☆soulo333\n|html|<table width=\"100%\"><tr><td align=\"left\">ElPanaElfo</td><td align=\"right\">soulo333</tr><tr><td align=\"left\"><i class=\"fa fa-circle\"></i> <i class=\"fa fa-circle-o\"></i> </td><td align=\"right\"><i class=\"fa fa-circle-o\"></i> <i class=\"fa fa-circle\"></i> </tr></table>\n|uhtml|bestof|<h2><strong>Game 3</strong> of <a href=\"/game-bestof3-gen9championsvgc2026regmbbo3-2674570973\">a best-of-3</a></h2>\n|t:|1788375887\n|gametype|doubles\n|player|p1|ElPanaElfo|striker|1073\n|player|p2|soulo333|169|1151\n|gen|9\n|tier|[Gen 9 Champions] VGC 2026 Reg M-B (Bo3)\n|rated|\n|rule|Species Clause: Limit one of each Pokémon\n|rule|Item Clause: Limit 1 of each item\n|clearpoke\n|poke|p1|Scovillain, L50, M|\n|poke|p1|Froslass, L50, F|\n|poke|p1|Basculegion, L50, M|\n|poke|p1|Kingambit, L50, F|\n|poke|p1|Lycanroc-Dusk, L50, F|\n|poke|p1|Sneasler, L50, M|\n|poke|p2|Staraptor, L50, M|\n|poke|p2|Arcanine-Hisui, L50, M|\n|poke|p2|Kingambit, L50, M|\n|poke|p2|Sylveon, L50, M, shiny|\n|poke|p2|Raichu, L50, M|\n|poke|p2|Farigiraf, L50, F|\n|teampreview|4\n|showteam|p1|Scovillain||Scovillainite|Moody|Overheat,GigaDrain,RagePowder,Protect|Modest||M|||50|]Froslass||Froslassite|CursedBody|Blizzard,AuroraVeil,ShadowBall,Protect|Timid||F|||50|]Basculegion||LifeOrb|Adaptability|LastRespects,AquaJet,WaveCrash,Protect|Adamant||M|||50|]Kingambit||BlackGlasses|Defiant|KowtowCleave,IronHead,SwordsDance,SuckerPunch|Adamant||F|||50|]Lycanroc-Dusk||FocusSash|ToughClaws|Accelerock,RockSlide,CloseCombat,Protect|Adamant||F|||50|]Sneasler||WhiteHerb|Unburden|CloseCombat,DireClaw,FakeOut,Protect|Adamant||M|||50|\n|showteam|p2|Staraptor||Staraptite|Intimidate|DualWingbeat,CloseCombat,Tailwind,Protect|Jolly||M|||50|]Arcanine-Hisui||FocusSash|RockHead|FlareBlitz,HeadSmash,ExtremeSpeed,Protect|Jolly||M|||50|]Kingambit||LifeOrb|Defiant|KowtowCleave,SuckerPunch,SwordsDance,Protect|Adamant||M|||50|]Sylveon||FairyFeather|Pixilate|HyperVoice,HyperBeam,QuickAttack,Detect|Modest||M|||50|]Raichu||RaichuniteY|LightningRod|ZapCannon,FocusBlast,FakeOut,Protect|Timid||M|||50|]Farigiraf||SitrusBerry|ArmorTail|Psychic,HelpingHand,TrickRoom,Protect|Calm||F|||50|\n|\n|t:|1788375926\n|teamsize|p1|4\n|teamsize|p2|4\n|start\n|switch|p1a: Sneasler|Sneasler, L50, M|100/100\n|switch|p1b: Kingambit|Kingambit, L50, F|100/100\n|switch|p2a: Celeste|Staraptor, L50, M|100/100\n|switch|p2b: Arcanine|Arcanine-Hisui, L50, M|100/100\n|-ability|p2a: Celeste|Intimidate|boost\n|-unboost|p1a: Sneasler|atk|1\n|-unboost|p1b: Kingambit|atk|1\n|-ability|p1b: Kingambit|Defiant|boost\n|-boost|p1b: Kingambit|atk|2\n|-enditem|p1a: Sneasler|White Herb\n|-clearnegativeboost|p1a: Sneasler|[silent]\n|turn|1\n|j| FBISurveillanceMan\n|\n|t:|1788375971\n|detailschange|p2a: Celeste|Staraptor-Mega, L50, M\n|-mega|p2a: Celeste|Staraptor|Staraptite\n|move|p1b: Kingambit|Sucker Punch|p2b: Arcanine\n|-damage|p2b: Arcanine|11/100\n|move|p1a: Sneasler|Close Combat|p2b: Arcanine\n|-supereffective|p2b: Arcanine|1\n|-damage|p2b: Arcanine|0 fnt\n|-unboost|p1a: Sneasler|def|1\n|-unboost|p1a: Sneasler|spd|1\n|faint|p2b: Arcanine\n|move|p2a: Celeste|Tailwind|p2a: Celeste\n|-sidestart|p2: soulo333|move: Tailwind\n|\n|upkeep\n|\n|t:|1788375981\n|switch|p2b: Sylveon|Sylveon, L50, M, shiny|100/100\n|turn|2\n|\n|t:|1788376013\n|switch|p1b: Basculegion|Basculegion, L50, M|100/100\n|move|p1a: Sneasler|Protect|p1a: Sneasler\n|-singleturn|p1a: Sneasler|Protect\n|move|p2b: Sylveon|Detect|p2b: Sylveon\n|-singleturn|p2b: Sylveon|Protect\n|move|p2a: Celeste|Close Combat|p1a: Sneasler\n|-activate|p1a: Sneasler|move: Protect\n|\n|upkeep\n|turn|3\n|\n|t:|1788376034\n|switch|p2b: Kingambit|Kingambit, L50, M|100/100\n|move|p2a: Celeste|Close Combat|p1a: Sneasler\n|-resisted|p1a: Sneasler|1\n|-damage|p1a: Sneasler|27/100\n|-boost|p2a: Celeste|def|1\n|-boost|p2a: Celeste|spd|1\n|move|p1a: Sneasler|Dire Claw|p2b: Kingambit\n|-immune|p2b: Kingambit\n|move|p1b: Basculegion|Wave Crash|p2a: Celeste\n|-damage|p2a: Celeste|28/100\n|-damage|p1b: Basculegion|81/100|[from] Recoil\n|-damage|p1b: Basculegion|71/100|[from] item: Life Orb\n|\n|upkeep\n|turn|4\n|\n|t:|1788376063\n|move|p2a: Celeste|Protect|p2a: Celeste\n|-singleturn|p2a: Celeste|Protect\n|move|p1a: Sneasler|Protect|p1a: Sneasler\n|-singleturn|p1a: Sneasler|Protect\n|move|p2b: Kingambit|Sucker Punch||[still]\n|-fail|p2b: Kingambit\n|move|p1b: Basculegion|Wave Crash|p2a: Celeste\n|-activate|p2a: Celeste|move: Protect\n|\n|-sideend|p2: soulo333|move: Tailwind\n|upkeep\n|turn|5\n|\n|t:|1788376078\n|move|p1b: Basculegion|Protect|p1b: Basculegion\n|-singleturn|p1b: Basculegion|Protect\n|move|p2b: Kingambit|Sucker Punch|p1a: Sneasler\n|-resisted|p1a: Sneasler|1\n|-damage|p1a: Sneasler|0 fnt\n|faint|p1a: Sneasler\n|-damage|p2b: Kingambit|90/100|[from] item: Life Orb\n|move|p2a: Celeste|Tailwind|p2a: Celeste\n|-sidestart|p2: soulo333|move: Tailwind\n|\n|upkeep\n|\n|t:|1788376088\n|switch|p1a: Froslass|Froslass, L50, F|100/100\n|turn|6\n|\n|t:|1788376115\n|detailschange|p1a: Froslass|Froslass-Mega, L50, F\n|-mega|p1a: Froslass|Froslass|Froslassite\n|-weather|Snowscape|[from] ability: Snow Warning|[of] p1a: Froslass\n|move|p1a: Froslass|Protect|p1a: Froslass\n|-singleturn|p1a: Froslass|Protect\n|move|p2a: Celeste|Dual Wingbeat|p1a: Froslass\n|-activate|p1a: Froslass|move: Protect\n|move|p2b: Kingambit|Kowtow Cleave|p1b: Basculegion\n|-supereffective|p1b: Basculegion|1\n|-damage|p1b: Basculegion|0 fnt\n|faint|p1b: Basculegion\n|-damage|p2b: Kingambit|80/100|[from] item: Life Orb\n|\n|-weather|Snowscape|[upkeep]\n|upkeep\n|\n|t:|1788376128\n|switch|p1b: Kingambit|Kingambit, L50, F|100/100\n|turn|7\n|\n|t:|1788376159\n|move|p1b: Kingambit|Sucker Punch|p2a: Celeste\n|-resisted|p2a: Celeste|1\n|-damage|p2a: Celeste|12/100\n|move|p2a: Celeste|Close Combat|p1b: Kingambit\n|-supereffective|p1b: Kingambit|2\n|-damage|p1b: Kingambit|0 fnt\n|-boost|p2a: Celeste|def|1\n|-boost|p2a: Celeste|spd|1\n|faint|p1b: Kingambit\n|move|p1a: Froslass|Blizzard|p2a: Celeste|[spread] p2a,p2b\n|-supereffective|p2a: Celeste|1\n|-resisted|p2b: Kingambit|1\n|-damage|p2a: Celeste|0 fnt\n|-damage|p2b: Kingambit|57/100\n|faint|p2a: Celeste\n|move|p2b: Kingambit|Swords Dance|p2b: Kingambit\n|-boost|p2b: Kingambit|atk|2\n|\n|-weather|Snowscape|[upkeep]\n|upkeep\n|\n|t:|1788376164\n|switch|p2a: Sylveon|Sylveon, L50, M, shiny|100/100\n|turn|8\n|\n|t:|1788376176\n|move|p2a: Sylveon|Quick Attack|p1a: Froslass\n|-damage|p1a: Froslass|83/100\n|move|p1a: Froslass|Aurora Veil|p1a: Froslass\n|-sidestart|p1: ElPanaElfo|move: Aurora Veil\n|move|p2b: Kingambit|Kowtow Cleave|p1a: Froslass\n|-supereffective|p1a: Froslass|1\n|-damage|p1a: Froslass|0 fnt\n|faint|p1a: Froslass\n|-damage|p2b: Kingambit|47/100|[from] item: Life Orb\n|\n|win|soulo333\n|raw|ElPanaElfo's rating: 1073 &rarr; <strong>1057</strong><br />(-16 for losing)\n|raw|soulo333's rating: 1151 &rarr; <strong>1170</strong><br />(+19 for winning)\n","uploadtime":1788376176,"views":"0","formatid":"gen9championsvgc2026regmbbo3","rating":1057,"private":0,"password":null}