{"id":"gen9championsvgc2026regmb-2674636959","format":"[Gen 9 Champions] VGC 2026 Reg M-B","players":["xcrzsqqqq","entrenador batimix"],"log":"|j|☆xcrzsqqqq\n|j|☆entrenador batimix\n|t:|1788383322\n|gametype|doubles\n|player|p1|xcrzsqqqq|1|1087\n|player|p2|entrenador batimix|depotagent|1075\n|gen|9\n|tier|[Gen 9 Champions] VGC 2026 Reg M-B\n|rated|\n|rule|Species Clause: Limit one of each Pokémon\n|rule|Item Clause: Limit 1 of each item\n|clearpoke\n|poke|p1|Milotic, L50, M|\n|poke|p1|Garchomp, L50, M|\n|poke|p1|Chandelure, L50, M|\n|poke|p1|Sinistcha, L50|\n|poke|p1|Sneasler, L50, M|\n|poke|p1|Metagross, L50|\n|poke|p2|Scrafty, L50, M|\n|poke|p2|Alakazam, L50, M|\n|poke|p2|Clefable, L50, F|\n|poke|p2|Milotic, L50, F, shiny|\n|poke|p2|Kangaskhan, L50, F|\n|poke|p2|Manectric, L50, M|\n|teampreview|4\n|\n|t:|1788383340\n|teamsize|p1|4\n|teamsize|p2|4\n|start\n|switch|p1a: Sneasler|Sneasler, L50, M|100/100\n|switch|p1b: Sinistcha|Sinistcha, L50|100/100\n|switch|p2a: Scrafty|Scrafty, L50, M|100/100\n|switch|p2b: Alakazam|Alakazam, L50, M|100/100\n|-ability|p2a: Scrafty|Intimidate|boost\n|-unboost|p1a: Sneasler|atk|1\n|-unboost|p1b: Sinistcha|atk|1\n|turn|1\n|\n|t:|1788383361\n|detailschange|p2a: Scrafty|Scrafty-Mega, L50, M\n|-mega|p2a: Scrafty|Scrafty|Scraftinite\n|-ability|p2a: Scrafty|Intimidate|boost\n|-unboost|p1a: Sneasler|atk|1\n|-unboost|p1b: Sinistcha|atk|1\n|move|p1a: Sneasler|Fake Out|p2b: Alakazam\n|-damage|p2b: Alakazam|82/100\n|move|p2b: Alakazam|Psychic|p1a: Sneasler\n|-supereffective|p1a: Sneasler|2\n|-enditem|p1a: Sneasler|Focus Sash\n|-damage|p1a: Sneasler|1/100\n|move|p1b: Sinistcha|Matcha Gotcha|p2b: Alakazam|[spread] p2a,p2b\n|-crit|p2b: Alakazam\n|-damage|p2a: Scrafty|82/100\n|-damage|p2b: Alakazam|27/100\n|move|p2a: Scrafty|Swords Dance|p2a: Scrafty\n|-boost|p2a: Scrafty|atk|2\n|\n|upkeep\n|turn|2\n|l|☆xcrzsqqqq\n|player|p1|\n|\n|t:|1788383397\n|move|p2a: Scrafty|Detect|p2a: Scrafty\n|-singleturn|p2a: Scrafty|Protect\n|move|p1a: Sneasler|Close Combat|p2a: Scrafty\n|-activate|p2a: Scrafty|move: Protect\n|move|p2b: Alakazam|Psychic|p1a: Sneasler\n|-supereffective|p1a: Sneasler|2\n|-damage|p1a: Sneasler|0 fnt\n|faint|p1a: Sneasler\n|move|p1b: Sinistcha|Matcha Gotcha|p2b: Alakazam|[spread] p2b\n|-activate|p2a: Scrafty|move: Protect\n|-damage|p2b: Alakazam|0 fnt\n|faint|p2b: Alakazam\n|\n|upkeep\n|j|☆xcrzsqqqq\n|player|p1|xcrzsqqqq|1|\n|\n|t:|1788383425\n|switch|p1a: Chandelure|Chandelure, L50, M|100/100\n|switch|p2b: Clefable|Clefable, L50, F|100/100\n|turn|3\n|\n|t:|1788383437\n|move|p1a: Chandelure|Protect|p1a: Chandelure\n|-singleturn|p1a: Chandelure|Protect\n|move|p2b: Clefable|Follow Me|p2b: Clefable\n|-singleturn|p2b: Clefable|move: Follow Me\n|move|p1b: Sinistcha|Matcha Gotcha|p2a: Scrafty|[spread] p2a,p2b\n|-damage|p2a: Scrafty|65/100\n|-damage|p2b: Clefable|83/100\n|move|p2a: Scrafty|Throat Chop|p1b: Sinistcha\n|-supereffective|p1b: Sinistcha|1\n|-damage|p1b: Sinistcha|0 fnt\n|faint|p1b: Sinistcha\n|\n|upkeep\n|\n|t:|1788383449\n|switch|p1b: Metagross|Metagross, L50|100/100\n|turn|4\n|\n|t:|1788383467\n|detailschange|p1b: Metagross|Metagross-Mega, L50\n|-mega|p1b: Metagross|Metagross|Metagrossite\n|move|p1a: Chandelure|Protect||[still]\n|-fail|p1a: Chandelure\n|move|p2a: Scrafty|Detect|p2a: Scrafty\n|-singleturn|p2a: Scrafty|Protect\n|move|p1b: Metagross|Iron Head|p2a: Scrafty\n|-activate|p2a: Scrafty|move: Protect\n|move|p2b: Clefable|Cosmic Power|p2b: Clefable\n|-boost|p2b: Clefable|def|1\n|-boost|p2b: Clefable|spd|1\n|\n|upkeep\n|turn|5\n|\n|t:|1788383496\n|move|p1a: Chandelure|Protect|p1a: Chandelure\n|-singleturn|p1a: Chandelure|Protect\n|move|p2b: Clefable|Follow Me|p2b: Clefable\n|-singleturn|p2b: Clefable|move: Follow Me\n|move|p1b: Metagross|Iron Head|p2b: Clefable\n|-supereffective|p2b: Clefable|1\n|-damage|p2b: Clefable|4/100\n|-enditem|p2b: Clefable|Sitrus Berry|[eat]\n|-heal|p2b: Clefable|29/100|[from] item: Sitrus Berry\n|move|p2a: Scrafty|Throat Chop|p1b: Metagross\n|-supereffective|p1b: Metagross|1\n|-damage|p1b: Metagross|0 fnt\n|faint|p1b: Metagross\n|\n|upkeep\n|turn|6\n|\n|t:|1788383560\n|move|p2b: Clefable|Helping Hand|p2a: Scrafty\n|-singleturn|p2a: Scrafty|Helping Hand|[of] p2b: Clefable\n|move|p1a: Chandelure|Protect|p1a: Chandelure\n|-singleturn|p1a: Chandelure|Protect\n|move|p2a: Scrafty|Throat Chop|p1a: Chandelure\n|-activate|p1a: Chandelure|move: Protect\n|\n|upkeep\n|turn|7\n|inactive|Battle timer is ON: inactive players will automatically lose when time's up. (requested by entrenador batimix)\n|inactive|xcrzsqqqq has 60 seconds left.\n|\n|t:|1788383606\n|move|p1a: Chandelure|Protect||[still]\n|-fail|p1a: Chandelure\n|move|p2b: Clefable|Follow Me|p2b: Clefable\n|-singleturn|p2b: Clefable|move: Follow Me\n|move|p2a: Scrafty|Throat Chop|p1a: Chandelure\n|-supereffective|p1a: Chandelure|1\n|-damage|p1a: Chandelure|0 fnt\n|faint|p1a: Chandelure\n|\n|win|entrenador batimix\n|raw|xcrzsqqqq's rating: 1087 &rarr; <strong>1063</strong><br />(-24 for losing)\n|raw|entrenador batimix's rating: 1075 &rarr; <strong>1105</strong><br />(+30 for winning)\n","uploadtime":1788383618,"views":"8","formatid":"gen9championsvgc2026regmb","rating":1063,"private":0,"password":null}