{"id":"gen9championsvgc2026regmb-2674900485","format":"[Gen 9 Champions] VGC 2026 Reg M-B","players":["MIILANZ","LilligantFangirl"],"log":"|j|☆MIILANZ\n|j|☆LilligantFangirl\n|t:|1788432343\n|gametype|doubles\n|player|p1|MIILANZ|caitlin|1356\n|player|p2|LilligantFangirl|hilda|1417\n|gen|9\n|tier|[Gen 9 Champions] VGC 2026 Reg M-B\n|rated|\n|rule|Species Clause: Limit one of each Pokémon\n|rule|Item Clause: Limit 1 of each item\n|clearpoke\n|poke|p1|Dragonite, L50, M|\n|poke|p1|Sneasler, L50, M|\n|poke|p1|Kingambit, L50, F|\n|poke|p1|Basculegion, L50, M|\n|poke|p1|Whimsicott, L50, M|\n|poke|p1|Floette-Eternal, L50, F|\n|poke|p2|Goodra-Hisui, L50, M|\n|poke|p2|Scrafty, L50, F|\n|poke|p2|Farigiraf, L50, F|\n|poke|p2|Scovillain, L50, M|\n|poke|p2|Basculegion, L50, M|\n|poke|p2|Sylveon, L50, F|\n|teampreview|4\n|inactive|Battle timer is ON: inactive players will automatically lose when time's up. (requested by MIILANZ)\n|\n|t:|1788432379\n|teamsize|p1|4\n|teamsize|p2|4\n|start\n|switch|p1a: Floette|Floette-Eternal, L50, F|100/100\n|switch|p1b: Kingambit|Kingambit, L50, F|100/100\n|switch|p2a: Goodra|Goodra-Hisui, L50, M|100/100\n|switch|p2b: Scovillain|Scovillain, L50, M|100/100\n|turn|1\n|\n|t:|1788432394\n|switch|p1b: Sneasler|Sneasler, L50, M|100/100\n|detailschange|p1a: Floette|Floette-Mega, L50, F\n|-mega|p1a: Floette|Floette|Floettite\n|-ability|p1a: Floette|Fairy Aura\n|detailschange|p2b: Scovillain|Scovillain-Mega, L50, M\n|-mega|p2b: Scovillain|Scovillain|Scovillainite\n|move|p2b: Scovillain|Rage Powder|p2b: Scovillain\n|-singleturn|p2b: Scovillain|move: Rage Powder\n|move|p1a: Floette|Dazzling Gleam|p2a: Goodra|[spread] p2a,p2b\n|-resisted|p2b: Scovillain|1\n|-damage|p2a: Goodra|72/100\n|-damage|p2b: Scovillain|77/100\n|-status|p1a: Floette|brn|[from] ability: Spicy Spray|[of] p2b: Scovillain\n|move|p2a: Goodra|Heavy Slam|p1a: Floette\n|-supereffective|p1a: Floette|1\n|-damage|p1a: Floette|27/100 brn\n|\n|-heal|p2a: Goodra|78/100|[from] item: Leftovers\n|-damage|p1a: Floette|21/100 brn|[from] brn\n|upkeep\n|turn|2\n|inactive|LilligantFangirl has 30 seconds left.\n|\n|t:|1788432419\n|move|p1a: Floette|Protect|p1a: Floette\n|-singleturn|p1a: Floette|Protect\n|move|p2b: Scovillain|Rage Powder|p2b: Scovillain\n|-singleturn|p2b: Scovillain|move: Rage Powder\n|move|p1b: Sneasler|Dire Claw|p2b: Scovillain\n|-supereffective|p2b: Scovillain|1\n|-damage|p2b: Scovillain|2/100\n|-status|p2b: Scovillain|psn\n|-status|p1b: Sneasler|brn|[from] ability: Spicy Spray|[of] p2b: Scovillain\n|move|p2a: Goodra|Shelter|p2a: Goodra\n|-boost|p2a: Goodra|def|2\n|\n|-heal|p2a: Goodra|85/100|[from] item: Leftovers\n|-damage|p2b: Scovillain|0 fnt|[from] psn\n|faint|p2b: Scovillain\n|-damage|p1b: Sneasler|94/100 brn|[from] brn\n|-damage|p1a: Floette|15/100 brn|[from] brn\n|upkeep\n|\n|t:|1788432439\n|switch|p2b: Basculegion|Basculegion, L50, M|100/100\n|turn|3\n|\n|t:|1788432450\n|switch|p1a: Kingambit|Kingambit, L50, F|100/100\n|move|p2b: Basculegion|Flip Turn|p1a: Kingambit\n|-damage|p1a: Kingambit|70/100\n|\n|t:|1788432455\n|switch|p2b: Sylveon|Sylveon, L50, F|100/100|[from] Flip Turn\n|move|p1b: Sneasler|Close Combat|p2a: Goodra\n|-supereffective|p2a: Goodra|1\n|-damage|p2a: Goodra|56/100\n|-unboost|p1b: Sneasler|def|1\n|-unboost|p1b: Sneasler|spd|1\n|-enditem|p1b: Sneasler|White Herb\n|-clearnegativeboost|p1b: Sneasler|[silent]\n|move|p2a: Goodra|Shelter|p2a: Goodra\n|-boost|p2a: Goodra|def|2\n|\n|-heal|p2a: Goodra|62/100|[from] item: Leftovers\n|-damage|p1b: Sneasler|88/100 brn|[from] brn\n|upkeep\n|turn|4\n|\n|t:|1788432475\n|move|p1b: Sneasler|Close Combat|p2a: Goodra\n|-supereffective|p2a: Goodra|1\n|-damage|p2a: Goodra|42/100\n|-unboost|p1b: Sneasler|def|1\n|-unboost|p1b: Sneasler|spd|1\n|move|p2b: Sylveon|Hyper Voice|p1a: Kingambit|[spread] p1a,p1b\n|-damage|p1a: Kingambit|27/100\n|-damage|p1b: Sneasler|0 fnt\n|faint|p1b: Sneasler\n|move|p1a: Kingambit|Iron Head|p2b: Sylveon\n|-supereffective|p2b: Sylveon|1\n|-damage|p2b: Sylveon|1/100\n|move|p2a: Goodra|Body Press|p1a: Kingambit\n|-supereffective|p1a: Kingambit|2\n|-enditem|p1a: Kingambit|Chople Berry|[eat]\n|-enditem|p1a: Kingambit|Chople Berry|[weaken]\n|-damage|p1a: Kingambit|0 fnt\n|faint|p1a: Kingambit\n|\n|-heal|p2a: Goodra|48/100|[from] item: Leftovers\n|upkeep\n|inactive|MIILANZ has 30 seconds left.\n|\n|t:|1788432503\n|switch|p1b: Floette|Floette-Mega, L50, F|15/100 brn\n|switch|p1a: Basculegion|Basculegion, L50, M|100/100\n|-ability|p1b: Floette|Fairy Aura\n|turn|5\n|\n|t:|1788432516\n|move|p2b: Sylveon|Quick Attack|p1b: Floette\n|-damage|p1b: Floette|0 fnt\n|faint|p1b: Floette\n|move|p1a: Basculegion|Last Respects|p2a: Goodra\n|-damage|p2a: Goodra|0 fnt\n|faint|p2a: Goodra\n|-damage|p1a: Basculegion|90/100|[from] item: Life Orb\n|\n|upkeep\n|\n|t:|1788432526\n|switch|p2a: Basculegion|Basculegion, L50, M|100/100\n|turn|6\n|\n|t:|1788432542\n|move|p2b: Sylveon|Quick Attack|p1a: Basculegion\n|-damage|p1a: Basculegion|76/100\n|move|p2a: Basculegion|Last Respects|p1a: Basculegion\n|-supereffective|p1a: Basculegion|1\n|-crit|p1a: Basculegion\n|-damage|p1a: Basculegion|0 fnt\n|faint|p1a: Basculegion\n|\n|win|LilligantFangirl\n|raw|MIILANZ's rating: 1356 &rarr; <strong>1339</strong><br />(-17 for losing)\n|raw|LilligantFangirl's rating: 1417 &rarr; <strong>1434</strong><br />(+17 for winning)\n","uploadtime":1788432557,"views":"18","formatid":"gen9championsvgc2026regmb","rating":1339,"private":0,"password":null}