{"id":"gen9championsvgc2026regmbbo3-2674913701","format":"[Gen 9 Champions] VGC 2026 Reg M-B (Bo3)","players":["DroeloeVGC","kingsrowbajax"],"log":"|j|☆DroeloeVGC\n|j|☆kingsrowbajax\n|html|<table width=\"100%\"><tr><td align=\"left\">DroeloeVGC</td><td align=\"right\">kingsrowbajax</tr><tr><td align=\"left\"><i class=\"fa fa-circle\"></i> <i class=\"fa fa-circle-o\"></i> </td><td align=\"right\"><i class=\"fa fa-circle-o\"></i> <i class=\"fa fa-circle\"></i> </tr></table>\n|uhtml|bestof|<h2><strong>Game 3</strong> of <a href=\"/game-bestof3-gen9championsvgc2026regmbbo3-2674910510\">a best-of-3</a></h2>\n|t:|1788434922\n|gametype|doubles\n|player|p1|DroeloeVGC|hiker|1218\n|player|p2|kingsrowbajax|101|1275\n|gen|9\n|tier|[Gen 9 Champions] VGC 2026 Reg M-B (Bo3)\n|rated|\n|rule|Species Clause: Limit one of each Pokémon\n|rule|Item Clause: Limit 1 of each item\n|clearpoke\n|poke|p1|Staraptor, L50, M|\n|poke|p1|Whimsicott, L50, M|\n|poke|p1|Kingambit, L50, M|\n|poke|p1|Garchomp, L50, F|\n|poke|p1|Glimmora, L50, M|\n|poke|p1|Delphox, L50, F|\n|poke|p2|Blastoise, L50, M|\n|poke|p2|Delphox, L50, M|\n|poke|p2|Sinistcha-Masterpiece, L50|\n|poke|p2|Sneasler, L50, F|\n|poke|p2|Kingambit, L50, M|\n|poke|p2|Incineroar, L50, M|\n|teampreview|4\n|showteam|p1|Staraptor||Staraptite|Intimidate|BraveBird,CloseCombat,Roost,Protect|Jolly||M|||50|]Whimsicott||OccaBerry|Prankster|Moonblast,Tailwind,Charm,Encore|Timid||M|||50|]Kingambit||ChopleBerry|Defiant|KowtowCleave,IronHead,SuckerPunch,LowKick|Adamant||M|||50|]Garchomp||LifeOrb|RoughSkin|Earthquake,DragonClaw,RockSlide,Protect|Jolly||F|||50|]Glimmora||FocusSash|ToxicDebris|PowerGem,SludgeBomb,EarthPower,SpikyShield|Modest||M|||50|]Delphox||Delphoxite|Blaze|HeatWave,Psyshock,Substitute,Protect|Modest||F|||50|\n|showteam|p2|Blastoise||Blastoisinite|RainDish|WaterSpout,DarkPulse,ShellSmash,Protect|Modest||M|||50|]Delphox||Delphoxite|Blaze|HeatWave,Psychic,NastyPlot,Protect|Timid||M|||50|]Sinistcha-Masterpiece||ColburBerry|Hospitality|MatchaGotcha,RagePowder,TrickRoom,Protect|Bold|||||50|]Sneasler||FocusSash|PoisonTouch|FakeOut,PoisonJab,CloseCombat,QuickGuard|Jolly||F|||50|]Kingambit||LifeOrb|Defiant|KowtowCleave,SuckerPunch,SwordsDance,Protect|Adamant||M|||50|]Incineroar||SitrusBerry|Intimidate|FakeOut,FlareBlitz,ThroatChop,PartingShot|Careful||M|||50|\n|c|☆DroeloeVGC|Haha, zag net je tekst pas\n|c|☆DroeloeVGC|Maar gaan we zeker!\n|c|☆DroeloeVGC|Goeie laatste!\n|c|☆kingsrowbajax|glhf!\n|\n|t:|1788434972\n|teamsize|p1|4\n|teamsize|p2|4\n|start\n|switch|p1a: Glimmora|Glimmora, L50, M|100/100\n|switch|p1b: Kingambit|Kingambit, L50, M|100/100\n|switch|p2a: Delphox|Delphox, L50, M|100/100\n|switch|p2b: Sinistcha|Sinistcha-Masterpiece, L50|100/100\n|turn|1\n|\n|t:|1788434999\n|detailschange|p2a: Delphox|Delphox-Mega, L50, M\n|-mega|p2a: Delphox|Delphox|Delphoxite\n|move|p2b: Sinistcha|Rage Powder|p2b: Sinistcha\n|-singleturn|p2b: Sinistcha|move: Rage Powder\n|move|p2a: Delphox|Heat Wave|p1a: Glimmora|[spread] p1a,p1b\n|-resisted|p1a: Glimmora|1\n|-supereffective|p1b: Kingambit|1\n|-damage|p1a: Glimmora|76/100\n|-damage|p1b: Kingambit|30/100\n|move|p1a: Glimmora|Sludge Bomb|p2b: Sinistcha\n|-damage|p2b: Sinistcha|49/100\n|move|p1b: Kingambit|Kowtow Cleave|p2b: Sinistcha\n|-supereffective|p2b: Sinistcha|1\n|-enditem|p2b: Sinistcha|Colbur Berry|[eat]\n|-enditem|p2b: Sinistcha|Colbur Berry|[weaken]\n|-damage|p2b: Sinistcha|13/100\n|\n|upkeep\n|turn|2\n|\n|t:|1788435032\n|move|p1a: Glimmora|Spiky Shield|p1a: Glimmora\n|-singleturn|p1a: Glimmora|move: Protect\n|move|p2b: Sinistcha|Rage Powder|p2b: Sinistcha\n|-singleturn|p2b: Sinistcha|move: Rage Powder\n|move|p2a: Delphox|Psychic|p1a: Glimmora\n|-activate|p1a: Glimmora|move: Protect\n|move|p1b: Kingambit|Kowtow Cleave|p2b: Sinistcha\n|-supereffective|p2b: Sinistcha|1\n|-damage|p2b: Sinistcha|0 fnt\n|faint|p2b: Sinistcha\n|\n|upkeep\n|\n|t:|1788435043\n|switch|p2b: Sneasler|Sneasler, L50, F|100/100\n|turn|3\n|\n|t:|1788435056\n|move|p2b: Sneasler|Fake Out|p1b: Kingambit\n|-resisted|p1b: Kingambit|1\n|-damage|p1b: Kingambit|25/100\n|cant|p1b: Kingambit|flinch\n|move|p2a: Delphox|Heat Wave|p1a: Glimmora|[spread] p1a,p1b\n|-resisted|p1a: Glimmora|1\n|-supereffective|p1b: Kingambit|1\n|-damage|p1a: Glimmora|48/100\n|-damage|p1b: Kingambit|0 fnt\n|-status|p1a: Glimmora|brn\n|faint|p1b: Kingambit\n|move|p1a: Glimmora|Power Gem|p2a: Delphox\n|-supereffective|p2a: Delphox|1\n|-damage|p2a: Delphox|8/100\n|\n|-damage|p1a: Glimmora|41/100 brn|[from] brn\n|upkeep\n|\n|t:|1788435076\n|switch|p1b: Whimsicott|Whimsicott, L50, M|100/100\n|turn|4\n|\n|t:|1788435095\n|move|p1a: Glimmora|Spiky Shield|p1a: Glimmora\n|-singleturn|p1a: Glimmora|move: Protect\n|move|p1b: Whimsicott|Encore|p2b: Sneasler\n|-start|p2b: Sneasler|Encore\n|move|p2b: Sneasler|Fake Out||[still]\n|-hint|Fake Out only works on your first turn out.\n|-fail|p2b: Sneasler\n|move|p2a: Delphox|Psychic|p1a: Glimmora\n|-activate|p1a: Glimmora|move: Protect\n|\n|-damage|p1a: Glimmora|35/100 brn|[from] brn\n|upkeep\n|turn|5\n|\n|t:|1788435120\n|switch|p2b: Incineroar|Incineroar, L50, M|100/100\n|-ability|p2b: Incineroar|Intimidate|boost\n|-unboost|p1a: Glimmora|atk|1\n|-unboost|p1b: Whimsicott|atk|1\n|move|p2a: Delphox|Protect|p2a: Delphox\n|-singleturn|p2a: Delphox|Protect\n|move|p1b: Whimsicott|Tailwind|p1b: Whimsicott\n|-sidestart|p1: DroeloeVGC|move: Tailwind\n|move|p1a: Glimmora|Power Gem|p2b: Incineroar\n|-supereffective|p2b: Incineroar|1\n|-damage|p2b: Incineroar|24/100\n|-enditem|p2b: Incineroar|Sitrus Berry|[eat]\n|-heal|p2b: Incineroar|48/100|[from] item: Sitrus Berry\n|\n|-damage|p1a: Glimmora|29/100 brn|[from] brn\n|upkeep\n|turn|6\n|\n|t:|1788435143\n|move|p2b: Incineroar|Fake Out|p1b: Whimsicott\n|-damage|p1b: Whimsicott|88/100\n|cant|p1b: Whimsicott|flinch\n|move|p1a: Glimmora|Power Gem|p2a: Delphox\n|-supereffective|p2a: Delphox|1\n|-damage|p2a: Delphox|0 fnt\n|faint|p2a: Delphox\n|\n|-damage|p1a: Glimmora|23/100 brn|[from] brn\n|upkeep\n|\n|t:|1788435151\n|switch|p2a: Sneasler|Sneasler, L50, F|100/100\n|turn|7\n|\n|t:|1788435181\n|move|p1a: Glimmora|Spiky Shield|p1a: Glimmora\n|-singleturn|p1a: Glimmora|move: Protect\n|move|p2a: Sneasler|Fake Out|p1a: Glimmora\n|-activate|p1a: Glimmora|move: Protect\n|-damage|p2a: Sneasler|87/100|[from] Spiky Shield|[of] p1a: Glimmora\n|move|p1b: Whimsicott|Moonblast|p2b: Incineroar\n|-damage|p2b: Incineroar|27/100\n|move|p2b: Incineroar|Flare Blitz|p1b: Whimsicott\n|-supereffective|p1b: Whimsicott|1\n|-enditem|p1b: Whimsicott|Occa Berry|[eat]\n|-enditem|p1b: Whimsicott|Occa Berry|[weaken]\n|-damage|p1b: Whimsicott|44/100\n|-status|p1b: Whimsicott|brn\n|-damage|p2b: Incineroar|15/100|[from] Recoil\n|\n|-damage|p1b: Whimsicott|38/100 brn|[from] brn\n|-damage|p1a: Glimmora|16/100 brn|[from] brn\n|upkeep\n|turn|8\n|c|☆kingsrowbajax|ggs\n|\n|t:|1788435215\n|move|p1b: Whimsicott|Moonblast|p2a: Sneasler\n|-damage|p2a: Sneasler|50/100g\n|move|p1a: Glimmora|Earth Power|p2a: Sneasler\n|-supereffective|p2a: Sneasler|1\n|-damage|p2a: Sneasler|0 fnt\n|faint|p2a: Sneasler\n|move|p2b: Incineroar|Flare Blitz|p1b: Whimsicott\n|-supereffective|p1b: Whimsicott|1\n|-damage|p1b: Whimsicott|0 fnt\n|faint|p1b: Whimsicott\n|-damage|p2b: Incineroar|4/100|[from] Recoil\n|\n|-damage|p1a: Glimmora|10/100 brn|[from] brn\n|-sideend|p1: DroeloeVGC|move: Tailwind\n|upkeep\n|c|☆kingsrowbajax|fijne middag gap\n|\n|t:|1788435230\n|switch|p1b: Garchomp|Garchomp, L50, F|100/100\n|turn|9\n|c|☆DroeloeVGC|Ggs\n|c|☆DroeloeVGC|Zelfde man\n|\n|t:|1788435249\n|move|p1b: Garchomp|Dragon Claw|p2b: Incineroar\n|-damage|p2b: Incineroar|0 fnt\n|faint|p2b: Incineroar\n|-damage|p1b: Garchomp|90/100|[from] item: Life Orb\n|\n|win|DroeloeVGC\n|raw|DroeloeVGC's rating: 1218 &rarr; <strong>1247</strong><br />(+29 for winning)\n|raw|kingsrowbajax's rating: 1275 &rarr; <strong>1246</strong><br />(-29 for losing)\n","uploadtime":1788435249,"views":"1","formatid":"gen9championsvgc2026regmbbo3","rating":1246,"private":0,"password":null}