{"id":"gen9championsvgc2026regmbbo3-2673543009","format":"[Gen 9 Champions] VGC 2026 Reg M-B (Bo3)","players":["freudianbreath","C0n_C0N"],"log":"|j|☆freudianbreath\n|j|☆C0n_C0N\n|html|<table width=\"100%\"><tr><td align=\"left\">freudianbreath</td><td align=\"right\">C0n_C0N</tr><tr><td align=\"left\"><i class=\"fa fa-circle\"></i> <i class=\"fa fa-circle-o\"></i> </td><td align=\"right\"><i class=\"fa fa-circle-o\"></i> <i class=\"fa fa-circle-o\"></i> </tr></table>\n|uhtml|bestof|<h2><strong>Game 2</strong> of <a href=\"/game-bestof3-gen9championsvgc2026regmbbo3-2673536745\">a best-of-3</a></h2>\n|t:|1788210851\n|gametype|doubles\n|player|p1|freudianbreath|2|1077\n|player|p2|C0n_C0N|dancer|1000\n|gen|9\n|tier|[Gen 9 Champions] VGC 2026 Reg M-B (Bo3)\n|rated|\n|rule|Species Clause: Limit one of each Pokémon\n|rule|Item Clause: Limit 1 of each item\n|clearpoke\n|poke|p1|Sneasler, L50, M|\n|poke|p1|Incineroar, L50, F|\n|poke|p1|Gengar, L50, F|\n|poke|p1|Sinistcha-Masterpiece, L50|\n|poke|p1|Dragonite, L50, M|\n|poke|p1|Charizard, L50, M|\n|poke|p2|Decidueye, L50, F, shiny|\n|poke|p2|Incineroar, L50, F|\n|poke|p2|Snorlax, L50, M, shiny|\n|poke|p2|Hawlucha, L50, F|\n|poke|p2|Palafin, L50, M|\n|poke|p2|Manectric, L50, F|\n|teampreview|4\n|showteam|p1|Sneasler||SitrusBerry|PoisonTouch|FakeOut,CloseCombat,DireClaw,Uturn|Jolly||M|||50|]Incineroar||Charcoal|Intimidate|FakeOut,FlareBlitz,PartingShot,Snarl|Brave||F|||50|]Gengar||Gengarite|CursedBody|Protect,Taunt,SludgeBomb,WillOWisp|Timid||F|||50|]Sinistcha-Masterpiece||MiracleSeed|Heatproof|MatchaGotcha,ShadowBall,Scald,TrickRoom|Quiet|||||50|]Dragonite||Leftovers|Multiscale|Protect,DragonClaw,ExtremeSpeed,IceSpinner|Adamant||M|||50|]Charizard||CharizarditeY|Blaze|HeatWave,AncientPower,Overheat,Protect|Timid||M|||50|\n|showteam|p2|Decidueye||LifeOrb|Overgrow|KnockOff,LeafBlade,Tailwind,SpiritShackle|Jolly||F|||50|]Incineroar||Leftovers|Blaze|FakeOut,PartingShot,FlareBlitz,Snarl|Serious||F|||50|]Snorlax||SitrusBerry|Gluttony|HighHorsepower,BellyDrum,BodySlam,Recycle|Relaxed||M|||50|]Hawlucha||FocusSash|MoldBreaker|CloseCombat,Uturn,ZenHeadbutt,BraveBird|Jolly||F|||50|]Palafin||ChoiceScarf|ZerotoHero|Liquidation,DrainPunch,JetPunch,IronHead|Serious||M|||50|]Manectric||Manectite|LightningRod|Protect,Snarl,ElectroBall,Roar|Hasty||F|||50|\n|\n|t:|1788210962\n|teamsize|p1|4\n|teamsize|p2|4\n|start\n|switch|p1a: Charizard|Charizard, L50, M|100/100\n|switch|p1b: Sneasler|Sneasler, L50, M|100/100\n|switch|p2a: Snorlax|Snorlax, L50, M, shiny|100/100\n|switch|p2b: Hawlucha|Hawlucha, L50, F|100/100\n|-ability|p2b: Hawlucha|Mold Breaker\n|turn|1\n|\n|t:|1788211011\n|switch|p1a: Incineroar|Incineroar, L50, F|100/100\n|-ability|p1a: Incineroar|Intimidate|boost\n|-unboost|p2a: Snorlax|atk|1\n|-unboost|p2b: Hawlucha|atk|1\n|move|p1b: Sneasler|Close Combat|p2a: Snorlax\n|-supereffective|p2a: Snorlax|1\n|-damage|p2a: Snorlax|9/100\n|-unboost|p1b: Sneasler|def|1\n|-unboost|p1b: Sneasler|spd|1\n|-status|p2a: Snorlax|psn|[from] ability: Poison Touch|[of] p1b: Sneasler\n|-enditem|p2a: Snorlax|Sitrus Berry|[eat]\n|-heal|p2a: Snorlax|34/100 psn|[from] item: Sitrus Berry\n|move|p2b: Hawlucha|Zen Headbutt|p1b: Sneasler\n|-supereffective|p1b: Sneasler|2\n|-damage|p1b: Sneasler|0 fnt\n|faint|p1b: Sneasler\n|move|p2a: Snorlax|High Horsepower|p1a: Incineroar\n|-supereffective|p1a: Incineroar|1\n|-damage|p1a: Incineroar|64/100\n|\n|-damage|p2a: Snorlax|21/100 psn|[from] psn\n|upkeep\n|\n|t:|1788211056\n|switch|p1b: Charizard|Charizard, L50, M|100/100\n|turn|2\n|\n|t:|1788211100\n|detailschange|p1b: Charizard|Charizard-Mega-Y, L50, M\n|-mega|p1b: Charizard|Charizard|Charizardite Y\n|-weather|SunnyDay|[from] ability: Drought|[of] p1b: Charizard\n|move|p1a: Incineroar|Fake Out|p2b: Hawlucha\n|-damage|p2b: Hawlucha|79/100\n|cant|p2b: Hawlucha|flinch\n|move|p1b: Charizard|Heat Wave|p2b: Hawlucha|[spread] p2a,p2b\n|-damage|p2a: Snorlax|0 fnt\n|-damage|p2b: Hawlucha|0 fnt\n|faint|p2a: Snorlax\n|faint|p2b: Hawlucha\n|\n|-weather|SunnyDay|[upkeep]\n|upkeep\n|\n|t:|1788211114\n|switch|p2b: Decidueye|Decidueye, L50, F, shiny|100/100\n|switch|p2a: Manectric|Manectric, L50, F|100/100\n|turn|3\n|c|☆C0n_C0N|I hope i luky\n|\n|t:|1788211173\n|switch|p1b: Dragonite|Dragonite, L50, M|100/100\n|detailschange|p2a: Manectric|Manectric-Mega, L50, F\n|-mega|p2a: Manectric|Manectric|Manectite\n|-ability|p2a: Manectric|Intimidate|boost\n|-unboost|p1a: Incineroar|atk|1\n|-unboost|p1b: Dragonite|atk|1\n|move|p2b: Decidueye|Tailwind|p2b: Decidueye\n|-sidestart|p2: C0n_C0N|move: Tailwind\n|move|p1a: Incineroar|Parting Shot|p2a: Manectric\n|-unboost|p2a: Manectric|atk|1\n|-unboost|p2a: Manectric|spa|1\n|\n|t:|1788211184\n|switch|p1a: Charizard|Charizard-Mega-Y, L50, M|100/100|[from] Parting Shot\n|move|p2a: Manectric|Roar|p1b: Dragonite\n|drag|p1b: Incineroar|Incineroar, L50, F|64/100\n|-ability|p1b: Incineroar|Intimidate|boost\n|-unboost|p2a: Manectric|atk|1\n|-unboost|p2b: Decidueye|atk|1\n|\n|-weather|SunnyDay|[upkeep]\n|upkeep\n|turn|4\n|c|☆freudianbreath|?\n|c|☆freudianbreath|Why roar\n|\n|t:|1788211236\n|move|p1b: Incineroar|Fake Out|p2a: Manectric\n|-damage|p2a: Manectric|79/100\n|move|p2b: Decidueye|Knock Off|p1b: Incineroar\n|-resisted|p1b: Incineroar|1\n|-damage|p1b: Incineroar|55/100\n|-enditem|p1b: Incineroar|Charcoal|[from] move: Knock Off|[of] p2b: Decidueye\n|-damage|p2b: Decidueye|90/100|[from] item: Life Orb\n|move|p1a: Charizard|Heat Wave|p2a: Manectric|[spread] p2a,p2b\n|-supereffective|p2b: Decidueye|1\n|-damage|p2a: Manectric|3/100\n|-damage|p2b: Decidueye|0 fnt\n|faint|p2b: Decidueye\n|cant|p2a: Manectric|flinch\n|\n|-weather|SunnyDay|[upkeep]\n|upkeep\n|turn|5\n|c|☆C0n_C0N|im cooked\n|\n|t:|1788211262\n|switch|p1b: Dragonite|Dragonite, L50, M|100/100\n|move|p2a: Manectric|Electro Ball|p1a: Charizard\n|-supereffective|p1a: Charizard|1\n|-damage|p1a: Charizard|53/100\n|move|p1a: Charizard|Ancient Power|p2a: Manectric\n|-damage|p2a: Manectric|0 fnt\n|faint|p2a: Manectric\n|\n|win|freudianbreath\n|raw|freudianbreath's rating: 1077 &rarr; <strong>1099</strong><br />(+22 for winning)\n|raw|C0n_C0N's rating: 1000 &rarr; <strong>1000</strong><br />(+0 for losing)\n","uploadtime":1788211268,"views":"2","formatid":"gen9championsvgc2026regmbbo3","rating":1000,"private":0,"password":null}