{"id":"gen9championsvgc2026regmbbo3-2675045362","format":"[Gen 9 Champions] VGC 2026 Reg M-B (Bo3)","players":["endertytar","Bananin4"],"log":"|j|☆endertytar\n|j|☆Bananin4\n|html|<table width=\"100%\"><tr><td align=\"left\">endertytar</td><td align=\"right\">Bananin4</tr><tr><td align=\"left\"><i class=\"fa fa-circle\"></i> <i class=\"fa fa-circle-o\"></i> </td><td align=\"right\"><i class=\"fa fa-circle-o\"></i> <i class=\"fa fa-circle-o\"></i> </tr></table>\n|uhtml|bestof|<h2><strong>Game 2</strong> of <a href=\"/game-bestof3-gen9championsvgc2026regmbbo3-2675043671\">a best-of-3</a></h2>\n|t:|1788452465\n|gametype|doubles\n|player|p1|endertytar|cheren|1346\n|player|p2|Bananin4|lucas-gen4pt|1204\n|gen|9\n|tier|[Gen 9 Champions] VGC 2026 Reg M-B (Bo3)\n|rated|\n|rule|Species Clause: Limit one of each Pokémon\n|rule|Item Clause: Limit 1 of each item\n|clearpoke\n|poke|p1|Sinistcha, L50|\n|poke|p1|Tyranitar, L50, F|\n|poke|p1|Gholdengo, L50|\n|poke|p1|Staraptor, L50, M|\n|poke|p1|Excadrill, L50, M|\n|poke|p1|Milotic, L50, M|\n|poke|p2|Delphox, L50, M, shiny|\n|poke|p2|Blastoise, L50, M|\n|poke|p2|Sinistcha, L50|\n|poke|p2|Sneasler, L50, F|\n|poke|p2|Incineroar, L50, M, shiny|\n|poke|p2|Kingambit, L50, F|\n|teampreview|4\n|showteam|p1|Sinistcha||ColburBerry|Hospitality|MatchaGotcha,TrickRoom,RagePowder,Protect|Calm|||||50|]Tyranitar||FocusSash|SandStream|RockSlide,KnockOff,LowKick,Protect|Adamant||F|||50|]Gholdengo||LifeOrb|GoodasGold|Protect,NastyPlot,MakeItRain,ShadowBall|Modest|||||50|]Staraptor||Staraptite|Intimidate|CloseCombat,BraveBird,Tailwind,Protect|Jolly||M|||50|]Excadrill||ExpertBelt|SandRush|Protect,HighHorsepower,RockSlide,IronHead|Jolly||M|||50|]Milotic||SitrusBerry|Competitive|Scald,IceBeam,IcyWind,Protect|Bold||M|||50|\n|showteam|p2|Delphox||Delphoxite|Blaze|HeatWave,Psychic,NastyPlot,Protect|Timid||M|||50|]Blastoise||Blastoisinite|RainDish|WaterSpout,DarkPulse,ShellSmash,Protect|Modest||M|||50|]Sinistcha||ColburBerry|Hospitality|MatchaGotcha,RagePowder,TrickRoom,Protect|Bold|||||50|]Sneasler||FocusSash|PoisonTouch|FakeOut,PoisonJab,CloseCombat,QuickGuard|Jolly||F|||50|]Incineroar||SitrusBerry|Intimidate|FakeOut,FlareBlitz,ThroatChop,PartingShot|Careful||M|||50|]Kingambit||ChopleBerry|Defiant|KowtowCleave,SuckerPunch,SwordsDance,Protect|Adamant||F|||50|\n|inactive|Battle timer is ON: inactive players will automatically lose when time's up. (requested by endertytar)\n|\n|t:|1788452494\n|teamsize|p1|4\n|teamsize|p2|4\n|start\n|switch|p1a: Staraptor|Staraptor, L50, M|100/100\n|switch|p1b: Milotic|Milotic, L50, M|100/100\n|switch|p2a: Blastoise|Blastoise, L50, M|100/100\n|switch|p2b: Sneasler|Sneasler, L50, F|100/100\n|-ability|p1a: Staraptor|Intimidate|boost\n|-unboost|p2a: Blastoise|atk|1\n|-unboost|p2b: Sneasler|atk|1\n|turn|1\n|inactive|endertytar has 30 seconds left.\n|\n|t:|1788452520\n|detailschange|p1a: Staraptor|Staraptor-Mega, L50, M\n|-mega|p1a: Staraptor|Staraptor|Staraptite\n|detailschange|p2a: Blastoise|Blastoise-Mega, L50, M\n|-mega|p2a: Blastoise|Blastoise|Blastoisinite\n|move|p2b: Sneasler|Fake Out|p1a: Staraptor\n|-damage|p1a: Staraptor|90/100\n|cant|p1a: Staraptor|flinch\n|move|p2a: Blastoise|Shell Smash|p2a: Blastoise\n|-unboost|p2a: Blastoise|def|1\n|-unboost|p2a: Blastoise|spd|1\n|-boost|p2a: Blastoise|atk|2\n|-boost|p2a: Blastoise|spa|2\n|-boost|p2a: Blastoise|spe|2\n|move|p1b: Milotic|Icy Wind|p2b: Sneasler|[spread] p2a,p2b\n|-resisted|p2a: Blastoise|1\n|-crit|p2a: Blastoise\n|-damage|p2a: Blastoise|88/100\n|-damage|p2b: Sneasler|84/100\n|-unboost|p2a: Blastoise|spe|1\n|-unboost|p2b: Sneasler|spe|1\n|\n|upkeep\n|turn|2\n|\n|t:|1788452541\n|move|p2a: Blastoise|Protect|p2a: Blastoise\n|-singleturn|p2a: Blastoise|Protect\n|move|p1a: Staraptor|Brave Bird|p2b: Sneasler\n|-supereffective|p2b: Sneasler|1\n|-damage|p2b: Sneasler|0 fnt\n|faint|p2b: Sneasler\n|-damage|p1a: Staraptor|64/100|[from] Recoil\n|move|p1b: Milotic|Icy Wind|p2a: Blastoise\n|-activate|p2a: Blastoise|move: Protect\n|\n|upkeep\n|\n|t:|1788452551\n|switch|p2b: Sinistcha|Sinistcha, L50|100/100\n|-heal|p2a: Blastoise|100/100|[from] ability: Hospitality|[of] p2b: Sinistcha\n|turn|3\n|\n|t:|1788452559\n|move|p1a: Staraptor|Protect|p1a: Staraptor\n|-singleturn|p1a: Staraptor|Protect\n|move|p2a: Blastoise|Water Spout|p1a: Staraptor|[spread] p1b\n|-activate|p1a: Staraptor|move: Protect\n|-resisted|p1b: Milotic|1\n|-damage|p1b: Milotic|57/100\n|move|p1b: Milotic|Icy Wind|p2b: Sinistcha|[spread] p2a,p2b\n|-resisted|p2a: Blastoise|1\n|-supereffective|p2b: Sinistcha|1\n|-crit|p2b: Sinistcha\n|-damage|p2a: Blastoise|92/100\n|-damage|p2b: Sinistcha|69/100\n|-unboost|p2a: Blastoise|spe|1\n|-unboost|p2b: Sinistcha|spe|1\n|move|p2b: Sinistcha|Matcha Gotcha|p1b: Milotic|[spread] p1b\n|-activate|p1a: Staraptor|move: Protect\n|-supereffective|p1b: Milotic|1\n|-damage|p1b: Milotic|21/100\n|-heal|p2b: Sinistcha|89/100|[from] drain|[of] p1b: Milotic\n|-enditem|p1b: Milotic|Sitrus Berry|[eat]\n|-heal|p1b: Milotic|46/100|[from] item: Sitrus Berry\n|\n|upkeep\n|turn|4\n|inactive|Bananin4 has 30 seconds left.\n|inactive|Bananin4 has 20 seconds left.\n|inactive|Bananin4 has 15 seconds left.\n|inactive|Bananin4 has 10 seconds left.\n|\n|t:|1788452608\n|move|p1b: Milotic|Protect|p1b: Milotic\n|-singleturn|p1b: Milotic|Protect\n|move|p2b: Sinistcha|Rage Powder|p2b: Sinistcha\n|-singleturn|p2b: Sinistcha|move: Rage Powder\n|move|p1a: Staraptor|Brave Bird|p2b: Sinistcha\n|-supereffective|p2b: Sinistcha|1\n|-damage|p2b: Sinistcha|0 fnt\n|faint|p2b: Sinistcha\n|-damage|p1a: Staraptor|33/100|[from] Recoil\n|move|p2a: Blastoise|Shell Smash|p2a: Blastoise\n|-unboost|p2a: Blastoise|def|1\n|-unboost|p2a: Blastoise|spd|1\n|-boost|p2a: Blastoise|atk|2\n|-boost|p2a: Blastoise|spa|2\n|-boost|p2a: Blastoise|spe|2\n|\n|upkeep\n|\n|t:|1788452627\n|switch|p2b: Incineroar|Incineroar, L50, M, shiny|100/100\n|-ability|p2b: Incineroar|Intimidate|boost\n|-boost|p1a: Staraptor|atk|1\n|-unboost|p1b: Milotic|atk|1\n|-ability|p1b: Milotic|Competitive|boost\n|-boost|p1b: Milotic|spa|2\n|turn|5\n|\n|t:|1788452638\n|move|p2b: Incineroar|Fake Out|p1a: Staraptor\n|-damage|p1a: Staraptor|22/100\n|move|p2a: Blastoise|Water Spout|p1b: Milotic|[spread] p1a,p1b\n|-resisted|p1b: Milotic|1\n|-damage|p1a: Staraptor|0 fnt\n|-damage|p1b: Milotic|0 fnt\n|faint|p1a: Staraptor\n|faint|p1b: Milotic\n|\n|upkeep\n|\n|t:|1788452647\n|switch|p1a: Sinistcha|Sinistcha, L50|100/100\n|switch|p1b: Tyranitar|Tyranitar, L50, F|100/100\n|-weather|Sandstorm|[from] ability: Sand Stream|[of] p1b: Tyranitar\n|turn|6\n|inactive|Bananin4 has 30 seconds left.\n|inactive|Bananin4 has 20 seconds left.\n|inactive|Bananin4 has 15 seconds left.\n|inactive|Bananin4 has 10 seconds left.\n|inactive|Bananin4 has 5 seconds left.\n|\n|t:|1788452700\n|move|p2a: Blastoise|Water Spout|p1a: Sinistcha|[spread] p1a,p1b\n|-resisted|p1a: Sinistcha|1\n|-supereffective|p1b: Tyranitar|1\n|-damage|p1a: Sinistcha|24/100\n|-enditem|p1b: Tyranitar|Focus Sash\n|-damage|p1b: Tyranitar|1/100\n|move|p1b: Tyranitar|Rock Slide|p2b: Incineroar|[spread] p2a,p2b\n|-supereffective|p2b: Incineroar|1\n|-damage|p2a: Blastoise|39/100\n|-damage|p2b: Incineroar|41/100\n|-enditem|p2b: Incineroar|Sitrus Berry|[eat]\n|-heal|p2b: Incineroar|66/100|[from] item: Sitrus Berry\n|move|p2b: Incineroar|Flare Blitz|p1a: Sinistcha\n|-supereffective|p1a: Sinistcha|1\n|-damage|p1a: Sinistcha|0 fnt\n|faint|p1a: Sinistcha\n|-damage|p2b: Incineroar|59/100|[from] Recoil\n|\n|-weather|Sandstorm|[upkeep]\n|-damage|p2a: Blastoise|33/100|[from] Sandstorm\n|-damage|p2b: Incineroar|53/100|[from] Sandstorm\n|upkeep\n|turn|7\n|\n|t:|1788452722\n|move|p2a: Blastoise|Dark Pulse|p1b: Tyranitar\n|-resisted|p1b: Tyranitar|1\n|-damage|p1b: Tyranitar|0 fnt\n|faint|p1b: Tyranitar\n|\n|win|Bananin4\n","uploadtime":1788452723,"views":"0","formatid":"gen9championsvgc2026regmbbo3","rating":null,"private":0,"password":null}