{"id":"gen9championsvgc2026regmbbo3-2674487752","format":"[Gen 9 Champions] VGC 2026 Reg M-B (Bo3)","players":["Jortchamp","TheRealEmilyRose"],"log":"|j|☆Jortchamp\n|j|☆TheRealEmilyRose\n|html|<table width=\"100%\"><tr><td align=\"left\">Jortchamp</td><td align=\"right\">TheRealEmilyRose</tr><tr><td align=\"left\"><i class=\"fa fa-circle\"></i> <i class=\"fa fa-circle-o\"></i> </td><td align=\"right\"><i class=\"fa fa-circle-o\"></i> <i class=\"fa fa-circle\"></i> </tr></table>\n|uhtml|bestof|<h2><strong>Game 3</strong> of <a href=\"/game-bestof3-gen9championsvgc2026regmbbo3-2674484705\">a best-of-3</a></h2>\n|t:|1788365642\n|gametype|doubles\n|player|p1|Jortchamp|#smogonxnpa2025draftee|\n|player|p2|TheRealEmilyRose|dawn|\n|gen|9\n|tier|[Gen 9 Champions] VGC 2026 Reg M-B (Bo3)\n|rule|Species Clause: Limit one of each Pokémon\n|rule|Item Clause: Limit 1 of each item\n|clearpoke\n|poke|p1|Charizard, L50, M|\n|poke|p1|Pelipper, L50, F|\n|poke|p1|Archaludon, L50, M|\n|poke|p1|Venusaur, L50, M|\n|poke|p1|Swampert, L50, F, shiny|\n|poke|p1|Grimmsnarl, L50, M|\n|poke|p2|Sinistcha, L50|\n|poke|p2|Incineroar, L50, M|\n|poke|p2|Delphox, L50, M|\n|poke|p2|Vanilluxe, L50, M|\n|poke|p2|Milotic, L50, F|\n|poke|p2|Floette-Eternal, L50, F|\n|teampreview|4\n|showteam|p1|Charizard||CharizarditeY|Blaze|Protect,HeatWave,WeatherBall,Hurricane|Modest||M|||50|]Pelipper||SitrusBerry|Drizzle|Hurricane,WeatherBall,Tailwind,WideGuard|Modest||F|||50|]Archaludon||Leftovers|Stamina|Protect,ElectroShot,DragonPulse,FlashCannon|Calm||M|||50|]Venusaur||FocusSash|Chlorophyll|Protect,SleepPowder,SludgeBomb,LeafStorm|Modest||M|||50|]Swampert||Swampertite|Torrent|Protect,WaveCrash,Earthquake,IcePunch|Adamant||F|||50|]Grimmsnarl||LightClay|Prankster|SpiritBreak,Reflect,LightScreen,PartingShot|Sassy||M|||50|\n|showteam|p2|Sinistcha||KasibBerry|Hospitality|Protect,MatchaGotcha,RagePowder,LifeDew|Bold|||||50|]Incineroar||SitrusBerry|Intimidate|FakeOut,DarkestLariat,FlareBlitz,PartingShot|Impish||M|||50|]Delphox||Delphoxite|Blaze|Protect,HeatWave,Psychic,NastyPlot|Timid||M|||50|]Vanilluxe||ChoiceScarf|SnowWarning|Blizzard,FreezeDry,SheerCold,IcyWind|Timid||M|||50|]Milotic||Leftovers|Competitive|Hypnosis,Coil,Protect,MuddyWater|Bold||F|||50|]Floette-Eternal||Floettite|FlowerVeil|Protect,DazzlingGleam,CalmMind,Moonblast|Modest||F|||50|\n|inactive|Battle timer is ON: inactive players will automatically lose when time's up. (requested by TheRealEmilyRose)\n|j| cillianvgc\n|\n|t:|1788365653\n|teamsize|p1|4\n|teamsize|p2|4\n|start\n|switch|p1a: Grimmsnarl|Grimmsnarl, L50, M|100/100\n|switch|p1b: Charizard|Charizard, L50, M|100/100\n|switch|p2a: Delphox|Delphox, L50, M|100/100\n|switch|p2b: Incineroar|Incineroar, L50, M|100/100\n|-ability|p2b: Incineroar|Intimidate|boost\n|-unboost|p1a: Grimmsnarl|atk|1\n|-unboost|p1b: Charizard|atk|1\n|turn|1\n|j| phallic building\n|\n|t:|1788365674\n|detailschange|p2a: Delphox|Delphox-Mega, L50, M\n|-mega|p2a: Delphox|Delphox|Delphoxite\n|detailschange|p1b: Charizard|Charizard-Mega-Y, L50, M\n|-mega|p1b: Charizard|Charizard|Charizardite Y\n|-weather|SunnyDay|[from] ability: Drought|[of] p1b: Charizard\n|move|p2b: Incineroar|Fake Out|p1a: Grimmsnarl\n|-damage|p1a: Grimmsnarl|88/100\n|cant|p1a: Grimmsnarl|flinch\n|move|p2a: Delphox|Nasty Plot|p2a: Delphox\n|-boost|p2a: Delphox|spa|2\n|move|p1b: Charizard|Heat Wave|p2a: Delphox|[spread] p2a,p2b\n|-resisted|p2a: Delphox|1\n|-resisted|p2b: Incineroar|1\n|-damage|p2a: Delphox|67/100\n|-damage|p2b: Incineroar|70/100\n|\n|-weather|SunnyDay|[upkeep]\n|upkeep\n|turn|2\n|j| Sark RL\n|\n|t:|1788365696\n|move|p2a: Delphox|Protect|p2a: Delphox\n|-singleturn|p2a: Delphox|Protect\n|move|p1b: Charizard|Protect|p1b: Charizard\n|-singleturn|p1b: Charizard|Protect\n|move|p1a: Grimmsnarl|Light Screen|p1a: Grimmsnarl\n|-sidestart|p1: Jortchamp|move: Light Screen\n|move|p2b: Incineroar|Parting Shot|p1b: Charizard\n|-activate|p1b: Charizard|move: Protect\n|\n|-weather|SunnyDay|[upkeep]\n|upkeep\n|turn|3\n|j| 413XP\n|\n|t:|1788365716\n|move|p1a: Grimmsnarl|Parting Shot|p2a: Delphox\n|-unboost|p2a: Delphox|atk|1\n|-unboost|p2a: Delphox|spa|1\n|\n|t:|1788365718\n|switch|p1a: Pelipper|Pelipper, L50, F|100/100|[from] Parting Shot\n|-weather|RainDance|[from] ability: Drizzle|[of] p1a: Pelipper\n|move|p2a: Delphox|Psychic|p1b: Charizard\n|-damage|p1b: Charizard|60/100\n|move|p1b: Charizard|Weather Ball|p2a: Delphox\n|-supereffective|p2a: Delphox|1\n|-damage|p2a: Delphox|0 fnt\n|faint|p2a: Delphox\n|move|p2b: Incineroar|Darkest Lariat|p1b: Charizard\n|-damage|p1b: Charizard|20/100y\n|\n|-weather|RainDance|[upkeep]\n|upkeep\n|\n|t:|1788365735\n|switch|p2a: Vanilluxe|Vanilluxe, L50, M|100/100\n|-weather|Snowscape|[from] ability: Snow Warning|[of] p2a: Vanilluxe\n|turn|4\n|l| phallic building\n|\n|t:|1788365753\n|switch|p1b: Grimmsnarl|Grimmsnarl, L50, M|88/100\n|switch|p1a: Archaludon|Archaludon, L50, M|100/100\n|move|p2a: Vanilluxe|Freeze-Dry|p1a: Archaludon\n|-damage|p1a: Archaludon|81/100\n|-ability|p1a: Archaludon|Stamina|boost\n|-boost|p1a: Archaludon|def|1\n|move|p2b: Incineroar|Darkest Lariat|p1b: Grimmsnarl\n|-resisted|p1b: Grimmsnarl|2\n|-damage|p1b: Grimmsnarl|80/100\n|\n|-weather|Snowscape|[upkeep]\n|-heal|p1a: Archaludon|87/100|[from] item: Leftovers\n|upkeep\n|turn|5\n|\n|t:|1788365771\n|switch|p2a: Sinistcha|Sinistcha, L50|100/100\n|-heal|p2b: Incineroar|95/100|[from] ability: Hospitality|[of] p2a: Sinistcha\n|move|p1a: Archaludon|Flash Cannon|p2a: Sinistcha\n|-crit|p2a: Sinistcha\n|-damage|p2a: Sinistcha|41/100\n|move|p2b: Incineroar|Parting Shot|p1b: Grimmsnarl\n|-unboost|p1b: Grimmsnarl|atk|1\n|-unboost|p1b: Grimmsnarl|spa|1\n|j| blindfishptsd\n|\n|t:|1788365780\n|switch|p2b: Vanilluxe|Vanilluxe, L50, M|100/100|[from] Parting Shot\n|move|p1b: Grimmsnarl|Spirit Break|p2a: Sinistcha\n|-damage|p2a: Sinistcha|25/100\n|-unboost|p2a: Sinistcha|spa|1\n|\n|-weather|Snowscape|[upkeep]\n|-heal|p1a: Archaludon|93/100|[from] item: Leftovers\n|upkeep\n|turn|6\n|inactive|TheRealEmilyRose has 30 seconds left.\n|\n|t:|1788365806\n|move|p2a: Sinistcha|Rage Powder|p2a: Sinistcha\n|-singleturn|p2a: Sinistcha|move: Rage Powder\n|move|p1b: Grimmsnarl|Parting Shot|p2a: Sinistcha\n|-unboost|p2a: Sinistcha|atk|1\n|-unboost|p2a: Sinistcha|spa|1\n|\n|t:|1788365810\n|switch|p1b: Charizard|Charizard-Mega-Y, L50, M|20/100y|[from] Parting Shot\n|-weather|SunnyDay|[from] ability: Drought|[of] p1b: Charizard\n|move|p2b: Vanilluxe|Sheer Cold|p1a: Archaludon|[miss]\n|-miss|p2b: Vanilluxe|p1a: Archaludon\n|move|p1a: Archaludon|Dragon Pulse|p2a: Sinistcha\n|-damage|p2a: Sinistcha|0 fnt\n|faint|p2a: Sinistcha\n|\n|-weather|SunnyDay|[upkeep]\n|-heal|p1a: Archaludon|100/100|[from] item: Leftovers\n|upkeep\n|\n|t:|1788365821\n|switch|p2a: Incineroar|Incineroar, L50, M|95/100\n|-ability|p2a: Incineroar|Intimidate|boost\n|-unboost|p1a: Archaludon|atk|1\n|-unboost|p1b: Charizard|atk|1\n|turn|7\n|\n|t:|1788365828\n|move|p1b: Charizard|Protect|p1b: Charizard\n|-singleturn|p1b: Charizard|Protect\n|move|p1a: Archaludon|Protect|p1a: Archaludon\n|-singleturn|p1a: Archaludon|Protect\n|move|p2a: Incineroar|Fake Out|p1b: Charizard\n|-activate|p1b: Charizard|move: Protect\n|move|p2b: Vanilluxe|Sheer Cold|p1a: Archaludon\n|-activate|p1a: Archaludon|move: Protect\n|\n|-weather|SunnyDay|[upkeep]\n|upkeep\n|turn|8\n|\n|t:|1788365842\n|switch|p1a: Pelipper|Pelipper, L50, F|100/100\n|-weather|RainDance|[from] ability: Drizzle|[of] p1a: Pelipper\n|move|p2b: Vanilluxe|Sheer Cold|p1a: Pelipper|[miss]\n|-miss|p2b: Vanilluxe|p1a: Pelipper\n|move|p1b: Charizard|Weather Ball|p2a: Incineroar\n|-supereffective|p2a: Incineroar|1\n|-damage|p2a: Incineroar|0 fnt\n|faint|p2a: Incineroar\n|\n|-weather|RainDance|[upkeep]\n|upkeep\n|turn|9\n|\n|t:|1788365854\n|switch|p1b: Grimmsnarl|Grimmsnarl, L50, M|80/100\n|move|p2b: Vanilluxe|Sheer Cold|p1a: Pelipper\n|-damage|p1a: Pelipper|0 fnt\n|faint|p1a: Pelipper\n|-ohko\n|\n|-weather|RainDance|[upkeep]\n|-sideend|p1: Jortchamp|move: Light Screen\n|upkeep\n|\n|t:|1788365859\n|switch|p1a: Archaludon|Archaludon, L50, M|100/100\n|turn|10\n|l| Sark RL\n|c|☆TheRealEmilyRose|LETS GO\n|\n|t:|1788365868\n|move|p1a: Archaludon|Protect|p1a: Archaludon\n|-singleturn|p1a: Archaludon|Protect\n|move|p2b: Vanilluxe|Sheer Cold|p1a: Archaludon\n|-activate|p1a: Archaludon|move: Protect\n|move|p1b: Grimmsnarl|Spirit Break|p2b: Vanilluxe\n|-damage|p2b: Vanilluxe|59/100\n|-unboost|p2b: Vanilluxe|spa|1\n|\n|-weather|RainDance|[upkeep]\n|upkeep\n|turn|11\n|\n|t:|1788365878\n|switch|p1a: Charizard|Charizard-Mega-Y, L50, M|20/100y\n|-weather|SunnyDay|[from] ability: Drought|[of] p1a: Charizard\n|move|p2b: Vanilluxe|Sheer Cold|p1a: Charizard|[miss]\n|-miss|p2b: Vanilluxe|p1a: Charizard\n|move|p1b: Grimmsnarl|Spirit Break|p2b: Vanilluxe\n|-damage|p2b: Vanilluxe|14/100\n|-unboost|p2b: Vanilluxe|spa|1\n|\n|-weather|SunnyDay|[upkeep]\n|upkeep\n|turn|12\n|\n|t:|1788365890\n|move|p1a: Charizard|Protect|p1a: Charizard\n|-singleturn|p1a: Charizard|Protect\n|move|p1b: Grimmsnarl|Parting Shot|p2b: Vanilluxe\n|-unboost|p2b: Vanilluxe|atk|1\n|-unboost|p2b: Vanilluxe|spa|1\n|\n|t:|1788365893\n|switch|p1b: Archaludon|Archaludon, L50, M|100/100|[from] Parting Shot\n|move|p2b: Vanilluxe|Sheer Cold|p1b: Archaludon|[miss]\n|-miss|p2b: Vanilluxe|p1b: Archaludon\n|\n|-weather|SunnyDay|[upkeep]\n|upkeep\n|turn|13\n|\n|t:|1788365902\n|move|p1a: Charizard|Protect||[still]\n|-fail|p1a: Charizard\n|move|p1b: Archaludon|Protect|p1b: Archaludon\n|-singleturn|p1b: Archaludon|Protect\n|move|p2b: Vanilluxe|Sheer Cold|p1b: Archaludon\n|-activate|p1b: Archaludon|move: Protect\n|\n|-weather|SunnyDay|[upkeep]\n|upkeep\n|turn|14\n|c|☆TheRealEmilyRose|ggs\n|\n|t:|1788365911\n|switch|p1a: Grimmsnarl|Grimmsnarl, L50, M|80/100\n|-activate|p2b: Vanilluxe|move: Struggle\n|move|p2b: Vanilluxe|Struggle|p1b: Archaludon\n|-damage|p1b: Archaludon|95/100\n|-ability|p1b: Archaludon|Stamina|boost\n|-boost|p1b: Archaludon|def|1\n|-damage|p2b: Vanilluxe|0 fnt|[from] recoil\n|faint|p2b: Vanilluxe\n|\n|win|Jortchamp\n|c|☆Jortchamp|Ggs\n|l| blindfishptsd\n|l| cillianvgc\n|c|☆TheRealEmilyRose|Do you wanna post the replays or will I?\n","uploadtime":1788366006,"views":"23","formatid":"gen9championsvgc2026regmbbo3","rating":null,"private":0,"password":null}