{"id":"gen9championsvgc2026regmbbo3-2674150009","format":"[Gen 9 Champions] VGC 2026 Reg M-B (Bo3)","players":["AirZingis","platanoso"],"log":"|j|☆AirZingis\n|j|☆platanoso\n|html|<table width=\"100%\"><tr><td align=\"left\">AirZingis</td><td align=\"right\">platanoso</tr><tr><td align=\"left\"><i class=\"fa fa-circle\"></i> <i class=\"fa fa-circle-o\"></i> </td><td align=\"right\"><i class=\"fa fa-circle-o\"></i> <i class=\"fa fa-circle\"></i> </tr></table>\n|uhtml|bestof|<h2><strong>Game 3</strong> of <a href=\"/game-bestof3-gen9championsvgc2026regmbbo3-2674145187\">a best-of-3</a></h2>\n|t:|1788306580\n|gametype|doubles\n|player|p1|AirZingis|steven|1106\n|player|p2|platanoso|madame-gen4|1242\n|gen|9\n|tier|[Gen 9 Champions] VGC 2026 Reg M-B (Bo3)\n|rated|\n|rule|Species Clause: Limit one of each Pokémon\n|rule|Item Clause: Limit 1 of each item\n|clearpoke\n|poke|p1|Floette-Eternal, L50, F|\n|poke|p1|Kingambit, L50, F|\n|poke|p1|Aerodactyl, L50, M|\n|poke|p1|Garchomp, L50, F|\n|poke|p1|Milotic, L50, F|\n|poke|p1|Charizard, L50, M|\n|poke|p2|Floette-Eternal, L50, F|\n|poke|p2|Sneasler, L50, M|\n|poke|p2|Incineroar, L50, M|\n|poke|p2|Sinistcha, L50|\n|poke|p2|Delphox, L50, M|\n|poke|p2|Garchomp, L50, F|\n|teampreview|4\n|showteam|p1|Floette-Eternal||Floettite|FlowerVeil|DazzlingGleam,Moonblast,CalmMind,Protect|Modest||F|||50|]Kingambit||ChopleBerry|Defiant|KowtowCleave,SuckerPunch,IronHead,Protect|Adamant||F|||50|]Aerodactyl||FocusSash|Unnerve|RockSlide,DualWingbeat,Tailwind,Protect|Jolly||M|||50|]Garchomp||LifeOrb|RoughSkin|DragonClaw,Earthquake,RockSlide,Protect|Jolly||F|||50|]Milotic||SitrusBerry|Competitive|Scald,IceBeam,LifeDew,Protect|Bold||F|||50|]Charizard||CharizarditeY|Blaze|WeatherBall,HeatWave,HelpingHand,Protect|Timid||M|||50|\n|showteam|p2|Floette-Eternal||Floettite|FlowerVeil|DazzlingGleam,DrainingKiss,CalmMind,Protect|Timid||F|||50|]Sneasler||FocusSash|PoisonTouch|CloseCombat,PoisonJab,FakeOut,Coaching|Jolly||M|||50|]Incineroar||SitrusBerry|Intimidate|FlareBlitz,DarkestLariat,PartingShot,FakeOut|Impish||M|||50|]Sinistcha||OccaBerry|Hospitality|MatchaGotcha,RagePowder,TrickRoom,Protect|Bold|||||50|]Delphox||Delphoxite|Blaze|Psychic,HeatWave,NastyPlot,Protect|Timid||M|||50|]Garchomp||ChoiceScarf|RoughSkin|DragonClaw,StompingTantrum,Earthquake,RockSlide|Adamant||F|||50|\n|inactive|Battle timer is ON: inactive players will automatically lose when time's up. (requested by AirZingis)\n|inactive|AirZingis has 60 seconds left.\n|inactive|AirZingis has 30 seconds left.\n|inactive|AirZingis has 20 seconds left.\n|inactive|AirZingis has 15 seconds left.\n|inactive|AirZingis has 10 seconds left.\n|inactive|AirZingis has 5 seconds left.\n|\n|t:|1788306669\n|teamsize|p1|4\n|teamsize|p2|4\n|start\n|switch|p1a: Floette|Floette-Eternal, L50, F|100/100\n|switch|p1b: Kingambit|Kingambit, L50, F|100/100\n|switch|p2a: Floette|Floette-Eternal, L50, F|100/100\n|switch|p2b: Sneasler|Sneasler, L50, M|100/100\n|turn|1\n|\n|t:|1788306691\n|switch|p1a: Aerodactyl|Aerodactyl, L50, M|100/100\n|-ability|p1a: Aerodactyl|Unnerve\n|detailschange|p2a: Floette|Floette-Mega, L50, F\n|-mega|p2a: Floette|Floette|Floettite\n|-ability|p2a: Floette|Fairy Aura\n|move|p1b: Kingambit|Protect|p1b: Kingambit\n|-singleturn|p1b: Kingambit|Protect\n|move|p2b: Sneasler|Fake Out|p1b: Kingambit\n|-activate|p1b: Kingambit|move: Protect\n|move|p2a: Floette|Calm Mind|p2a: Floette\n|-boost|p2a: Floette|spa|1\n|-boost|p2a: Floette|spd|1\n|\n|upkeep\n|turn|2\n|\n|t:|1788306714\n|switch|p2b: Garchomp|Garchomp, L50, F|100/100\n|move|p1a: Aerodactyl|Dual Wingbeat|p2b: Garchomp\n|-damage|p2b: Garchomp|82/100\n|-damage|p1a: Aerodactyl|87/100|[from] ability: Rough Skin|[of] p2b: Garchomp\n|-damage|p2b: Garchomp|64/100\n|-damage|p1a: Aerodactyl|75/100|[from] ability: Rough Skin|[of] p2b: Garchomp\n|-hitcount|p2b: Garchomp|2\n|move|p2a: Floette|Dazzling Gleam|p1b: Kingambit|[spread] p1a,p1b\n|-damage|p1a: Aerodactyl|0 fnt\n|-damage|p1b: Kingambit|27/100\n|faint|p1a: Aerodactyl\n|move|p1b: Kingambit|Iron Head|p2a: Floette\n|-supereffective|p2a: Floette|1\n|-damage|p2a: Floette|14/100\n|\n|upkeep\n|\n|t:|1788306729\n|switch|p1a: Floette|Floette-Eternal, L50, F|100/100\n|turn|3\n|\n|t:|1788306751\n|switch|p2b: Sinistcha|Sinistcha, L50|100/100\n|-heal|p2a: Floette|39/100|[from] ability: Hospitality|[of] p2b: Sinistcha\n|detailschange|p1a: Floette|Floette-Mega, L50, F\n|-mega|p1a: Floette|Floette|Floettite\n|-ability|p1a: Floette|Fairy Aura\n|move|p2a: Floette|Protect|p2a: Floette\n|-singleturn|p2a: Floette|Protect\n|move|p1b: Kingambit|Sucker Punch||[still]\n|-fail|p1b: Kingambit\n|move|p1a: Floette|Moonblast|p2b: Sinistcha\n|-damage|p2b: Sinistcha|23/100\n|\n|upkeep\n|turn|4\n|inactive|AirZingis has 30 seconds left.\n|inactive|platanoso has 30 seconds left.\n|inactive|platanoso has 20 seconds left.\n|inactive|platanoso has 15 seconds left.\n|\n|t:|1788306793\n|switch|p2b: Sneasler|Sneasler, L50, M|100/100\n|move|p1b: Kingambit|Sucker Punch||[still]\n|-fail|p1b: Kingambit\n|move|p2a: Floette|Dazzling Gleam|p1a: Floette|[spread] p1a,p1b\n|-damage|p1a: Floette|50/100g\n|-damage|p1b: Kingambit|0 fnt\n|faint|p1b: Kingambit\n|move|p1a: Floette|Dazzling Gleam|p2a: Floette|[spread] p2a,p2b\n|-damage|p2a: Floette|17/100\n|-damage|p2b: Sneasler|32/100\n|\n|upkeep\n|\n|t:|1788306804\n|switch|p1b: Garchomp|Garchomp, L50, F|100/100\n|turn|5\n|\n|t:|1788306823\n|move|p1b: Garchomp|Protect|p1b: Garchomp\n|-singleturn|p1b: Garchomp|Protect\n|move|p1a: Floette|Protect|p1a: Floette\n|-singleturn|p1a: Floette|Protect\n|move|p2b: Sneasler|Fake Out|p1b: Garchomp\n|-activate|p1b: Garchomp|move: Protect\n|move|p2a: Floette|Draining Kiss|p1a: Floette\n|-activate|p1a: Floette|move: Protect\n|\n|upkeep\n|turn|6\n|\n|t:|1788306841\n|move|p2a: Floette|Protect|p2a: Floette\n|-singleturn|p2a: Floette|Protect\n|move|p2b: Sneasler|Poison Jab|p1a: Floette\n|-supereffective|p1a: Floette|1\n|-damage|p1a: Floette|0 fnt\n|faint|p1a: Floette\n|move|p1b: Garchomp|Earthquake|p2a: Floette|[spread] p2b\n|-activate|p2a: Floette|move: Protect\n|-supereffective|p2b: Sneasler|1\n|-damage|p2b: Sneasler|0 fnt\n|faint|p2b: Sneasler\n|-damage|p1b: Garchomp|90/100|[from] item: Life Orb\n|\n|upkeep\n|\n|t:|1788306852\n|switch|p2b: Sinistcha|Sinistcha, L50|23/100\n|-heal|p2a: Floette|42/100|[from] ability: Hospitality|[of] p2b: Sinistcha\n|turn|7\n|\n|t:|1788306861\n|move|p1b: Garchomp|Earthquake|p2a: Floette|[spread] p2a,p2b\n|-resisted|p2b: Sinistcha|1\n|-damage|p2a: Floette|0 fnt\n|-damage|p2b: Sinistcha|2/100\n|faint|p2a: Floette\n|-damage|p1b: Garchomp|80/100|[from] item: Life Orb\n|move|p2b: Sinistcha|Matcha Gotcha|p1b: Garchomp\n|-damage|p1b: Garchomp|45/100\n|-heal|p2b: Sinistcha|20/100y|[from] drain|[of] p1b: Garchomp\n|\n|upkeep\n|\n|t:|1788306871\n|switch|p2a: Garchomp|Garchomp, L50, F|64/100\n|turn|8\n|\n|t:|1788306895\n|move|p2a: Garchomp|Dragon Claw|p1b: Garchomp\n|-supereffective|p1b: Garchomp|1\n|-damage|p1b: Garchomp|0 fnt\n|-damage|p2a: Garchomp|52/100|[from] ability: Rough Skin|[of] p1b: Garchomp\n|faint|p1b: Garchomp\n|\n|win|platanoso\n","uploadtime":1788306585,"views":"5","formatid":"gen9championsvgc2026regmbbo3","rating":null,"private":0,"password":null}