{"id":"gen9championsvgc2026regmb-2674916338","format":"[Gen 9 Champions] VGC 2026 Reg M-B","players":["bristolcitybewears","Drought Drop"],"log":"|j|☆bristolcitybewears\n|j|☆Drought Drop\n|html|<table width=\"100%\"><tr><td align=\"left\">bristolcitybewears</td><td align=\"right\">Drought Drop</tr><tr><td align=\"left\"><i class=\"fa fa-circle\"></i> <i class=\"fa fa-circle-o\"></i> </td><td align=\"right\"><i class=\"fa fa-circle-o\"></i> <i class=\"fa fa-circle-o\"></i> </tr></table>\n|uhtml|bestof|<h2><strong>Game 2</strong> of <a href=\"/game-bestof3-gen9championsvgc2026regmb-2674914536\">a best-of-3</a></h2>\n|t:|1788435405\n|gametype|doubles\n|player|p1|bristolcitybewears|102|\n|player|p2|Drought Drop|n-masters|\n|gen|9\n|tier|[Gen 9 Champions] VGC 2026 Reg M-B\n|rule|Species Clause: Limit one of each Pokémon\n|rule|Item Clause: Limit 1 of each item\n|raw|<div class=\"infobox\"><details class=\"readmore\" open><summary><strong>1 custom rule:</strong></summary> Best of = 3</details></div>\n|clearpoke\n|poke|p1|Mamoswine, L50, M|\n|poke|p1|Aerodactyl, L50, F|\n|poke|p1|Sableye, L50, F|\n|poke|p1|Sylveon, L50, M|\n|poke|p1|Wyrdeer, L50, M|\n|poke|p1|Scovillain, L50, M|\n|poke|p2|Politoed, L50, M|\n|poke|p2|Kleavor, L50, F|\n|poke|p2|Farigiraf, L50, F|\n|poke|p2|Incineroar, L50, F|\n|poke|p2|Starmie, L50|\n|poke|p2|Goodra-Hisui, L50, M|\n|teampreview|4\n|inactive|Battle timer is ON: inactive players will automatically lose when time's up. (requested by Drought Drop)\nbristolcitybewears rejected open team sheets.\n|inactive|bristolcitybewears has 60 seconds left.\n|inactive|Drought Drop has 60 seconds left.\n|\n|t:|1788435440\n|teamsize|p1|4\n|teamsize|p2|4\n|start\n|switch|p1a: Sauron|Aerodactyl, L50, F|100/100\n|switch|p1b: BW: B4 wolfey|Mamoswine, L50, M|100/100\n|switch|p2a: Politoed|Politoed, L50, M|100/100\n|switch|p2b: Incineroar|Incineroar, L50, F|100/100\n|-ability|p1a: Sauron|Unnerve\n|-weather|RainDance|[from] ability: Drizzle|[of] p2a: Politoed\n|-ability|p2b: Incineroar|Intimidate|boost\n|-unboost|p1a: Sauron|atk|1\n|-fail|p1b: BW: B4 wolfey|unboost|atk|[from] ability: Oblivious|[of] p1b: BW: B4 wolfey\n|turn|1\n|inactive|Drought Drop has 30 seconds left.\n|inactive|bristolcitybewears has 30 seconds left.\n|\n|t:|1788435477\n|move|p2b: Incineroar|Fake Out|p1a: Sauron\n|-resisted|p1a: Sauron|1\n|-damage|p1a: Sauron|90/100\n|move|p1b: BW: B4 wolfey|Rock Slide|p2b: Incineroar|[spread] p2a,p2b\n|-supereffective|p2b: Incineroar|1\n|-damage|p2a: Politoed|78/100\n|-damage|p2b: Incineroar|61/100\n|cant|p1a: Sauron|flinch\n|move|p2a: Politoed|Muddy Water|p1b: BW: B4 wolfey|[spread] p1a,p1b\n|-supereffective|p1a: Sauron|1\n|-crit|p1a: Sauron\n|-supereffective|p1b: BW: B4 wolfey|1\n|-damage|p1a: Sauron|0 fnt\n|-damage|p1b: BW: B4 wolfey|0 fnt\n|faint|p1a: Sauron\n|faint|p1b: BW: B4 wolfey\n|\n|-weather|RainDance|[upkeep]\n|upkeep\n|\n|t:|1788435489\n|switch|p1a: GEMS|Sableye, L50, F|100/100\n|switch|p1b: Jamie Hayter|Sylveon, L50, M|100/100\n|turn|2\n|\n|t:|1788435499\n|detailschange|p1a: GEMS|Sableye-Mega, L50, F\n|-mega|p1a: GEMS|Sableye|Sablenite\n|move|p2a: Politoed|Protect|p2a: Politoed\n|-singleturn|p2a: Politoed|Protect\n|move|p1b: Jamie Hayter|Hyper Voice|p2b: Incineroar|[spread] p2b\n|-activate|p2a: Politoed|move: Protect\n|-damage|p2b: Incineroar|13/100\n|move|p2b: Incineroar|Parting Shot|p1b: Jamie Hayter\n|-unboost|p1b: Jamie Hayter|atk|1\n|-unboost|p1b: Jamie Hayter|spa|1\n|\n|t:|1788435507\n|switch|p2b: Goodra|Goodra-Hisui, L50, M|100/100|[from] Parting Shot\n|move|p1a: GEMS|Low Kick|p2b: Goodra\n|-supereffective|p2b: Goodra|1\n|-damage|p2b: Goodra|52/100\n|\n|-weather|RainDance|[upkeep]\n|-heal|p2b: Goodra|58/100|[from] item: Leftovers\n|upkeep\n|turn|3\n|\n|t:|1788435523\n|move|p2a: Politoed|Muddy Water|p1a: GEMS|[spread] p1a,p1b\n|-damage|p1a: GEMS|68/100\n|-damage|p1b: Jamie Hayter|67/100\n|-unboost|p1b: Jamie Hayter|accuracy|1\n|move|p1b: Jamie Hayter|Hyper Voice|p2a: Politoed|[spread] p2a,p2b\n|-damage|p2a: Politoed|46/100\n|-damage|p2b: Goodra|37/100\n|-enditem|p2a: Politoed|Sitrus Berry|[eat]\n|-heal|p2a: Politoed|71/100|[from] item: Sitrus Berry\n|move|p2b: Goodra|Life Dew|p2b: Goodra|[spread] p2a,p2b\n|-heal|p2a: Politoed|95/100\n|-heal|p2b: Goodra|63/100\n|move|p1a: GEMS|Low Kick|p2b: Goodra\n|-supereffective|p2b: Goodra|1\n|-damage|p2b: Goodra|19/100\n|\n|-weather|RainDance|[upkeep]\n|-heal|p2b: Goodra|25/100|[from] item: Leftovers\n|upkeep\n|turn|4\n|inactive|bristolcitybewears has 30 seconds left.\n|\n|t:|1788435550\n|move|p2a: Politoed|Muddy Water|p1a: GEMS|[spread] p1a\n|-miss|p2a: Politoed|p1b: Jamie Hayter\n|-damage|p1a: GEMS|37/100\n|-unboost|p1a: GEMS|accuracy|1\n|move|p1b: Jamie Hayter|Moonblast|p2b: Goodra|[miss]\n|-miss|p1b: Jamie Hayter|p2b: Goodra\n|move|p2b: Goodra|Dragon Pulse|p1a: GEMS\n|-damage|p1a: GEMS|5/100\n|move|p1a: GEMS|Throat Chop|p2a: Politoed\n|-damage|p2a: Politoed|67/100\n|-start|p2a: Politoed|Throat Chop|[silent]\n|\n|-weather|RainDance|[upkeep]\n|-heal|p2b: Goodra|31/100|[from] item: Leftovers\n|upkeep\n|turn|5\n|\n|t:|1788435568\n|move|p2a: Politoed|Icy Wind|p1a: GEMS|[spread] p1a,p1b\n|-crit|p1b: Jamie Hayter\n|-damage|p1a: GEMS|0 fnt\n|-damage|p1b: Jamie Hayter|54/100\n|-unboost|p1b: Jamie Hayter|spe|1\n|faint|p1a: GEMS\n|move|p2b: Goodra|Life Dew|p2b: Goodra|[spread] p2a,p2b\n|-heal|p2a: Politoed|91/100\n|-heal|p2b: Goodra|56/100\n|move|p1b: Jamie Hayter|Moonblast|p2a: Politoed\n|-damage|p2a: Politoed|59/100\n|\n|-weather|none\n|-heal|p2b: Goodra|62/100|[from] item: Leftovers\n|-end|p2a: Politoed|Throat Chop|[silent]\n|upkeep\n|turn|6\n|\n|t:|1788435575\n|move|p2a: Politoed|Muddy Water|p1b: Jamie Hayter|[miss]\n|-miss|p2a: Politoed|p1b: Jamie Hayter\n|move|p2b: Goodra|Flash Cannon|p1b: Jamie Hayter\n|-supereffective|p1b: Jamie Hayter|1\n|-damage|p1b: Jamie Hayter|0 fnt\n|faint|p1b: Jamie Hayter\n|\n|win|Drought Drop\n||bristolcitybewears is ready for game 3.\n||Drought Drop is ready for game 3.\n|uhtml|next|Next: <a href=\"/battle-gen9championsvgc2026regmb-2674917308\"><strong>Game 3 of 3</strong></a>\n","uploadtime":1788435983,"views":"11","formatid":"gen9championsvgc2026regmb","rating":null,"private":0,"password":null}