{"id":"gen9championsvgc2026regmb-2674221802","format":"[Gen 9 Champions] VGC 2026 Reg M-B","players":["tung cubed","minamisimp"],"log":"|j|☆tung cubed\n|j|☆minamisimp\n|html|<table width=\"100%\"><tr><td align=\"left\">tung cubed</td><td align=\"right\">minamisimp</tr><tr><td align=\"left\"><i class=\"fa fa-circle-o\"></i> <i class=\"fa fa-circle-o\"></i> </td><td align=\"right\"><i class=\"fa fa-circle-o\"></i> <i class=\"fa fa-circle\"></i> </tr></table>\n|uhtml|bestof|<h2><strong>Game 2</strong> of <a href=\"/game-bestof3-gen9championsvgc2026regmb-2674220133\">a best-of-3</a></h2>\n|t:|1788317913\n|gametype|doubles\n|player|p1|tung cubed|skyla|\n|player|p2|minamisimp|265|\n|gen|9\n|tier|[Gen 9 Champions] VGC 2026 Reg M-B\n|rated|Tournament battle\n|rule|Species Clause: Limit one of each Pokémon\n|rule|Item Clause: Limit 1 of each item\n|raw|<div class=\"infobox\"><details class=\"readmore\" open><summary><strong>2 custom rules:</strong></summary> Force Open Team Sheets, Best of = 3</details></div>\n|clearpoke\n|poke|p1|Charizard, L50, M|\n|poke|p1|Whimsicott, L50, M|\n|poke|p1|Garchomp, L50, F|\n|poke|p1|Kingambit, L50, F|\n|poke|p1|Basculegion, L50, M|\n|poke|p1|Floette-Eternal, L50, F|\n|poke|p2|Charizard, L50, F|\n|poke|p2|Grimmsnarl, L50, M|\n|poke|p2|Pelipper, L50, F|\n|poke|p2|Archaludon, L50, M|\n|poke|p2|Basculegion, L50, M|\n|poke|p2|Venusaur, L50, M|\n|teampreview|4\n|showteam|p1|Charizard||CharizarditeY|Blaze|HeatWave,WeatherBall,SolarBeam,Protect|Modest||M|||50|]Whimsicott||FocusSash|Prankster|Moonblast,Tailwind,Encore,Protect|Timid||M|||50|]Garchomp||LifeOrb|RoughSkin|DragonClaw,Earthquake,RockSlide,Protect|Jolly||F|||50|]Kingambit||BlackGlasses|Defiant|KowtowCleave,IronHead,SuckerPunch,Protect|Adamant||F|||50|]Basculegion||MysticWater|Adaptability|WaveCrash,LastRespects,AquaJet,Protect|Adamant||M|||50|]Floette-Eternal||Floettite|FlowerVeil|DazzlingGleam,Moonblast,LightofRuin,Protect|Timid||F|||50|\n|showteam|p2|Charizard||CharizarditeY|Blaze|Protect,HeatWave,WeatherBall,SolarBeam|Modest||F|||50|]Grimmsnarl||LightClay|Prankster|SpiritBreak,Reflect,LightScreen,PartingShot|Careful||M|||50|]Pelipper||SitrusBerry|Drizzle|Hurricane,WeatherBall,Tailwind,WideGuard|Modest||F|||50|]Archaludon||Leftovers|Stamina|Protect,ElectroShot,DragonPulse,FlashCannon|Calm||M|||50|]Basculegion||ChoiceScarf|Adaptability|FlipTurn,WaveCrash,AquaJet,LastRespects|Jolly||M|||50|]Venusaur||FocusSash|Chlorophyll|Protect,SleepPowder,SludgeBomb,EarthPower|Modest||M|||50|\n|inactive|Battle timer is ON: inactive players will automatically lose when time's up. (requested by tung cubed)\n|inactive|tung cubed has 60 seconds left.\n|\n|t:|1788317944\n|teamsize|p1|4\n|teamsize|p2|4\n|start\n|switch|p1a: Garchomp|Garchomp, L50, F|100/100\n|switch|p1b: Whimsicott|Whimsicott, L50, M|100/100\n|switch|p2a: Pelipper|Pelipper, L50, F|100/100\n|switch|p2b: Basculegion|Basculegion, L50, M|100/100\n|-weather|RainDance|[from] ability: Drizzle|[of] p2a: Pelipper\n|turn|1\n|j| TG511\n|\n|t:|1788317969\n|switch|p1b: Charizard|Charizard, L50, M|100/100\n|move|p1a: Garchomp|Protect|p1a: Garchomp\n|-singleturn|p1a: Garchomp|Protect\n|move|p2b: Basculegion|Wave Crash|p1a: Garchomp\n|-activate|p1a: Garchomp|move: Protect\n|move|p2a: Pelipper|Hurricane|p1b: Charizard\n|-damage|p1b: Charizard|54/100\n|\n|-weather|RainDance|[upkeep]\n|upkeep\n|turn|2\n|l| TG511\n|\n|t:|1788317984\n|detailschange|p1b: Charizard|Charizard-Mega-Y, L50, M\n|-mega|p1b: Charizard|Charizard|Charizardite Y\n|-weather|SunnyDay|[from] ability: Drought|[of] p1b: Charizard\n|move|p1b: Charizard|Protect|p1b: Charizard\n|-singleturn|p1b: Charizard|Protect\n|move|p2b: Basculegion|Wave Crash|p1b: Charizard\n|-activate|p1b: Charizard|move: Protect\n|move|p1a: Garchomp|Dragon Claw|p2b: Basculegion\n|-damage|p2b: Basculegion|39/100\n|-damage|p1a: Garchomp|90/100|[from] item: Life Orb\n|move|p2a: Pelipper|Tailwind|p2a: Pelipper\n|-sidestart|p2: minamisimp|move: Tailwind\n|\n|-weather|SunnyDay|[upkeep]\n|upkeep\n|turn|3\n|j| the crimson wooper\n|j| TG511\n|c| the crimson wooper|tung cubed respect\n|\n|t:|1788318014\n|switch|p2b: Charizard|Charizard, L50, F|100/100\n|switch|p1b: Whimsicott|Whimsicott, L50, M|100/100\n|move|p2a: Pelipper|Wide Guard|p2a: Pelipper\n|-singleturn|p2a: Pelipper|Wide Guard\n|move|p1a: Garchomp|Dragon Claw|p2b: Charizard\n|-crit|p2b: Charizard\n|-damage|p2b: Charizard|16/100\n|-damage|p1a: Garchomp|80/100|[from] item: Life Orb\n|\n|-weather|SunnyDay|[upkeep]\n|upkeep\n|turn|4\n|j| bangbangkeef\n|c| the crimson wooper|tung cubed why hax\n|inactive|minamisimp has 30 seconds left.\n|\n|t:|1788318040\n|move|p1b: Whimsicott|Protect|p1b: Whimsicott\n|-singleturn|p1b: Whimsicott|Protect\n|move|p2b: Charizard|Heat Wave|p1a: Garchomp|[spread] p1a\n|-activate|p1b: Whimsicott|move: Protect\n|-resisted|p1a: Garchomp|1\n|-damage|p1a: Garchomp|44/100\n|move|p2a: Pelipper|Weather Ball|p1b: Whimsicott\n|-activate|p1b: Whimsicott|move: Protect\n|move|p1a: Garchomp|Dragon Claw|p2a: Pelipper\n|-damage|p2a: Pelipper|36/100\n|-enditem|p2a: Pelipper|Sitrus Berry|[eat]\n|-heal|p2a: Pelipper|61/100|[from] item: Sitrus Berry\n|-damage|p1a: Garchomp|35/100|[from] item: Life Orb\n|\n|-weather|SunnyDay|[upkeep]\n|upkeep\n|turn|5\n|\n|t:|1788318056\n|move|p2b: Charizard|Protect|p2b: Charizard\n|-singleturn|p2b: Charizard|Protect\n|move|p1b: Whimsicott|Tailwind|p1b: Whimsicott\n|-sidestart|p1: tung cubed|move: Tailwind\n|move|p1a: Garchomp|Dragon Claw|p2b: Charizard\n|-activate|p2b: Charizard|move: Protect\n|move|p2a: Pelipper|Hurricane|p1a: Garchomp|[miss]\n|-miss|p2a: Pelipper|p1a: Garchomp\n|\n|-weather|SunnyDay|[upkeep]\n|-sideend|p2: minamisimp|move: Tailwind\n|upkeep\n|turn|6\n|\n|t:|1788318068\n|switch|p2b: Venusaur|Venusaur, L50, M|100/100\n|move|p2a: Pelipper|Wide Guard|p2a: Pelipper\n|-singleturn|p2a: Pelipper|Wide Guard\n|move|p1b: Whimsicott|Encore|p2a: Pelipper\n|-start|p2a: Pelipper|Encore\n|move|p1a: Garchomp|Dragon Claw|p2b: Venusaur\n|-crit|p2b: Venusaur\n|-enditem|p2b: Venusaur|Focus Sash\n|-damage|p2b: Venusaur|1/100\n|-damage|p1a: Garchomp|25/100|[from] item: Life Orb\n|\n|-weather|none\n|upkeep\n|turn|7\n|c| the crimson wooper|bro haxxed again :monkeycheseskull:\n|inactive|minamisimp has 30 seconds left.\n|\n|t:|1788318099\n|switch|p2a: Charizard|Charizard, L50, F|16/100\n|move|p1b: Whimsicott|Moonblast|p2a: Charizard\n|-resisted|p2a: Charizard|1\n|-damage|p2a: Charizard|0 fnt\n|faint|p2a: Charizard\n|move|p1a: Garchomp|Dragon Claw|p2b: Venusaur\n|-damage|p2b: Venusaur|0 fnt\n|faint|p2b: Venusaur\n|-damage|p1a: Garchomp|15/100|[from] item: Life Orb\n|\n|upkeep\n|\n|t:|1788318101\n|switch|p2a: Basculegion|Basculegion, L50, M|39/100\n|switch|p2b: Pelipper|Pelipper, L50, F|61/100\n|-weather|RainDance|[from] ability: Drizzle|[of] p2b: Pelipper\n|turn|8\n|-message|minamisimp forfeited.\n|\n|win|tung cubed\n","uploadtime":1788318106,"views":"0","formatid":"gen9championsvgc2026regmb","rating":null,"private":0,"password":null}