{"id":"gen9championsvgc2026regmbbo3-2674214002","format":"[Gen 9 Champions] VGC 2026 Reg M-B (Bo3)","players":["Watawa","tsg2"],"log":"|j|☆Watawa\n|j|☆tsg2\n|html|<table width=\"100%\"><tr><td align=\"left\">Watawa</td><td align=\"right\">tsg2</tr><tr><td align=\"left\"><i class=\"fa fa-circle-o\"></i> <i class=\"fa fa-circle-o\"></i> </td><td align=\"right\"><i class=\"fa fa-circle-o\"></i> <i class=\"fa fa-circle-o\"></i> </tr></table>\n|uhtml|bestof|<h2><strong>Game 1</strong> of <a href=\"/game-bestof3-gen9championsvgc2026regmbbo3-2674214001\">a best-of-3</a></h2>\n|t:|1788316617\n|gametype|doubles\n|player|p1|Watawa|265|1080\n|player|p2|tsg2|102|1045\n|gen|9\n|tier|[Gen 9 Champions] VGC 2026 Reg M-B (Bo3)\n|rated|\n|rule|Species Clause: Limit one of each Pokémon\n|rule|Item Clause: Limit 1 of each item\n|clearpoke\n|poke|p1|Metagross, L50, shiny|\n|poke|p1|Farigiraf, L50, M|\n|poke|p1|Whimsicott, L50, M|\n|poke|p1|Kommo-o, L50, F, shiny|\n|poke|p1|Basculegion, L50, M|\n|poke|p1|Incineroar, L50, F, shiny|\n|poke|p2|Sableye, L50, F|\n|poke|p2|Charizard, L50, M|\n|poke|p2|Archaludon, L50, M|\n|poke|p2|Basculegion, L50, M|\n|poke|p2|Garchomp, L50, F|\n|poke|p2|Dragonite, L50, F|\n|teampreview|4\n|showteam|p1|Metagross||Metagrossite|ClearBody|IronHead,PsychicFangs,StompingTantrum,Protect|Jolly|||||50|]Farigiraf||ColburBerry|ArmorTail|TwinBeam,HelpingHand,TrickRoom,Roar|Calm||M|||50|]Whimsicott||FocusSash|Prankster|Moonblast,Tailwind,Encore,Protect|Timid||M|||50|]Kommo-o||LifeOrb|Soundproof|ClangingScales,AuraSphere,VacuumWave,Protect|Timid||F|||50|]Basculegion||ChoiceScarf|Adaptability|WaveCrash,LastRespects,AquaJet,FlipTurn|Jolly||M|||50|]Incineroar||SitrusBerry|Intimidate|FakeOut,FlareBlitz,PartingShot,DarkestLariat|Impish||F|||50|\n|showteam|p2|Sableye||MentalHerb|Prankster|FakeOut,RainDance,SunnyDay,Reflect|Relaxed||F|||50|]Charizard||CharizarditeY|Blaze|Hurricane,WeatherBall,Protect,HeatWave|Modest||M|||50|]Archaludon||DragonFang|Stamina|ElectroShot,DragonPulse,FlashCannon,Protect|Modest||M|||50|]Basculegion||LifeOrb|SwiftSwim|WaveCrash,AquaJet,Protect,LastRespects|Adamant||M|||50|]Garchomp||Leftovers|RoughSkin|RockSlide,SwordsDance,Liquidation,Protect|Impish||F|||50|]Dragonite||Dragoninite|Multiscale|Hurricane,HeatWave,ExtremeSpeed,DragonPulse|Quiet||F|||50|\n|\n|t:|1788316662\n|teamsize|p1|4\n|teamsize|p2|4\n|start\n|switch|p1a: Whimsicott|Whimsicott, L50, M|100/100\n|switch|p1b: Kommo-o|Kommo-o, L50, F, shiny|100/100\n|switch|p2a: Sableye|Sableye, L50, F|100/100\n|switch|p2b: Charizard-Mega-Y S|Charizard, L50, M|100/100\n|turn|1\n|\n|t:|1788316699\n|move|p1a: Whimsicott|Protect|p1a: Whimsicott\n|-singleturn|p1a: Whimsicott|Protect\n|move|p1b: Kommo-o|Protect|p1b: Kommo-o\n|-singleturn|p1b: Kommo-o|Protect\n|move|p2a: Sableye|Rain Dance|p2a: Sableye\n|-weather|RainDance\n|move|p2b: Charizard-Mega-Y S|Hurricane|p1b: Kommo-o\n|-activate|p1b: Kommo-o|move: Protect\n|\n|-weather|RainDance|[upkeep]\n|upkeep\n|turn|2\n|\n|t:|1788316711\n|switch|p1b: Metagross|Metagross, L50, shiny|100/100\n|move|p1a: Whimsicott|Encore|p2b: Charizard-Mega-Y S\n|-start|p2b: Charizard-Mega-Y S|Encore\n|move|p2a: Sableye|Reflect|p2a: Sableye\n|-sidestart|p2: tsg2|Reflect\n|move|p2b: Charizard-Mega-Y S|Hurricane|p1b: Metagross\n|-resisted|p1b: Metagross|1\n|-damage|p1b: Metagross|66/100\n|-start|p1b: Metagross|confusion\n|\n|-weather|RainDance|[upkeep]\n|upkeep\n|turn|3\n|\n|t:|1788316737\n|switch|p2a: Garchomp|Garchomp, L50, F|100/100\n|detailschange|p1b: Metagross|Metagross-Mega, L50, shiny\n|-mega|p1b: Metagross|Metagross|Metagrossite\n|move|p1a: Whimsicott|Moonblast|p2a: Garchomp\n|-supereffective|p2a: Garchomp|1\n|-damage|p2a: Garchomp|51/100\n|-activate|p1b: Metagross|confusion\n|move|p1b: Metagross|Psychic Fangs|p2b: Charizard-Mega-Y S\n|-sideend|p2: tsg2|Reflect\n|-damage|p2b: Charizard-Mega-Y S|3/100\n|move|p2b: Charizard-Mega-Y S|Hurricane|p1a: Whimsicott\n|-supereffective|p1a: Whimsicott|1\n|-enditem|p1a: Whimsicott|Focus Sash\n|-damage|p1a: Whimsicott|1/100\n|\n|-weather|RainDance|[upkeep]\n|-heal|p2a: Garchomp|57/100|[from] item: Leftovers\n|upkeep\n|turn|4\n|\n|t:|1788316766\n|switch|p2b: Sableye|Sableye, L50, F|100/100\n|-activate|p1b: Metagross|confusion\n|move|p1b: Metagross|Protect|p1b: Metagross\n|-singleturn|p1b: Metagross|Protect\n|move|p1a: Whimsicott|Tailwind|p1a: Whimsicott\n|-sidestart|p1: Watawa|move: Tailwind\n|move|p2a: Garchomp|Rock Slide|p1a: Whimsicott|[spread] p1a\n|-activate|p1b: Metagross|move: Protect\n|-damage|p1a: Whimsicott|0 fnt\n|faint|p1a: Whimsicott\n|\n|-weather|RainDance|[upkeep]\n|-heal|p2a: Garchomp|63/100|[from] item: Leftovers\n|upkeep\n|\n|t:|1788316774\n|switch|p1a: Kommo-o|Kommo-o, L50, F, shiny|100/100\n|turn|5\n|\n|t:|1788316806\n|move|p1a: Kommo-o|Protect|p1a: Kommo-o\n|-singleturn|p1a: Kommo-o|Protect\n|move|p2b: Sableye|Reflect|p2b: Sableye\n|-sidestart|p2: tsg2|Reflect\n|-activate|p1b: Metagross|confusion\n|-damage|p1b: Metagross|52/100|[from] confusion\n|move|p2a: Garchomp|Swords Dance|p2a: Garchomp\n|-boost|p2a: Garchomp|atk|2\n|\n|-weather|none\n|-heal|p2a: Garchomp|69/100|[from] item: Leftovers\n|upkeep\n|turn|6\n|l|☆tsg2\n|player|p2|\n|inactive|Battle timer is ON: inactive players will automatically lose when time's up. (requested by Watawa)\n|j|☆tsg2\n|inactive|tsg2 reconnected and has 90 seconds left.\n|player|p2|tsg2|102|\n|\n|t:|1788316871\n|move|p2b: Sableye|Rain Dance|p2b: Sableye\n|-weather|RainDance\n|-activate|p1b: Metagross|confusion\n|move|p1b: Metagross|Iron Head|p2b: Sableye\n|-damage|p2b: Sableye|61/100\n|move|p1a: Kommo-o|Clanging Scales|p2b: Sableye|[spread] p2a,p2b\n|-supereffective|p2a: Garchomp|1\n|-damage|p2a: Garchomp|0 fnt\n|-damage|p2b: Sableye|0 fnt\n|faint|p2a: Garchomp\n|faint|p2b: Sableye\n|-unboost|p1a: Kommo-o|def|1\n|-damage|p1a: Kommo-o|90/100|[from] item: Life Orb\n|\n|-weather|RainDance|[upkeep]\n|upkeep\n|\n|t:|1788316884\n|switch|p2a: Archaludon D|Archaludon, L50, M|100/100\n|switch|p2b: Charizard-Mega-Y S|Charizard, L50, M|3/100\n|turn|7\n|\n|t:|1788316896\n|switch|p1b: Incineroar|Incineroar, L50, F, shiny|100/100\n|-ability|p1b: Incineroar|Intimidate|boost\n|-unboost|p2a: Archaludon D|atk|1\n|-unboost|p2b: Charizard-Mega-Y S|atk|1\n|move|p1a: Kommo-o|Protect|p1a: Kommo-o\n|-singleturn|p1a: Kommo-o|Protect\n|move|p2b: Charizard-Mega-Y S|Protect|p2b: Charizard-Mega-Y S\n|-singleturn|p2b: Charizard-Mega-Y S|Protect\n|move|p2a: Archaludon D|Protect||[still]\n|-fail|p2a: Archaludon D\n|\n|-weather|RainDance|[upkeep]\n|-sideend|p1: Watawa|move: Tailwind\n|upkeep\n|turn|8\n|\n|t:|1788316913\n|move|p2b: Charizard-Mega-Y S|Protect||[still]\n|-fail|p2b: Charizard-Mega-Y S\n|move|p1b: Incineroar|Fake Out|p2b: Charizard-Mega-Y S\n|-damage|p2b: Charizard-Mega-Y S|0 fnt\n|faint|p2b: Charizard-Mega-Y S\n|move|p1a: Kommo-o|Aura Sphere|p2a: Archaludon D\n|-supereffective|p2a: Archaludon D|1\n|-damage|p2a: Archaludon D|0 fnt\n|faint|p2a: Archaludon D\n|-damage|p1a: Kommo-o|80/100|[from] item: Life Orb\n|\n|win|Watawa\n||Watawa is ready for game 2.\n","uploadtime":1788316923,"views":"1","formatid":"gen9championsvgc2026regmbbo3","rating":null,"private":0,"password":null}