{"id":"gen9championsvgc2026regmbbo3-2674994954","format":"[Gen 9 Champions] VGC 2026 Reg M-B (Bo3)","players":["Fcjavic01","Parid08"],"log":"|j|☆Fcjavic01\n|j|☆Parid08\n|html|<table width=\"100%\"><tr><td align=\"left\">Fcjavic01</td><td align=\"right\">Parid08</tr><tr><td align=\"left\"><i class=\"fa fa-circle\"></i> <i class=\"fa fa-circle-o\"></i> </td><td align=\"right\"><i class=\"fa fa-circle-o\"></i> <i class=\"fa fa-circle\"></i> </tr></table>\n|uhtml|bestof|<h2><strong>Game 3</strong> of <a href=\"/game-bestof3-gen9championsvgc2026regmbbo3-2674989271\">a best-of-3</a></h2>\n|t:|1788446544\n|gametype|doubles\n|player|p1|Fcjavic01|265|1522\n|player|p2|Parid08|lucas|1385\n|gen|9\n|tier|[Gen 9 Champions] VGC 2026 Reg M-B (Bo3)\n|rated|\n|rule|Species Clause: Limit one of each Pokémon\n|rule|Item Clause: Limit 1 of each item\n|clearpoke\n|poke|p1|Floette-Eternal, L50, F|\n|poke|p1|Charizard, L50, M|\n|poke|p1|Basculegion, L50, M|\n|poke|p1|Garchomp, L50, M|\n|poke|p1|Whimsicott, L50, F|\n|poke|p1|Kingambit, L50, M|\n|poke|p2|Kingambit, L50, F|\n|poke|p2|Whimsicott, L50, M|\n|poke|p2|Basculegion, L50, M|\n|poke|p2|Garchomp, L50, M|\n|poke|p2|Charizard, L50, M|\n|poke|p2|Floette-Eternal, L50, F|\n|teampreview|4\n|showteam|p1|Floette-Eternal||Floettite|FlowerVeil|DazzlingGleam,Protect,Moonblast,LightofRuin|Modest||F|||50|]Charizard||CharizarditeY|Blaze|Protect,SolarBeam,WeatherBall,HeatWave|Modest||M|||50|]Basculegion||LifeOrb|Adaptability|Protect,WaveCrash,LastRespects,AquaJet|Adamant||M|||50|]Garchomp||SitrusBerry|RoughSkin|Protect,Earthquake,DragonClaw,RockSlide|Adamant||M|||50|]Whimsicott||FocusSash|Prankster|Moonblast,Encore,Protect,Tailwind|Timid||F|||50|]Kingambit||BlackGlasses|Defiant|Protect,KowtowCleave,IronHead,SuckerPunch|Adamant||M|||50|\n|showteam|p2|Kingambit||ChopleBerry|Defiant|KowtowCleave,SuckerPunch,LowKick,IronHead|Adamant||F|||50|]Whimsicott||FocusSash|Prankster|Moonblast,Tailwind,Encore,Protect|Timid||M|||50|]Basculegion||LifeOrb|Adaptability|WaveCrash,LastRespects,AquaJet,Protect|Adamant||M|||50|]Garchomp||SitrusBerry|RoughSkin|DragonClaw,RockSlide,Earthquake,Protect|Jolly||M|||50|]Charizard||CharizarditeY|Blaze|WeatherBall,HeatWave,SolarBeam,Protect|Modest||M|||50|]Floette-Eternal||Floettite|FlowerVeil|Moonblast,DazzlingGleam,LightofRuin,Protect|Modest||F|||50|\n|inactive|Battle timer is ON: inactive players will automatically lose when time's up. (requested by Fcjavic01)\n|inactive|Parid08 has 60 seconds left.\n|\n|t:|1788446592\n|teamsize|p1|4\n|teamsize|p2|4\n|start\n|switch|p1a: Whimsicott|Whimsicott, L50, F|100/100\n|switch|p1b: Basculegion|Basculegion, L50, M|100/100\n|switch|p2a: Whimsicott|Whimsicott, L50, M|100/100\n|switch|p2b: Basculegion|Basculegion, L50, M|100/100\n|turn|1\n|\n|t:|1788446603\n|move|p1a: Whimsicott|Tailwind|p1a: Whimsicott\n|-sidestart|p1: Fcjavic01|move: Tailwind\n|move|p1b: Basculegion|Last Respects|p2b: Basculegion\n|-supereffective|p2b: Basculegion|1\n|-damage|p2b: Basculegion|0 fnt\n|faint|p2b: Basculegion\n|-damage|p1b: Basculegion|90/100|[from] item: Life Orb\n|move|p2a: Whimsicott|Moonblast|p1a: Whimsicott\n|-damage|p1a: Whimsicott|43/100\n|\n|upkeep\n|inactive|Parid08 has 30 seconds left.\n|inactive|Parid08 has 20 seconds left.\n|inactive|Parid08 has 15 seconds left.\n|\n|t:|1788446646\n|switch|p2b: Garchomp|Garchomp, L50, M|100/100\n|turn|2\n|inactive|Parid08 has 30 seconds left.\n|inactive|Fcjavic01 has 30 seconds left.\n|inactive|Parid08 has 20 seconds left.\n|\n|t:|1788446683\n|switch|p2a: Floette|Floette-Eternal, L50, F|100/100\n|move|p1a: Whimsicott|Encore||[still]\n|-fail|p1a: Whimsicott\n|move|p1b: Basculegion|Last Respects|p2a: Floette\n|-damage|p2a: Floette|42/100\n|-damage|p1b: Basculegion|80/100|[from] item: Life Orb\n|move|p2b: Garchomp|Dragon Claw|p1b: Basculegion\n|-damage|p1b: Basculegion|42/100\n|\n|upkeep\n|turn|3\n|inactive|Parid08 has 30 seconds left.\n|inactive|Parid08 has 20 seconds left.\n|inactive|Parid08 has 15 seconds left.\n|\n|t:|1788446728\n|switch|p2a: Whimsicott|Whimsicott, L50, M|100/100\n|move|p1a: Whimsicott|Moonblast|p2b: Garchomp\n|-supereffective|p2b: Garchomp|1\n|-damage|p2b: Garchomp|34/100\n|-enditem|p2b: Garchomp|Sitrus Berry|[eat]\n|-heal|p2b: Garchomp|59/100|[from] item: Sitrus Berry\n|move|p1b: Basculegion|Last Respects|p2a: Whimsicott\n|-damage|p2a: Whimsicott|35/100\n|-damage|p1b: Basculegion|33/100|[from] item: Life Orb\n|move|p2b: Garchomp|Dragon Claw|p1b: Basculegion\n|-damage|p1b: Basculegion|0 fnt\n|faint|p1b: Basculegion\n|\n|upkeep\n|\n|t:|1788446746\n|switch|p1b: Charizard|Charizard, L50, M|100/100\n|turn|4\n|inactive|Parid08 has 30 seconds left.\n|inactive|Parid08 has 20 seconds left.\n|\n|t:|1788446783\n|detailschange|p1b: Charizard|Charizard-Mega-Y, L50, M\n|-mega|p1b: Charizard|Charizard|Charizardite Y\n|-weather|SunnyDay|[from] ability: Drought|[of] p1b: Charizard\n|move|p2a: Whimsicott|Protect|p2a: Whimsicott\n|-singleturn|p2a: Whimsicott|Protect\n|move|p2b: Garchomp|Protect|p2b: Garchomp\n|-singleturn|p2b: Garchomp|Protect\n|move|p1a: Whimsicott|Encore|p2b: Garchomp\n|-activate|p2b: Garchomp|move: Protect\n|move|p1b: Charizard|Heat Wave|p2b: Garchomp|[spread] \n|-activate|p2a: Whimsicott|move: Protect\n|-activate|p2b: Garchomp|move: Protect\n|\n|-weather|SunnyDay|[upkeep]\n|-sideend|p1: Fcjavic01|move: Tailwind\n|upkeep\n|turn|5\n|inactive|Parid08 has 30 seconds left.\n|inactive|Parid08 has 20 seconds left.\n|\n|t:|1788446818\n|move|p1a: Whimsicott|Encore|p2b: Garchomp\n|-start|p2b: Garchomp|Encore\n|move|p2b: Garchomp|Protect|p2b: Garchomp\n|-singleturn|p2b: Garchomp|Protect\n|move|p2a: Whimsicott|Tailwind|p2a: Whimsicott\n|-sidestart|p2: Parid08|move: Tailwind\n|move|p1b: Charizard|Heat Wave|p2b: Garchomp|[spread] p2a\n|-activate|p2b: Garchomp|move: Protect\n|-supereffective|p2a: Whimsicott|1\n|-crit|p2a: Whimsicott\n|-damage|p2a: Whimsicott|0 fnt\n|faint|p2a: Whimsicott\n|\n|-weather|SunnyDay|[upkeep]\n|upkeep\n|\n|t:|1788446832\n|switch|p2a: Floette|Floette-Eternal, L50, F|42/100\n|turn|6\n|\n|t:|1788446850\n|detailschange|p2a: Floette|Floette-Mega, L50, F\n|-mega|p2a: Floette|Floette|Floettite\n|-ability|p2a: Floette|Fairy Aura\n|move|p2b: Garchomp|Protect||[still]\n|-fail|p2b: Garchomp\n|move|p1a: Whimsicott|Tailwind|p1a: Whimsicott\n|-sidestart|p1: Fcjavic01|move: Tailwind\n|move|p2a: Floette|Dazzling Gleam|p1b: Charizard|[spread] p1a,p1b\n|-resisted|p1b: Charizard|1\n|-damage|p1a: Whimsicott|0 fnt\n|-damage|p1b: Charizard|77/100\n|faint|p1a: Whimsicott\n|move|p1b: Charizard|Heat Wave|p2b: Garchomp|[spread] p2a,p2b\n|-resisted|p2b: Garchomp|1\n|-damage|p2a: Floette|0 fnt\n|-damage|p2b: Garchomp|28/100\n|-status|p2b: Garchomp|brn\n|faint|p2a: Floette\n|\n|-weather|SunnyDay|[upkeep]\n|-damage|p2b: Garchomp|22/100 brn|[from] brn\n|upkeep\n|\n|t:|1788446859\n|switch|p1a: Garchomp|Garchomp, L50, M|100/100\n|turn|7\n|c|☆Fcjavic01|Gg wp\n|\n|t:|1788446870\n|move|p2b: Garchomp|Protect|p2b: Garchomp\n|-singleturn|p2b: Garchomp|Protect\n|move|p1a: Garchomp|Dragon Claw|p2b: Garchomp\n|-activate|p2b: Garchomp|move: Protect\n|move|p1b: Charizard|Weather Ball|p2b: Garchomp\n|-activate|p2b: Garchomp|move: Protect\n|\n|-weather|SunnyDay|[upkeep]\n|-damage|p2b: Garchomp|16/100 brn|[from] brn\n|-end|p2b: Garchomp|Encore\n|upkeep\n|turn|8\n|\n|t:|1788446882\n|move|p2b: Garchomp|Dragon Claw|p1a: Garchomp\n|-supereffective|p1a: Garchomp|1\n|-damage|p1a: Garchomp|71/100\n|-damage|p2b: Garchomp|4/100 brn|[from] ability: Rough Skin|[of] p1a: Garchomp\n|move|p1a: Garchomp|Dragon Claw|p2b: Garchomp\n|-supereffective|p2b: Garchomp|1\n|-damage|p2b: Garchomp|0 fnt\n|-damage|p1a: Garchomp|59/100|[from] ability: Rough Skin|[of] p2b: Garchomp\n|faint|p2b: Garchomp\n|\n|win|Fcjavic01\n|raw|Fcjavic01's rating: 1522 &rarr; <strong>1534</strong><br />(+12 for winning)\n|raw|Parid08's rating: 1385 &rarr; <strong>1373</strong><br />(-12 for losing)\n|l|☆Fcjavic01\n|player|p1|\n","uploadtime":1788446925,"views":"0","formatid":"gen9championsvgc2026regmbbo3","rating":1373,"private":0,"password":null}