{"id":"gen9championsvgc2026regmb-2674523158","format":"[Gen 9 Champions] VGC 2026 Reg M-B","players":["SanicVGC","testdigi"],"log":"|j|☆SanicVGC\n|j|☆testdigi\n|t:|1788369767\n|gametype|doubles\n|player|p1|SanicVGC|volkner|1364\n|player|p2|testdigi|169|1309\n|gen|9\n|tier|[Gen 9 Champions] VGC 2026 Reg M-B\n|rated|\n|rule|Species Clause: Limit one of each Pokémon\n|rule|Item Clause: Limit 1 of each item\n|clearpoke\n|poke|p1|Tyranitar, L50, M|\n|poke|p1|Excadrill, L50, M|\n|poke|p1|Sinistcha, L50|\n|poke|p1|Milotic, L50, F|\n|poke|p1|Gholdengo, L50|\n|poke|p1|Staraptor, L50, M, shiny|\n|poke|p2|Staraptor, L50, F, shiny|\n|poke|p2|Kingambit, L50, F, shiny|\n|poke|p2|Sylveon, L50, M, shiny|\n|poke|p2|Raichu, L50, M|\n|poke|p2|Farigiraf, L50, F, shiny|\n|poke|p2|Basculegion, L50, M|\n|teampreview|4\nSanicVGC rejected open team sheets.\n|\n|t:|1788369806\n|teamsize|p1|4\n|teamsize|p2|4\n|start\n|switch|p1a: BroNitar|Tyranitar, L50, M|100/100\n|switch|p1b: ExcaBro|Excadrill, L50, M|100/100\n|switch|p2a: Raichu|Raichu, L50, M|100/100\n|switch|p2b: Basculegion|Basculegion, L50, M|100/100\n|-weather|Sandstorm|[from] ability: Sand Stream|[of] p1a: BroNitar\n|turn|1\n|c|☆SanicVGC|this is the 4th time i fight this team\n|c|☆SanicVGC|some ytuber made a video about?\n|\n|t:|1788369822\n|switch|p2b: Flower Man|Staraptor, L50, F, shiny|100/100\n|-ability|p2b: Flower Man|Intimidate|boost\n|-unboost|p1a: BroNitar|atk|1\n|-unboost|p1b: ExcaBro|atk|1\n|detailschange|p2a: Raichu|Raichu-Mega-Y, L50, M\n|-mega|p2a: Raichu|Raichu|Raichunite Y\n|detailschange|p1a: BroNitar|Tyranitar-Mega, L50, M\n|-mega|p1a: BroNitar|Tyranitar|Tyranitarite\n|move|p1b: ExcaBro|Protect|p1b: ExcaBro\n|-singleturn|p1b: ExcaBro|Protect\n|move|p1a: BroNitar|Protect|p1a: BroNitar\n|-singleturn|p1a: BroNitar|Protect\n|move|p2a: Raichu|Fake Out|p1b: ExcaBro\n|-activate|p1b: ExcaBro|move: Protect\n|\n|-weather|Sandstorm|[upkeep]\n|-damage|p2a: Raichu|94/100|[from] Sandstorm\n|-damage|p2b: Flower Man|94/100|[from] Sandstorm\n|upkeep\n|turn|2\n|\n|t:|1788369861\n|switch|p1a: Chá Matte|Sinistcha, L50|100/100\n|move|p1b: ExcaBro|High Horsepower|p2a: Raichu\n|-supereffective|p2a: Raichu|1\n|-crit|p2a: Raichu\n|-damage|p2a: Raichu|0 fnt\n|faint|p2a: Raichu\n|move|p2b: Flower Man|Tailwind|p2b: Flower Man\n|-sidestart|p2: testdigi|move: Tailwind\n|\n|-weather|Sandstorm|[upkeep]\n|-damage|p2b: Flower Man|88/100|[from] Sandstorm\n|-damage|p1a: Chá Matte|94/100|[from] Sandstorm\n|upkeep\n|\n|t:|1788369866\n|switch|p2a: Basculegion|Basculegion, L50, M|100/100\n|turn|3\n|\n|t:|1788369881\n|switch|p1b: Menace|Milotic, L50, F|100/100\n|move|p2a: Basculegion|Last Respects|p1a: Chá Matte\n|-supereffective|p1a: Chá Matte|1\n|-damage|p1a: Chá Matte|0 fnt\n|faint|p1a: Chá Matte\n|move|p2b: Flower Man|Brave Bird|p1b: Menace\n|-damage|p1b: Menace|48/100\n|-damage|p2b: Flower Man|70/100|[from] Recoil\n|\n|-weather|Sandstorm|[upkeep]\n|-damage|p2a: Basculegion|93/100|[from] Sandstorm\n|-damage|p2b: Flower Man|65/100|[from] Sandstorm\n|-damage|p1b: Menace|43/100|[from] Sandstorm\n|-heal|p1b: Menace|48/100|[from] item: Leftovers\n|upkeep\n|\n|t:|1788369888\n|switch|p1a: ExcaBro|Excadrill, L50, M|100/100\n|turn|4\n|\n|t:|1788369902\n|move|p2a: Basculegion|Last Respects|p1b: Menace\n|-damage|p1b: Menace|0 fnt\n|faint|p1b: Menace\n|move|p2b: Flower Man|Close Combat|p1a: ExcaBro\n|-supereffective|p1a: ExcaBro|1\n|-damage|p1a: ExcaBro|3/100\n|-unboost|p2b: Flower Man|def|1\n|-unboost|p2b: Flower Man|spd|1\n|move|p1a: ExcaBro|Rock Slide|p2a: Basculegion|[spread] p2a,p2b\n|-supereffective|p2b: Flower Man|1\n|-damage|p2a: Basculegion|69/100\n|-damage|p2b: Flower Man|0 fnt\n|faint|p2b: Flower Man\n|\n|-weather|Sandstorm|[upkeep]\n|-damage|p2a: Basculegion|63/100|[from] Sandstorm\n|upkeep\n|\n|t:|1788369907\n|switch|p2b: WrathofKhan|Kingambit, L50, F, shiny|100/100\n|switch|p1b: BroNitar|Tyranitar-Mega, L50, M|100/100\n|turn|5\n|\n|t:|1788369923\n|move|p1a: ExcaBro|Protect|p1a: ExcaBro\n|-singleturn|p1a: ExcaBro|Protect\n|move|p2a: Basculegion|Last Respects|p1a: ExcaBro\n|-activate|p1a: ExcaBro|move: Protect\n|move|p1b: BroNitar|Knock Off|p2a: Basculegion\n|-supereffective|p2a: Basculegion|1\n|-damage|p2a: Basculegion|0 fnt\n|-enditem|p2a: Basculegion|Choice Scarf|[from] move: Knock Off|[of] p1b: BroNitar\n|faint|p2a: Basculegion\n|move|p2b: WrathofKhan|Iron Head|p1b: BroNitar\n|-supereffective|p1b: BroNitar|1\n|-damage|p1b: BroNitar|37/100\n|\n|-weather|none\n|-sideend|p2: testdigi|move: Tailwind\n|upkeep\n|turn|6\n|\n|t:|1788369938\n|move|p1a: ExcaBro|High Horsepower|p2b: WrathofKhan\n|-supereffective|p2b: WrathofKhan|1\n|-crit|p2b: WrathofKhan\n|-enditem|p2b: WrathofKhan|Focus Sash\n|-damage|p2b: WrathofKhan|1/100\n|move|p1b: BroNitar|High Horsepower|p2b: WrathofKhan\n|-supereffective|p2b: WrathofKhan|1\n|-damage|p2b: WrathofKhan|0 fnt\n|faint|p2b: WrathofKhan\n|\n|win|SanicVGC\n","uploadtime":1788369769,"views":"0","formatid":"gen9championsvgc2026regmb","rating":null,"private":0,"password":null}