{"id":"gen9championsvgc2026regmbbo3-2673706179","format":"[Gen 9 Champions] VGC 2026 Reg M-B (Bo3)","players":["Biboom","aboc2399"],"log":"|j|☆Biboom\n|j|☆aboc2399\n|html|<table width=\"100%\"><tr><td align=\"left\">Biboom</td><td align=\"right\">aboc2399</tr><tr><td align=\"left\"><i class=\"fa fa-circle\"></i> <i class=\"fa fa-circle-o\"></i> </td><td align=\"right\"><i class=\"fa fa-circle-o\"></i> <i class=\"fa fa-circle-o\"></i> </tr></table>\n|uhtml|bestof|<h2><strong>Game 2</strong> of <a href=\"/game-bestof3-gen9championsvgc2026regmbbo3-2673701657\">a best-of-3</a></h2>\n|t:|1788237052\n|gametype|doubles\n|player|p1|Biboom|swimmer-gen4dp|\n|player|p2|aboc2399|winona|\n|gen|9\n|tier|[Gen 9 Champions] VGC 2026 Reg M-B (Bo3)\n|rule|Species Clause: Limit one of each Pokémon\n|rule|Item Clause: Limit 1 of each item\n|clearpoke\n|poke|p1|Charizard, L50, F, shiny|\n|poke|p1|Kingambit, L50, F, shiny|\n|poke|p1|Garchomp, L50, F|\n|poke|p1|Slowbro, L50, M, shiny|\n|poke|p1|Sableye, L50, M|\n|poke|p1|Sneasler, L50, M|\n|poke|p2|Maushold, L50, shiny|\n|poke|p2|Delphox, L50, F|\n|poke|p2|Mamoswine, L50, F|\n|poke|p2|Goodra-Hisui, L50, F|\n|poke|p2|Vaporeon, L50, F, shiny|\n|poke|p2|Annihilape, L50, F, shiny|\n|teampreview|4\n|showteam|p1|Charizard||CharizarditeY|Blaze|AirSlash,HeatWave,SolarBeam,Protect|Timid||F|||50|]Kingambit||FocusSash|Defiant|KowtowCleave,SuckerPunch,IronHead,Protect|Adamant||F|||50|]Garchomp||LifeOrb|RoughSkin|Earthquake,Protect,RockSlide,Liquidation|Jolly||F|||50|]Slowbro||Slowbronite|Oblivious|IceBeam,Scald,Psychic,CalmMind|Quiet||M|||50|]Sableye||Sablenite|Prankster|LightScreen,Reflect,Poltergeist,Encore|Careful||M|||50|]Sneasler||MentalHerb|Unburden|CloseCombat,DireClaw,FakeOut,Protect|Jolly||M|||50|\n|showteam|p2|Maushold||WideLens|Technician|PopulationBomb,FollowMe,Feint,Protect|Jolly|||||50|]Delphox||Delphoxite|Magician|HeatWave,Psyshock,Encore,Protect|Timid||F|||50|]Mamoswine||LifeOrb|ThickFat|IceShard,HighHorsepower,RockSlide,Protect|Jolly||F|||50|]Goodra-Hisui||ExpertBelt|ShellArmor|IceBeam,Thunderbolt,Flamethrower,Protect|Modest||F|||50|]Vaporeon||Leftovers|WaterAbsorb|Yawn,IceBeam,ShadowBall,Protect|Modest||F|||50|]Annihilape||FocusSash|Defiant|RockTomb,CloseCombat,PhantomForce,Protect|Jolly||F|||50|\n|j| EGG_dude\n|j| PorygonTheBot\n|c| PorygonTheBot|I hope I win!\n|\n|t:|1788237120\n|teamsize|p1|4\n|teamsize|p2|4\n|start\n|switch|p1a: GARCHOMPEADOR|Garchomp, L50, F|100/100\n|switch|p1b: GATA MICHU MICHU|Sneasler, L50, M|100/100\n|switch|p2a: Maushold|Maushold, L50, shiny|100/100\n|switch|p2b: Delphox|Delphox, L50, F|100/100\n|turn|1\n|\n|t:|1788237200\n|detailschange|p2b: Delphox|Delphox-Mega, L50, F\n|-mega|p2b: Delphox|Delphox|Delphoxite\n|move|p2b: Delphox|Protect|p2b: Delphox\n|-singleturn|p2b: Delphox|Protect\n|move|p2a: Maushold|Protect|p2a: Maushold\n|-singleturn|p2a: Maushold|Protect\n|move|p1b: GATA MICHU MICHU|Fake Out|p2b: Delphox\n|-activate|p2b: Delphox|move: Protect\n|move|p1a: GARCHOMPEADOR|Rock Slide|p2b: Delphox|[spread] \n|-activate|p2a: Maushold|move: Protect\n|-activate|p2b: Delphox|move: Protect\n|\n|upkeep\n|turn|2\n|\n|t:|1788237339\n|move|p1b: GATA MICHU MICHU|Protect|p1b: GATA MICHU MICHU\n|-singleturn|p1b: GATA MICHU MICHU|Protect\n|move|p2a: Maushold|Feint|p1b: GATA MICHU MICHU\n|-activate|p1b: GATA MICHU MICHU|move: Feint\n|-damage|p1b: GATA MICHU MICHU|75/100\n|move|p2b: Delphox|Psyshock|p1b: GATA MICHU MICHU\n|-supereffective|p1b: GATA MICHU MICHU|2\n|-damage|p1b: GATA MICHU MICHU|0 fnt\n|faint|p1b: GATA MICHU MICHU\n|move|p1a: GARCHOMPEADOR|Rock Slide|p2b: Delphox|[spread] p2a,p2b\n|-supereffective|p2b: Delphox|1\n|-damage|p2a: Maushold|61/100\n|-damage|p2b: Delphox|29/100\n|-damage|p1a: GARCHOMPEADOR|90/100|[from] item: Life Orb\n|\n|upkeep\n|\n|t:|1788237375\n|switch|p1b: DONDE PONGO EL OJO|Sableye, L50, M|100/100\n|turn|3\n|c|☆Biboom|no sabia que eso hacia :(\n|c| EGG_dude|xd\n|\n|t:|1788237472\n|switch|p2a: Vaporeon|Vaporeon, L50, F, shiny|100/100\n|move|p2b: Delphox|Protect|p2b: Delphox\n|-singleturn|p2b: Delphox|Protect\n|move|p1b: DONDE PONGO EL OJO|Light Screen|p1b: DONDE PONGO EL OJO\n|-sidestart|p1: Biboom|move: Light Screen\n|move|p1a: GARCHOMPEADOR|Rock Slide|p2b: Delphox|[spread] p2a\n|-activate|p2b: Delphox|move: Protect\n|-damage|p2a: Vaporeon|76/100\n|-damage|p1a: GARCHOMPEADOR|80/100|[from] item: Life Orb\n|\n|-heal|p2a: Vaporeon|82/100|[from] item: Leftovers\n|upkeep\n|turn|4\n|\n|t:|1788237515\n|switch|p2b: Mamoswine|Mamoswine, L50, F|100/100\n|move|p1a: GARCHOMPEADOR|Protect|p1a: GARCHOMPEADOR\n|-singleturn|p1a: GARCHOMPEADOR|Protect\n|move|p2a: Vaporeon|Ice Beam|p1a: GARCHOMPEADOR\n|-activate|p1a: GARCHOMPEADOR|move: Protect\n|move|p1b: DONDE PONGO EL OJO|Poltergeist|p2b: Mamoswine\n|-activate|p2b: Mamoswine|move: Poltergeist|Life Orb\n|-damage|p2b: Mamoswine|71/100\n|\n|-heal|p2a: Vaporeon|88/100|[from] item: Leftovers\n|upkeep\n|turn|5\n|\n|t:|1788237616\n|move|p2b: Mamoswine|Ice Shard|p1a: GARCHOMPEADOR\n|-supereffective|p1a: GARCHOMPEADOR|2\n|-damage|p1a: GARCHOMPEADOR|0 fnt\n|faint|p1a: GARCHOMPEADOR\n|-damage|p2b: Mamoswine|62/100|[from] item: Life Orb\n|move|p2a: Vaporeon|Ice Beam|p1b: DONDE PONGO EL OJO\n|-damage|p1b: DONDE PONGO EL OJO|80/100\n|move|p1b: DONDE PONGO EL OJO|Poltergeist|p2a: Vaporeon\n|-activate|p2a: Vaporeon|move: Poltergeist|Leftovers\n|-damage|p2a: Vaporeon|57/100\n|\n|-heal|p2a: Vaporeon|63/100|[from] item: Leftovers\n|upkeep\n|\n|t:|1788237631\n|switch|p1a: LAGARTIJA COGELONA|Charizard, L50, F, shiny|100/100\n|turn|6\n|\n|t:|1788237676\n|detailschange|p1a: LAGARTIJA COGELONA|Charizard-Mega-Y, L50, F, shiny\n|-mega|p1a: LAGARTIJA COGELONA|Charizard|Charizardite Y\n|-weather|SunnyDay|[from] ability: Drought|[of] p1a: LAGARTIJA COGELONA\n|move|p1b: DONDE PONGO EL OJO|Encore|p2b: Mamoswine\n|-start|p2b: Mamoswine|Encore\n|move|p2b: Mamoswine|Ice Shard|p1a: LAGARTIJA COGELONA\n|-damage|p1a: LAGARTIJA COGELONA|60/100\n|-damage|p2b: Mamoswine|52/100|[from] item: Life Orb\n|move|p1a: LAGARTIJA COGELONA|Solar Beam||[still]\n|-prepare|p1a: LAGARTIJA COGELONA|Solar Beam\n|-anim|p1a: LAGARTIJA COGELONA|Solar Beam|p2b: Mamoswine\n|-supereffective|p2b: Mamoswine|1\n|-damage|p2b: Mamoswine|0 fnt\n|faint|p2b: Mamoswine\n|move|p2a: Vaporeon|Yawn|p1a: LAGARTIJA COGELONA\n|-start|p1a: LAGARTIJA COGELONA|move: Yawn|[of] p2a: Vaporeon\n|\n|-weather|SunnyDay|[upkeep]\n|-heal|p2a: Vaporeon|69/100|[from] item: Leftovers\n|upkeep\n|\n|t:|1788237693\n|switch|p2b: Maushold|Maushold, L50, shiny|61/100\n|turn|7\n|\n|t:|1788237782\n|move|p1b: DONDE PONGO EL OJO|Encore|p2a: Vaporeon\n|-start|p2a: Vaporeon|Encore\n|move|p2b: Maushold|Population Bomb|p1a: LAGARTIJA COGELONA\n|-damage|p1a: LAGARTIJA COGELONA|45/100\n|-damage|p1a: LAGARTIJA COGELONA|31/100\n|-damage|p1a: LAGARTIJA COGELONA|19/100\n|-damage|p1a: LAGARTIJA COGELONA|3/100\n|-damage|p1a: LAGARTIJA COGELONA|0 fnt\n|faint|p1a: LAGARTIJA COGELONA\n|-hitcount|p1: LAGARTIJA COGELONA|5\n|move|p2a: Vaporeon|Yawn|p1b: DONDE PONGO EL OJO\n|-start|p1b: DONDE PONGO EL OJO|move: Yawn|[of] p2a: Vaporeon\n|\n|-weather|SunnyDay|[upkeep]\n|-heal|p2a: Vaporeon|75/100|[from] item: Leftovers\n|-sideend|p1: Biboom|move: Light Screen\n|upkeep\n|turn|8\n|-message|Biboom forfeited.\n|\n|win|aboc2399\n","uploadtime":1788237797,"views":"4","formatid":"gen9championsvgc2026regmbbo3","rating":null,"private":0,"password":null}