{"id":"gen9championsvgc2026regmb-2674913305","format":"[Gen 9 Champions] VGC 2026 Reg M-B","players":["superspectral_456","Thornlace48812"],"log":"|j|☆superspectral_456\n|j|☆Thornlace48812\n|t:|1788434850\n|gametype|doubles\n|player|p1|superspectral_456|hilbert|1019\n|player|p2|Thornlace48812|102|1079\n|gen|9\n|tier|[Gen 9 Champions] VGC 2026 Reg M-B\n|rated|\n|rule|Species Clause: Limit one of each Pokémon\n|rule|Item Clause: Limit 1 of each item\n|clearpoke\n|poke|p1|Lucario, L50, M|\n|poke|p1|Tsareena, L50, F|\n|poke|p1|Emboar, L50, M|\n|poke|p1|Aegislash, L50, F, shiny|\n|poke|p1|Primarina, L50, F|\n|poke|p1|Serperior, L50, M|\n|poke|p2|Garchomp, L50, F|\n|poke|p2|Charizard, L50, F|\n|poke|p2|Whimsicott, L50, F|\n|poke|p2|Sylveon, L50, F|\n|poke|p2|Kingambit, L50, M|\n|poke|p2|Basculegion, L50, M|\n|teampreview|4\n|inactive|Battle timer is ON: inactive players will automatically lose when time's up. (requested by Thornlace48812)\nThornlace48812 rejected open team sheets.\n|inactive|superspectral_456 has 60 seconds left.\n|\n|t:|1788434906\n|teamsize|p1|4\n|teamsize|p2|4\n|start\n|switch|p1a: Primarina|Primarina, L50, F|100/100\n|switch|p1b: Emboar|Emboar, L50, M|100/100\n|switch|p2a: Basculegion|Basculegion, L50, M|100/100\n|switch|p2b: Kingambit|Kingambit, L50, M|100/100\n|turn|1\n|\n|t:|1788434929\n|detailschange|p1b: Emboar|Emboar-Mega, L50, M\n|-mega|p1b: Emboar|Emboar|Emboarite\n|-ability|p1b: Emboar|Mold Breaker\n|move|p2a: Basculegion|Protect|p2a: Basculegion\n|-singleturn|p2a: Basculegion|Protect\n|move|p1b: Emboar|Protect|p1b: Emboar\n|-singleturn|p1b: Emboar|Protect\n|move|p2b: Kingambit|Low Kick|p1a: Primarina\n|-resisted|p1a: Primarina|1\n|-damage|p1a: Primarina|85/100\n|move|p1a: Primarina|Moonblast|p2a: Basculegion\n|-activate|p2a: Basculegion|move: Protect\n|\n|upkeep\n|turn|2\n|\n|t:|1788434952\n|switch|p2a: Whimsicott|Whimsicott, L50, F|100/100\n|switch|p1b: Tsareena|Tsareena, L50, F|100/100\n|move|p2b: Kingambit|Low Kick|p1a: Primarina\n|-resisted|p1a: Primarina|1\n|-damage|p1a: Primarina|68/100\n|move|p1a: Primarina|Hyper Voice|p2a: Whimsicott|[spread] p2a,p2b\n|-resisted|p2a: Whimsicott|1\n|-damage|p2a: Whimsicott|64/100\n|-damage|p2b: Kingambit|50/100g\n|\n|upkeep\n|turn|3\n|\n|t:|1788434967\n|move|p2a: Whimsicott|Moonblast|p1a: Primarina\n|-damage|p1a: Primarina|40/100\n|move|p1b: Tsareena|Triple Axel|p2a: Whimsicott\n|-supereffective|p2a: Whimsicott|1\n|-damage|p2a: Whimsicott|40/100\n|-supereffective|p2a: Whimsicott|1\n|-damage|p2a: Whimsicott|0 fnt\n|faint|p2a: Whimsicott\n|-hitcount|p2: Whimsicott|2\n|move|p2b: Kingambit|Low Kick|p1a: Primarina\n|-resisted|p1a: Primarina|1\n|-damage|p1a: Primarina|23/100\n|move|p1a: Primarina|Life Dew||[still]|[spread] p1a,p1b\n|-heal|p1a: Primarina|48/100\n|-fail|p1b: Tsareena|heal\n|\n|upkeep\n|\n|t:|1788434967\n|switch|p2a: Basculegion|Basculegion, L50, M|100/100\n|turn|4\n|inactive|superspectral_456 has 30 seconds left.\n|\n|t:|1788434993\n|switch|p1a: Emboar|Emboar-Mega, L50, M|100/100\n|-ability|p1a: Emboar|Mold Breaker\n|move|p1b: Tsareena|Power Whip|p2a: Basculegion|[miss]\n|-miss|p1b: Tsareena|p2a: Basculegion\n|move|p2a: Basculegion|Last Respects|p1a: Emboar\n|-damage|p1a: Emboar|30/100\n|move|p2b: Kingambit|Iron Head|p1a: Emboar\n|-resisted|p1a: Emboar|1\n|-damage|p1a: Emboar|4/100\n|\n|upkeep\n|turn|5\n|\n|t:|1788435008\n|move|p2a: Basculegion|Protect|p2a: Basculegion\n|-singleturn|p2a: Basculegion|Protect\n|move|p1b: Tsareena|Power Whip|p2a: Basculegion\n|-activate|p2a: Basculegion|move: Protect\n|move|p2b: Kingambit|Iron Head|p1a: Emboar\n|-resisted|p1a: Emboar|1\n|-damage|p1a: Emboar|0 fnt\n|faint|p1a: Emboar\n|\n|upkeep\n|\n|t:|1788435021\n|switch|p1a: Lucario|Lucario, L50, M|100/100\n|turn|6\n|\n|t:|1788435027\n|move|p1a: Lucario|Vacuum Wave|p2b: Kingambit\n|-supereffective|p2b: Kingambit|2\n|-damage|p2b: Kingambit|0 fnt\n|faint|p2b: Kingambit\n|-end|p2b: Kingambit|fallenundefined|[silent]\n|move|p1b: Tsareena|Power Whip|p2a: Basculegion\n|-supereffective|p2a: Basculegion|1\n|-damage|p2a: Basculegion|0 fnt\n|faint|p2a: Basculegion\n|\n|upkeep\n|\n|t:|1788435028\n|switch|p2b: Charizard|Charizard, L50, F|100/100\n|turn|7\n|inactive|superspectral_456 has 30 seconds left.\n|\n|t:|1788435055\n|detailschange|p2b: Charizard|Charizard-Mega-Y, L50, F\n|-mega|p2b: Charizard|Charizard|Charizardite Y\n|-weather|SunnyDay|[from] ability: Drought|[of] p2b: Charizard\n|move|p1a: Lucario|Aura Sphere|p2b: Charizard\n|-resisted|p2b: Charizard|1\n|-damage|p2b: Charizard|80/100\n|move|p2b: Charizard|Heat Wave|p1a: Lucario|[spread] p1a,p1b\n|-supereffective|p1a: Lucario|1\n|-supereffective|p1b: Tsareena|1\n|-enditem|p1a: Lucario|Focus Sash\n|-damage|p1a: Lucario|1/100\n|-damage|p1b: Tsareena|0 fnt\n|faint|p1b: Tsareena\n|\n|-weather|SunnyDay|[upkeep]\n|upkeep\n|\n|t:|1788435065\n|switch|p1b: Primarina|Primarina, L50, F|48/100\n|turn|8\n|\n|t:|1788435070\n|move|p1a: Lucario|Vacuum Wave|p2b: Charizard\n|-resisted|p2b: Charizard|1\n|-crit|p2b: Charizard\n|-damage|p2b: Charizard|66/100\n|move|p2b: Charizard|Heat Wave|p1a: Lucario|[spread] p1a,p1b\n|-supereffective|p1a: Lucario|1\n|-resisted|p1b: Primarina|1\n|-damage|p1a: Lucario|0 fnt\n|-damage|p1b: Primarina|20/100y\n|faint|p1a: Lucario\n|move|p1b: Primarina|Life Dew|p1b: Primarina\n|-heal|p1b: Primarina|44/100\n|\n|-weather|SunnyDay|[upkeep]\n|upkeep\n|turn|9\n|\n|t:|1788435073\n|move|p2b: Charizard|Heat Wave|p1b: Primarina\n|-resisted|p1b: Primarina|1\n|-damage|p1b: Primarina|5/100\n|move|p1b: Primarina|Hyper Voice|p2b: Charizard\n|-supereffective|p2b: Charizard|1\n|-damage|p2b: Charizard|7/100\n|\n|-weather|SunnyDay|[upkeep]\n|upkeep\n|turn|10\n|\n|t:|1788435080\n|move|p2b: Charizard|Ancient Power|p1b: Primarina\n|-crit|p1b: Primarina\n|-damage|p1b: Primarina|0 fnt\n|faint|p1b: Primarina\n|\n|win|Thornlace48812\n|raw|superspectral_456's rating: 1019 &rarr; <strong>1012</strong><br />(-7 for losing)\n|raw|Thornlace48812's rating: 1195 &rarr; <strong>1208</strong><br />(+13 for winning)\n","uploadtime":1788435081,"views":"4","formatid":"gen9championsvgc2026regmb","rating":1012,"private":0,"password":null}