{"id":"gen9championsvgc2026regmb-2674904740","format":"[Gen 9 Champions] VGC 2026 Reg M-B","players":["JiGun","Thornlace48812"],"log":"|j|☆JiGun\n|j|☆Thornlace48812\n|t:|1788433194\n|gametype|doubles\n|player|p1|JiGun|buck|1412\n|player|p2|Thornlace48812|102|1367\n|gen|9\n|tier|[Gen 9 Champions] VGC 2026 Reg M-B\n|rated|\n|rule|Species Clause: Limit one of each Pokémon\n|rule|Item Clause: Limit 1 of each item\n|clearpoke\n|poke|p1|Blaziken, L50, F|\n|poke|p1|Kingambit, L50, M|\n|poke|p1|Basculegion, L50, M|\n|poke|p1|Venusaur, L50, F, shiny|\n|poke|p1|Ninetales-Alola, L50, F|\n|poke|p1|Farigiraf, L50, F|\n|poke|p2|Garchomp, L50, F|\n|poke|p2|Charizard, L50, M|\n|poke|p2|Whimsicott, L50, F|\n|poke|p2|Sylveon, L50, M|\n|poke|p2|Kingambit, L50, F|\n|poke|p2|Basculegion, L50, M|\n|teampreview|4\n|inactive|Battle timer is ON: inactive players will automatically lose when time's up. (requested by Thornlace48812)\nThornlace48812 rejected open team sheets.\n|\n|t:|1788433210\n|teamsize|p1|4\n|teamsize|p2|4\n|start\n|switch|p1a: Ken|Blaziken, L50, F|100/100\n|switch|p1b: 9tales|Ninetales-Alola, L50, F|100/100\n|switch|p2a: Charizard|Charizard, L50, M|100/100\n|switch|p2b: Whimsicott|Whimsicott, L50, F|100/100\n|-weather|Snowscape|[from] ability: Snow Warning|[of] p1b: 9tales\n|turn|1\n|\n|t:|1788433226\n|detailschange|p2a: Charizard|Charizard-Mega-Y, L50, M\n|-mega|p2a: Charizard|Charizard|Charizardite Y\n|-weather|SunnyDay|[from] ability: Drought|[of] p2a: Charizard\n|detailschange|p1a: Ken|Blaziken-Mega, L50, F\n|-mega|p1a: Ken|Blaziken|Blazikenite\n|move|p1b: 9tales|Protect|p1b: 9tales\n|-singleturn|p1b: 9tales|Protect\n|move|p2b: Whimsicott|Tailwind|p2b: Whimsicott\n|-sidestart|p2: Thornlace48812|move: Tailwind\n|move|p2a: Charizard|Heat Wave|p1b: 9tales|[spread] \n|-activate|p1b: 9tales|move: Protect\n|-miss|p2a: Charizard|p1a: Ken\n|move|p1a: Ken|Rock Slide|p2a: Charizard|[spread] p2a,p2b\n|-supereffective|p2a: Charizard|2\n|-damage|p2a: Charizard|0 fnt\n|-damage|p2b: Whimsicott|62/100\n|faint|p2a: Charizard\n|\n|-weather|SunnyDay|[upkeep]\n|-ability|p1a: Ken|Speed Boost|boost\n|-boost|p1a: Ken|spe|1\n|upkeep\n|\n|t:|1788433227\n|switch|p2a: Garchomp|Garchomp, L50, F|100/100\n|turn|2\n|inactive|JiGun has 30 seconds left.\n|inactive|JiGun has 20 seconds left.\n|inactive|JiGun has 15 seconds left.\n|inactive|JiGun has 10 seconds left.\n|\n|t:|1788433276\n|switch|p1b: Legion|Basculegion, L50, M|100/100\n|move|p1a: Ken|Detect|p1a: Ken\n|-singleturn|p1a: Ken|Protect\n|move|p2b: Whimsicott|Moonblast|p1b: Legion\n|-crit|p1b: Legion\n|-damage|p1b: Legion|44/100\n|move|p2a: Garchomp|Rock Slide|p1b: Legion|[spread] \n|-activate|p1a: Ken|move: Protect\n|-miss|p2a: Garchomp|p1b: Legion\n|\n|-weather|SunnyDay|[upkeep]\n|-ability|p1a: Ken|Speed Boost|boost\n|-boost|p1a: Ken|spe|1\n|upkeep\n|turn|3\n|inactive|JiGun has 30 seconds left.\n|inactive|JiGun has 20 seconds left.\n|inactive|JiGun has 15 seconds left.\n|\n|t:|1788433318\n|move|p2b: Whimsicott|Moonblast|p1b: Legion\n|-damage|p1b: Legion|11/100\n|move|p2a: Garchomp|Rock Slide|p1b: Legion|[spread] p1a\n|-miss|p2a: Garchomp|p1b: Legion\n|-damage|p1a: Ken|63/100\n|-damage|p2a: Garchomp|90/100|[from] item: Life Orb\n|cant|p1a: Ken|flinch\n|move|p1b: Legion|Wave Crash|p2a: Garchomp\n|-damage|p2a: Garchomp|35/100\n|-damage|p1b: Legion|0 fnt|[from] ability: Rough Skin|[of] p2a: Garchomp\n|faint|p1b: Legion\n|\n|-weather|SunnyDay|[upkeep]\n|-ability|p1a: Ken|Speed Boost|boost\n|-boost|p1a: Ken|spe|1\n|upkeep\n|\n|t:|1788433340\n|switch|p1b: 9tales|Ninetales-Alola, L50, F|100/100\n|-weather|Snowscape|[from] ability: Snow Warning|[of] p1b: 9tales\n|turn|4\n|\n|t:|1788433349\n|move|p1a: Ken|Close Combat|p2a: Garchomp\n|-damage|p2a: Garchomp|0 fnt\n|-unboost|p1a: Ken|def|1\n|-unboost|p1a: Ken|spd|1\n|-damage|p1a: Ken|51/100|[from] ability: Rough Skin|[of] p2a: Garchomp\n|faint|p2a: Garchomp\n|move|p2b: Whimsicott|Moonblast|p1b: 9tales\n|-damage|p1b: 9tales|63/100\n|move|p1b: 9tales|Aurora Veil|p1b: 9tales\n|-sidestart|p1: JiGun|move: Aurora Veil\n|\n|-weather|Snowscape|[upkeep]\n|-sideend|p2: Thornlace48812|move: Tailwind\n|-ability|p1a: Ken|Speed Boost|boost\n|-boost|p1a: Ken|spe|1\n|upkeep\n|\n|t:|1788433349\n|switch|p2a: Basculegion|Basculegion, L50, M|100/100\n|turn|5\n|\n|t:|1788433371\n|switch|p1b: KG|Kingambit, L50, M|100/100\n|move|p2a: Basculegion|Protect|p2a: Basculegion\n|-singleturn|p2a: Basculegion|Protect\n|move|p2b: Whimsicott|Tailwind|p2b: Whimsicott\n|-sidestart|p2: Thornlace48812|move: Tailwind\n|move|p1a: Ken|Rock Slide|p2b: Whimsicott|[spread] p2b\n|-activate|p2a: Basculegion|move: Protect\n|-damage|p2b: Whimsicott|23/100\n|\n|-weather|Snowscape|[upkeep]\n|-ability|p1a: Ken|Speed Boost|boost\n|-boost|p1a: Ken|spe|1\n|upkeep\n|turn|6\n|\n|t:|1788433389\n|move|p2a: Basculegion|Protect||[still]\n|-fail|p2a: Basculegion\n|move|p1a: Ken|Rock Slide|p2b: Whimsicott|[spread] p2a\n|-miss|p1a: Ken|p2b: Whimsicott\n|-damage|p2a: Basculegion|73/100\n|move|p2b: Whimsicott|Moonblast|p1a: Ken\n|-damage|p1a: Ken|0 fnt\n|faint|p1a: Ken\n|move|p1b: KG|Kowtow Cleave|p2a: Basculegion\n|-supereffective|p2a: Basculegion|1\n|-damage|p2a: Basculegion|0 fnt\n|faint|p2a: Basculegion\n|\n|-weather|Snowscape|[upkeep]\n|upkeep\n|\n|t:|1788433402\n|switch|p1a: 9tales|Ninetales-Alola, L50, F|63/100\n|turn|7\n|\n|t:|1788433407\n|move|p2b: Whimsicott|Protect|p2b: Whimsicott\n|-singleturn|p2b: Whimsicott|Protect\n|move|p1a: 9tales|Blizzard|p2b: Whimsicott\n|-activate|p2b: Whimsicott|move: Protect\n|move|p1b: KG|Iron Head|p2b: Whimsicott\n|-activate|p2b: Whimsicott|move: Protect\n|\n|-weather|Snowscape|[upkeep]\n|upkeep\n|turn|8\n|\n|t:|1788433414\n|move|p2b: Whimsicott|Moonblast|p1b: KG\n|-damage|p1b: KG|78/100\n|move|p1a: 9tales|Encore|p2b: Whimsicott\n|-start|p2b: Whimsicott|Encore\n|move|p1b: KG|Iron Head|p2b: Whimsicott\n|-supereffective|p2b: Whimsicott|1\n|-damage|p2b: Whimsicott|0 fnt\n|faint|p2b: Whimsicott\n|\n|win|JiGun\n|raw|JiGun's rating: 1412 &rarr; <strong>1424</strong><br />(+12 for winning)\n|raw|Thornlace48812's rating: 1270 &rarr; <strong>1255</strong><br />(-15 for losing)\n","uploadtime":1788433416,"views":"3","formatid":"gen9championsvgc2026regmb","rating":1255,"private":0,"password":null}