{"id":"gen9championsvgc2026regmb-2674109474","format":"[Gen 9 Champions] VGC 2026 Reg M-B","players":["Daap_15","Frostflame54321"],"log":"|j|☆Daap_15\n|j|☆Frostflame54321\n|t:|1788300455\n|gametype|doubles\n|player|p1|Daap_15|pokemaniac|1262\n|player|p2|Frostflame54321|iris-gen5bw2|1288\n|gen|9\n|tier|[Gen 9 Champions] VGC 2026 Reg M-B\n|rated|\n|rule|Species Clause: Limit one of each Pokémon\n|rule|Item Clause: Limit 1 of each item\n|clearpoke\n|poke|p1|Aerodactyl, L50, M, shiny|\n|poke|p1|Kingambit, L50, M, shiny|\n|poke|p1|Jolteon, L50, M, shiny|\n|poke|p1|Whimsicott, L50, F, shiny|\n|poke|p1|Charizard, L50, M, shiny|\n|poke|p1|Garchomp, L50, M, shiny|\n|poke|p2|Hydreigon, L50, F|\n|poke|p2|Aegislash, L50, F|\n|poke|p2|Torkoal, L50, F|\n|poke|p2|Chandelure, L50, M|\n|poke|p2|Whimsicott, L50, F|\n|poke|p2|Farigiraf, L50, F|\n|teampreview|4\n|\n|t:|1788300475\n|teamsize|p1|4\n|teamsize|p2|4\n|start\n|switch|p1a: Whimsicott|Whimsicott, L50, F, shiny|100/100\n|switch|p1b: Charizard|Charizard, L50, M, shiny|100/100\n|switch|p2a: Hydreigon|Hydreigon, L50, F|100/100\n|switch|p2b: Whimsicott|Whimsicott, L50, F|100/100\n|turn|1\n|inactive|Battle timer is ON: inactive players will automatically lose when time's up. (requested by Daap_15)\n|\n|t:|1788300493\n|move|p1b: Charizard|Protect|p1b: Charizard\n|-singleturn|p1b: Charizard|Protect\n|move|p1a: Whimsicott|Tailwind|p1a: Whimsicott\n|-sidestart|p1: Daap_15|move: Tailwind\n|move|p2b: Whimsicott|Encore|p1a: Whimsicott\n|-start|p1a: Whimsicott|Encore\n|move|p2a: Hydreigon|Nasty Plot|p2a: Hydreigon\n|-boost|p2a: Hydreigon|spa|2\n|\n|upkeep\n|turn|2\n|inactive|Frostflame54321 has 30 seconds left.\n|\n|t:|1788300524\n|switch|p1a: Kingambit|Kingambit, L50, M, shiny|100/100\n|switch|p1b: Garchomp|Garchomp, L50, M, shiny|100/100\n|move|p2b: Whimsicott|Tailwind|p2b: Whimsicott\n|-sidestart|p2: Frostflame54321|move: Tailwind\n|move|p2a: Hydreigon|Draco Meteor|p1b: Garchomp\n|-supereffective|p1b: Garchomp|1\n|-damage|p1b: Garchomp|0 fnt\n|-unboost|p2a: Hydreigon|spa|2\n|faint|p1b: Garchomp\n|-damage|p2a: Hydreigon|90/100|[from] item: Life Orb\n|\n|upkeep\n|\n|t:|1788300537\n|switch|p1b: Whimsicott|Whimsicott, L50, F, shiny|100/100\n|turn|3\n|\n|t:|1788300554\n|move|p2a: Hydreigon|Protect|p2a: Hydreigon\n|-singleturn|p2a: Hydreigon|Protect\n|move|p2b: Whimsicott|Encore||[still]\n|-fail|p2b: Whimsicott\n|move|p1b: Whimsicott|Moonblast|p2b: Whimsicott\n|-damage|p2b: Whimsicott|44/100\n|-unboost|p2b: Whimsicott|spa|1\n|move|p1a: Kingambit|Iron Head|p2b: Whimsicott\n|-supereffective|p2b: Whimsicott|1\n|-damage|p2b: Whimsicott|0 fnt\n|faint|p2b: Whimsicott\n|\n|upkeep\n|\n|t:|1788300562\n|switch|p2b: Torkoal|Torkoal, L50, F|100/100\n|-weather|SunnyDay|[from] ability: Drought|[of] p2b: Torkoal\n|turn|4\n|\n|t:|1788300585\n|move|p1b: Whimsicott|Moonblast|p2a: Hydreigon\n|-supereffective|p2a: Hydreigon|2\n|-damage|p2a: Hydreigon|0 fnt\n|faint|p2a: Hydreigon\n|move|p1a: Kingambit|Kowtow Cleave|p2b: Torkoal\n|-damage|p2b: Torkoal|70/100\n|move|p2b: Torkoal|Body Press|p1a: Kingambit\n|-supereffective|p1a: Kingambit|2\n|-enditem|p1a: Kingambit|Chople Berry|[eat]\n|-enditem|p1a: Kingambit|Chople Berry|[weaken]\n|-damage|p1a: Kingambit|47/100\n|\n|-weather|SunnyDay|[upkeep]\n|-sideend|p1: Daap_15|move: Tailwind\n|upkeep\n|\n|t:|1788300596\n|switch|p2a: Chandelure|Chandelure, L50, M|100/100\n|turn|5\n|\n|t:|1788300604\n|detailschange|p2a: Chandelure|Chandelure-Mega, L50, M\n|-mega|p2a: Chandelure|Chandelure|Chandelurite\n|move|p2a: Chandelure|Protect|p2a: Chandelure\n|-singleturn|p2a: Chandelure|Protect\n|move|p1b: Whimsicott|Tailwind|p1b: Whimsicott\n|-sidestart|p1: Daap_15|move: Tailwind\n|move|p1a: Kingambit|Kowtow Cleave|p2a: Chandelure\n|-activate|p2a: Chandelure|move: Protect\n|move|p2b: Torkoal|Body Press|p1a: Kingambit\n|-supereffective|p1a: Kingambit|2\n|-damage|p1a: Kingambit|0 fnt\n|faint|p1a: Kingambit\n|\n|-weather|SunnyDay|[upkeep]\n|-sideend|p2: Frostflame54321|move: Tailwind\n|upkeep\n|\n|t:|1788300617\n|switch|p1a: Charizard|Charizard, L50, M, shiny|100/100\n|turn|6\n|\n|t:|1788300628\n|detailschange|p1a: Charizard|Charizard-Mega-Y, L50, M, shiny\n|-mega|p1a: Charizard|Charizard|Charizardite Y\n|move|p2b: Torkoal|Helping Hand|p2a: Chandelure\n|-singleturn|p2a: Chandelure|Helping Hand|[of] p2b: Torkoal\n|move|p1b: Whimsicott|Moonblast|p2b: Torkoal\n|-resisted|p2b: Torkoal|1\n|-damage|p2b: Torkoal|48/100\n|move|p1a: Charizard|Heat Wave|p2a: Chandelure|[spread] p2a,p2b\n|-resisted|p2a: Chandelure|1\n|-resisted|p2b: Torkoal|1\n|-damage|p2a: Chandelure|66/100\n|-damage|p2b: Torkoal|7/100\n|move|p2a: Chandelure|Shadow Ball|p1a: Charizard\n|-damage|p1a: Charizard|29/100\n|\n|-weather|SunnyDay|[upkeep]\n|upkeep\n|turn|7\n|\n|t:|1788300651\n|move|p2b: Torkoal|Helping Hand|p2a: Chandelure\n|-singleturn|p2a: Chandelure|Helping Hand|[of] p2b: Torkoal\n|move|p1b: Whimsicott|Moonblast|p2b: Torkoal\n|-resisted|p2b: Torkoal|1\n|-damage|p2b: Torkoal|0 fnt\n|faint|p2b: Torkoal\n|move|p1a: Charizard|Ancient Power|p2a: Chandelure\n|-supereffective|p2a: Chandelure|1\n|-damage|p2a: Chandelure|12/100\n|-boost|p1a: Charizard|atk|1\n|-boost|p1a: Charizard|def|1\n|-boost|p1a: Charizard|spa|1\n|-boost|p1a: Charizard|spd|1\n|-boost|p1a: Charizard|spe|1\n|move|p2a: Chandelure|Heat Wave|p1b: Whimsicott|[spread] p1b\n|-miss|p2a: Chandelure|p1a: Charizard\n|-supereffective|p1b: Whimsicott|1\n|-enditem|p1b: Whimsicott|Focus Sash\n|-damage|p1b: Whimsicott|1/100\n|-status|p1b: Whimsicott|brn\n|\n|-weather|SunnyDay|[upkeep]\n|-damage|p1b: Whimsicott|0 fnt|[from] brn\n|faint|p1b: Whimsicott\n|upkeep\n|turn|8\n|-message|Frostflame54321 forfeited.\n|\n|win|Daap_15\n|raw|Daap_15's rating: 1262 &rarr; <strong>1289</strong><br />(+27 for winning)\n|raw|Frostflame54321's rating: 1288 &rarr; <strong>1261</strong><br />(-27 for losing)\n|l|☆Frostflame54321\n|player|p2|\n","uploadtime":1788300674,"views":"4","formatid":"gen9championsvgc2026regmb","rating":1261,"private":0,"password":null}