{"id":"gen9championsvgc2026regmb-2674254582","format":"[Gen 9 Champions] VGC 2026 Reg M-B","players":["Thornlace48812","Chaowow"],"log":"|j|☆Thornlace48812\n|j|☆Chaowow\n|t:|1788324318\n|gametype|doubles\n|player|p1|Thornlace48812|1|1118\n|player|p2|Chaowow|hilbert-wonderlauncher|1125\n|gen|9\n|tier|[Gen 9 Champions] VGC 2026 Reg M-B\n|rated|\n|rule|Species Clause: Limit one of each Pokémon\n|rule|Item Clause: Limit 1 of each item\n|clearpoke\n|poke|p1|Garchomp, L50, M|\n|poke|p1|Charizard, L50, M|\n|poke|p1|Whimsicott, L50, M|\n|poke|p1|Sylveon, L50, M|\n|poke|p1|Kingambit, L50, F|\n|poke|p1|Basculegion, L50, M|\n|poke|p2|Excadrill, L50, F|\n|poke|p2|Kingambit, L50, M|\n|poke|p2|Basculegion, L50, M|\n|poke|p2|Sneasler, L50, F|\n|poke|p2|Hydreigon, L50, M|\n|poke|p2|Charizard, L50, F|\n|teampreview|4\n|inactive|Battle timer is ON: inactive players will automatically lose when time's up. (requested by Thornlace48812)\nThornlace48812 rejected open team sheets.\n|inactive|Chaowow has 60 seconds left.\n|inactive|Chaowow has 30 seconds left.\n|\n|t:|1788324388\n|teamsize|p1|4\n|teamsize|p2|4\n|start\n|switch|p1a: Charizard|Charizard, L50, M|100/100\n|switch|p1b: Sylveon|Sylveon, L50, M|100/100\n|switch|p2a: Excadrill|Excadrill, L50, F|100/100\n|switch|p2b: Kingambit|Kingambit, L50, M|100/100\n|turn|1\n|\n|t:|1788324409\n|detailschange|p1a: Charizard|Charizard-Mega-Y, L50, M\n|-mega|p1a: Charizard|Charizard|Charizardite Y\n|-weather|SunnyDay|[from] ability: Drought|[of] p1a: Charizard\n|detailschange|p2a: Excadrill|Excadrill-Mega, L50, F\n|-mega|p2a: Excadrill|Excadrill|Excadrite\n|move|p1a: Charizard|Protect|p1a: Charizard\n|-singleturn|p1a: Charizard|Protect\n|move|p2a: Excadrill|Rock Slide|p1b: Sylveon|[spread] p1b\n|-activate|p1a: Charizard|move: Protect\n|-damage|p1b: Sylveon|66/100\n|move|p1b: Sylveon|Hyper Voice|p2b: Kingambit|[spread] p2a,p2b\n|-resisted|p2a: Excadrill|1\n|-damage|p2a: Excadrill|70/100\n|-damage|p2b: Kingambit|48/100\n|move|p2b: Kingambit|Iron Head|p1b: Sylveon\n|-supereffective|p1b: Sylveon|1\n|-damage|p1b: Sylveon|0 fnt\n|faint|p1b: Sylveon\n|\n|-weather|SunnyDay|[upkeep]\n|upkeep\n|\n|t:|1788324410\n|switch|p1b: Whimsicott|Whimsicott, L50, M|100/100\n|turn|2\n|inactive|Chaowow has 30 seconds left.\n|\n|t:|1788324436\n|switch|p2a: Hydreigon|Hydreigon, L50, M|100/100\n|move|p1a: Charizard|Protect|p1a: Charizard\n|-singleturn|p1a: Charizard|Protect\n|move|p1b: Whimsicott|Tailwind|p1b: Whimsicott\n|-sidestart|p1: Thornlace48812|move: Tailwind\n|move|p2b: Kingambit|Sucker Punch||[still]\n|-fail|p2b: Kingambit\n|\n|-weather|SunnyDay|[upkeep]\n|upkeep\n|turn|3\n|inactive|Chaowow has 30 seconds left.\n|inactive|Chaowow has 20 seconds left.\n|\n|t:|1788324471\n|move|p2b: Kingambit|Sucker Punch|p1a: Charizard\n|-damage|p1a: Charizard|49/100\n|move|p1b: Whimsicott|Moonblast|p2a: Hydreigon\n|-supereffective|p2a: Hydreigon|2\n|-damage|p2a: Hydreigon|0 fnt\n|faint|p2a: Hydreigon\n|move|p1a: Charizard|Heat Wave|p2b: Kingambit\n|-supereffective|p2b: Kingambit|1\n|-damage|p2b: Kingambit|0 fnt\n|faint|p2b: Kingambit\n|\n|-weather|SunnyDay|[upkeep]\n|upkeep\n|\n|t:|1788324483\n|switch|p2a: Basculegion|Basculegion, L50, M|100/100\n|switch|p2b: Excadrill|Excadrill-Mega, L50, F|70/100\n|turn|4\n|\n|t:|1788324504\n|move|p1b: Whimsicott|Moonblast|p2a: Basculegion\n|-damage|p2a: Basculegion|58/100\n|move|p1a: Charizard|Heat Wave|p2b: Excadrill|[spread] p2a,p2b\n|-resisted|p2a: Basculegion|1\n|-supereffective|p2b: Excadrill|1\n|-damage|p2a: Basculegion|20/100y\n|-damage|p2b: Excadrill|0 fnt\n|faint|p2b: Excadrill\n|move|p2a: Basculegion|Last Respects|p1a: Charizard\n|-damage|p1a: Charizard|0 fnt\n|faint|p1a: Charizard\n|-damage|p2a: Basculegion|10/100|[from] item: Life Orb\n|\n|-weather|SunnyDay|[upkeep]\n|upkeep\n|\n|t:|1788324505\n|switch|p1a: Basculegion|Basculegion, L50, M|100/100\n|turn|5\n|-message|Chaowow forfeited.\n|\n|win|Thornlace48812\n|raw|Thornlace48812's rating: 1077 &rarr; <strong>1109</strong><br />(+32 for winning)\n|raw|Chaowow's rating: 1125 &rarr; <strong>1097</strong><br />(-28 for losing)\n","uploadtime":1788324524,"views":"2","formatid":"gen9championsvgc2026regmb","rating":1097,"private":0,"password":null}