{"id":"gen9championsvgc2026regmbbo3-2674109021","format":"[Gen 9 Champions] VGC 2026 Reg M-B (Bo3)","players":["humania1","Vizualdream"],"log":"|j|☆humania1\n|j|☆Vizualdream\n|html|<table width=\"100%\"><tr><td align=\"left\">humania1</td><td align=\"right\">Vizualdream</tr><tr><td align=\"left\"><i class=\"fa fa-circle-o\"></i> <i class=\"fa fa-circle-o\"></i> </td><td align=\"right\"><i class=\"fa fa-circle-o\"></i> <i class=\"fa fa-circle-o\"></i> </tr></table>\n|uhtml|bestof|<h2><strong>Game 1</strong> of <a href=\"/game-bestof3-gen9championsvgc2026regmbbo3-2674109020\">a best-of-3</a></h2>\n|t:|1788300393\n|gametype|doubles\n|player|p1|humania1|266|1009\n|player|p2|Vizualdream|unknown|1030\n|gen|9\n|tier|[Gen 9 Champions] VGC 2026 Reg M-B (Bo3)\n|rated|\n|rule|Species Clause: Limit one of each Pokémon\n|rule|Item Clause: Limit 1 of each item\n|clearpoke\n|poke|p1|Blastoise, L50, F|\n|poke|p1|Delphox, L50, F, shiny|\n|poke|p1|Incineroar, L50, F|\n|poke|p1|Sinistcha, L50|\n|poke|p1|Sneasler, L50, M|\n|poke|p1|Vivillon, L50, M|\n|poke|p2|Sneasler, L50, F|\n|poke|p2|Blastoise, L50, F|\n|poke|p2|Kingambit, L50, M|\n|poke|p2|Incineroar, L50, M|\n|poke|p2|Delphox, L50, M|\n|poke|p2|Sinistcha, L50|\n|teampreview|4\n|showteam|p1|Blastoise||Blastoisinite|Torrent|Protect,ShellSmash,WaterSpout,DarkPulse|Modest||F|||50|]Delphox||Delphoxite|Blaze|Protect,HeatWave,Psyshock,NastyPlot|Timid||F|||50|]Incineroar||PasshoBerry|Intimidate|FakeOut,PartingShot,FlareBlitz,ThroatChop|Impish||F|||50|]Sinistcha||SitrusBerry|Hospitality|Protect,MatchaGotcha,TrickRoom,RagePowder|Bold|||||50|]Sneasler||FocusSash|PoisonTouch|QuickGuard,FakeOut,CloseCombat,DireClaw|Jolly||M|||50|]Vivillon||ChoiceScarf|CompoundEyes|Hurricane,SleepPowder,RagePowder,Uturn|Timid||M|||50|\n|showteam|p2|Sneasler||FocusSash|PoisonTouch|PoisonJab,CloseCombat,FakeOut,QuickGuard|Jolly||F|||50|]Blastoise||Blastoisinite|RainDish|DarkPulse,WaterSpout,ShellSmash,Protect|Modest||F|||50|]Kingambit||BlackGlasses|Defiant|KowtowCleave,SuckerPunch,SwordsDance,Protect|Adamant||M|||50|]Incineroar||SitrusBerry|Intimidate|FlareBlitz,HelpingHand,PartingShot,FakeOut|Careful||M|||50|]Delphox||Delphoxite|Blaze|HeatWave,NastyPlot,Psyshock,Protect|Modest||M|||50|]Sinistcha||KasibBerry|Hospitality|MatchaGotcha,RagePowder,TrickRoom,Protect|Bold|||||50|\n|inactive|Battle timer is ON: inactive players will automatically lose when time's up. (requested by humania1)\n|\n|t:|1788300420\n|teamsize|p1|4\n|teamsize|p2|4\n|start\n|switch|p1a: Blastoise|Blastoise, L50, F|100/100\n|switch|p1b: Incineroar|Incineroar, L50, F|100/100\n|switch|p2a: Celia Cruz|Blastoise, L50, F|100/100\n|switch|p2b: Ichiko Aoba|Sinistcha, L50|100/100\n|-ability|p1b: Incineroar|Intimidate|boost\n|-unboost|p2a: Celia Cruz|atk|1\n|-unboost|p2b: Ichiko Aoba|atk|1\n|turn|1\n|\n|t:|1788300434\n|detailschange|p1a: Blastoise|Blastoise-Mega, L50, F\n|-mega|p1a: Blastoise|Blastoise|Blastoisinite\n|detailschange|p2a: Celia Cruz|Blastoise-Mega, L50, F\n|-mega|p2a: Celia Cruz|Blastoise|Blastoisinite\n|move|p2b: Ichiko Aoba|Rage Powder|p2b: Ichiko Aoba\n|-singleturn|p2b: Ichiko Aoba|move: Rage Powder\n|move|p1a: Blastoise|Dark Pulse|p2b: Ichiko Aoba\n|-supereffective|p2b: Ichiko Aoba|1\n|-damage|p2b: Ichiko Aoba|20/100y\n|move|p2a: Celia Cruz|Shell Smash|p2a: Celia Cruz\n|-unboost|p2a: Celia Cruz|def|1\n|-unboost|p2a: Celia Cruz|spd|1\n|-boost|p2a: Celia Cruz|atk|2\n|-boost|p2a: Celia Cruz|spa|2\n|-boost|p2a: Celia Cruz|spe|2\n|move|p1b: Incineroar|Flare Blitz|p2b: Ichiko Aoba\n|-supereffective|p2b: Ichiko Aoba|1\n|-damage|p2b: Ichiko Aoba|0 fnt\n|faint|p2b: Ichiko Aoba\n|-damage|p1b: Incineroar|94/100|[from] Recoil\n|\n|upkeep\n|\n|t:|1788300455\n|switch|p2b: Minor Threat|Sneasler, L50, F|100/100\n|turn|2\n|\n|t:|1788300466\n|move|p2b: Minor Threat|Fake Out|p1a: Blastoise\n|-damage|p1a: Blastoise|86/100\n|move|p2a: Celia Cruz|Water Spout|p1b: Incineroar|[spread] p1a,p1b\n|-resisted|p1a: Blastoise|1\n|-supereffective|p1b: Incineroar|1\n|-enditem|p1b: Incineroar|Passho Berry|[eat]\n|-enditem|p1b: Incineroar|Passho Berry|[weaken]\n|-damage|p1a: Blastoise|27/100\n|-damage|p1b: Incineroar|0 fnt\n|faint|p1b: Incineroar\n|cant|p1a: Blastoise|flinch\n|\n|upkeep\n|\n|t:|1788300466\n|switch|p1b: Sinistcha|Sinistcha, L50|100/100\n|-heal|p1a: Blastoise|52/100|[from] ability: Hospitality|[of] p1b: Sinistcha\n|turn|3\n|\n|t:|1788300483\n|move|p2a: Celia Cruz|Water Spout|p1b: Sinistcha|[spread] p1a,p1b\n|-resisted|p1a: Blastoise|1\n|-resisted|p1b: Sinistcha|1\n|-damage|p1a: Blastoise|0 fnt\n|-damage|p1b: Sinistcha|40/100\n|-enditem|p1b: Sinistcha|Sitrus Berry|[eat]\n|-heal|p1b: Sinistcha|65/100|[from] item: Sitrus Berry\n|faint|p1a: Blastoise\n|move|p2b: Minor Threat|Poison Jab|p1b: Sinistcha\n|-damage|p1b: Sinistcha|32/100\n|move|p1b: Sinistcha|Matcha Gotcha|p2a: Celia Cruz|[spread] p2a,p2b\n|-supereffective|p2a: Celia Cruz|1\n|-resisted|p2b: Minor Threat|1\n|-damage|p2a: Celia Cruz|26/100\n|-heal|p1b: Sinistcha|64/100|[from] drain|[of] p2a: Celia Cruz\n|-damage|p2b: Minor Threat|83/100\n|-heal|p1b: Sinistcha|72/100|[from] drain|[of] p2b: Minor Threat\n|-status|p2b: Minor Threat|brn\n|\n|-damage|p2b: Minor Threat|77/100 brn|[from] brn\n|upkeep\n|\n|t:|1788300484\n|switch|p1a: Sneasler|Sneasler, L50, M|100/100\n|turn|4\n|inactive|Vizualdream has 30 seconds left.\n|\n|t:|1788300511\n|move|p2b: Minor Threat|Quick Guard|p2b: Minor Threat\n|-singleturn|p2b: Minor Threat|Quick Guard\n|move|p2a: Celia Cruz|Dark Pulse|p1b: Sinistcha\n|-supereffective|p1b: Sinistcha|1\n|-damage|p1b: Sinistcha|0 fnt\n|faint|p1b: Sinistcha\n|move|p1a: Sneasler|Close Combat|p2a: Celia Cruz\n|-damage|p2a: Celia Cruz|0 fnt\n|-unboost|p1a: Sneasler|def|1\n|-unboost|p1a: Sneasler|spd|1\n|faint|p2a: Celia Cruz\n|\n|-damage|p2b: Minor Threat|71/100 brn|[from] brn\n|upkeep\n|\n|t:|1788300524\n|switch|p2a: KG|Kingambit, L50, M|100/100\n|turn|5\n|\n|t:|1788300537\n|move|p2a: KG|Protect|p2a: KG\n|-singleturn|p2a: KG|Protect\n|move|p2b: Minor Threat|Poison Jab|p1a: Sneasler\n|-resisted|p1a: Sneasler|1\n|-damage|p1a: Sneasler|73/100\n|move|p1a: Sneasler|Close Combat|p2a: KG\n|-activate|p2a: KG|move: Protect\n|\n|-damage|p2b: Minor Threat|66/100 brn|[from] brn\n|upkeep\n|turn|6\n|\n|t:|1788300550\n|move|p2a: KG|Sucker Punch|p1a: Sneasler\n|-resisted|p1a: Sneasler|1\n|-damage|p1a: Sneasler|16/100\n|move|p1a: Sneasler|Close Combat|p2a: KG\n|-supereffective|p2a: KG|2\n|-damage|p2a: KG|0 fnt\n|-unboost|p1a: Sneasler|def|1\n|-unboost|p1a: Sneasler|spd|1\n|faint|p2a: KG\n|move|p2b: Minor Threat|Poison Jab|p1a: Sneasler\n|-resisted|p1a: Sneasler|1\n|-damage|p1a: Sneasler|0 fnt\n|faint|p1a: Sneasler\n|\n|win|Vizualdream\n","uploadtime":1788300550,"views":"0","formatid":"gen9championsvgc2026regmbbo3","rating":null,"private":0,"password":null}