{"id":"gen9championsvgc2026regmbbo3-2674355301","format":"[Gen 9 Champions] VGC 2026 Reg M-B (Bo3)","players":["CaratroncoSun","Alejandro"],"log":"|j|‽CaratroncoSun\n|j|☆Alejandro\n|html|<table width=\"100%\"><tr><td align=\"left\">CaratroncoSun</td><td align=\"right\">Alejandro</tr><tr><td align=\"left\"><i class=\"fa fa-circle\"></i> <i class=\"fa fa-circle-o\"></i> </td><td align=\"right\"><i class=\"fa fa-circle-o\"></i> <i class=\"fa fa-circle-o\"></i> </tr></table>\n|uhtml|bestof|<h2><strong>Game 2</strong> of <a href=\"/game-bestof3-gen9championsvgc2026regmbbo3-2674354310\">a best-of-3</a></h2>\n|t:|1788347733\n|gametype|doubles\n|player|p1|CaratroncoSun|266|1329\n|player|p2|Alejandro|cilan|1363\n|gen|9\n|tier|[Gen 9 Champions] VGC 2026 Reg M-B (Bo3)\n|rated|\n|rule|Species Clause: Limit one of each Pokémon\n|rule|Item Clause: Limit 1 of each item\n|clearpoke\n|poke|p1|Charizard, L50, M, shiny|\n|poke|p1|Venusaur, L50, M, shiny|\n|poke|p1|Whimsicott, L50, M, shiny|\n|poke|p1|Basculegion, L50, M|\n|poke|p1|Tyranitar, L50, F|\n|poke|p1|Mamoswine, L50, M|\n|poke|p2|Incineroar, L50, M|\n|poke|p2|Samurott-Hisui, L50, M|\n|poke|p2|Sinistcha, L50|\n|poke|p2|Sneasler, L50, F|\n|poke|p2|Floette-Eternal, L50, F|\n|poke|p2|Delphox, L50, M|\n|teampreview|4\n|showteam|p1|Charizard||CharizarditeY|Blaze|Protect,SolarBeam,HeatWave,AirSlash|Modest||M|||50|]Venusaur||WideLens|Chlorophyll|Protect,GigaDrain,EarthPower,SleepPowder|Modest||M|||50|]Whimsicott||FocusSash|Prankster|Protect,Moonblast,Tailwind,Encore|Timid||M|||50|]Basculegion||MysticWater|Adaptability|Protect,AquaJet,WaveCrash,LastRespects|Adamant||M|||50|]Tyranitar||Tyranitarite|SandStream|Protect,RockSlide,KnockOff,LowKick|Adamant||F|||50|]Mamoswine||LifeOrb|Oblivious|Protect,HighHorsepower,RockSlide,IceShard|Adamant||M|||50|\n|showteam|p2|Incineroar||SitrusBerry|Intimidate|FakeOut,FlareBlitz,DarkestLariat,PartingShot|Careful||M|||50|]Samurott-Hisui||ChoiceScarf|Sharpness|RazorShell,NightSlash,SacredSword,FlipTurn|Jolly||M|||50|]Sinistcha||OccaBerry|Hospitality|MatchaGotcha,LifeDew,RagePowder,Protect|Relaxed|||||50|]Sneasler||FocusSash|PoisonTouch|FakeOut,CloseCombat,PoisonJab,RockSlide|Jolly||F|||50|]Floette-Eternal||Floettite|FlowerVeil|Moonblast,DazzlingGleam,CalmMind,Protect|Modest||F|||50|]Delphox||Delphoxite|Blaze|Psychic,HeatWave,NastyPlot,Protect|Timid||M|||50|\n|\n|t:|1788347749\n|teamsize|p1|4\n|teamsize|p2|4\n|start\n|switch|p1a: Whimsicott|Whimsicott, L50, M, shiny|100/100\n|switch|p1b: Charizard|Charizard, L50, M, shiny|100/100\n|switch|p2a: Incineroar|Incineroar, L50, M|100/100\n|switch|p2b: Samurott|Samurott-Hisui, L50, M|100/100\n|-ability|p2a: Incineroar|Intimidate|boost\n|-unboost|p1a: Whimsicott|atk|1\n|-unboost|p1b: Charizard|atk|1\n|turn|1\n|\n|t:|1788347768\n|switch|p2b: Sinistcha|Sinistcha, L50|100/100\n|detailschange|p1b: Charizard|Charizard-Mega-Y, L50, M, shiny\n|-mega|p1b: Charizard|Charizard|Charizardite Y\n|-weather|SunnyDay|[from] ability: Drought|[of] p1b: Charizard\n|move|p2a: Incineroar|Fake Out|p1b: Charizard\n|-damage|p1b: Charizard|89/100\n|move|p1a: Whimsicott|Tailwind|p1a: Whimsicott\n|-sidestart|p1: CaratroncoSun|move: Tailwind\n|cant|p1b: Charizard|flinch\n|\n|-weather|SunnyDay|[upkeep]\n|upkeep\n|turn|2\n|\n|t:|1788347790\n|move|p2b: Sinistcha|Protect|p2b: Sinistcha\n|-singleturn|p2b: Sinistcha|Protect\n|move|p1a: Whimsicott|Moonblast|p2b: Sinistcha\n|-activate|p2b: Sinistcha|move: Protect\n|move|p1b: Charizard|Heat Wave|p2b: Sinistcha|[spread] p2a\n|-activate|p2b: Sinistcha|move: Protect\n|-resisted|p2a: Incineroar|1\n|-damage|p2a: Incineroar|74/100\n|move|p2a: Incineroar|Parting Shot|p1b: Charizard\n|-unboost|p1b: Charizard|atk|1\n|-unboost|p1b: Charizard|spa|1\n|\n|t:|1788347804\n|switch|p2a: Samurott|Samurott-Hisui, L50, M|100/100|[from] Parting Shot\n|\n|-weather|SunnyDay|[upkeep]\n|upkeep\n|turn|3\n|\n|t:|1788347812\n|move|p2b: Sinistcha|Rage Powder|p2b: Sinistcha\n|-singleturn|p2b: Sinistcha|move: Rage Powder\n|move|p1a: Whimsicott|Moonblast|p2a: Samurott\n|-supereffective|p2a: Samurott|1\n|-damage|p2a: Samurott|0 fnt\n|faint|p2a: Samurott\n|move|p1b: Charizard|Heat Wave|p2b: Sinistcha\n|-supereffective|p2b: Sinistcha|1\n|-enditem|p2b: Sinistcha|Occa Berry|[eat]\n|-enditem|p2b: Sinistcha|Occa Berry|[weaken]\n|-damage|p2b: Sinistcha|42/100\n|\n|-weather|SunnyDay|[upkeep]\n|upkeep\n|\n|t:|1788347817\n|switch|p2a: Delphox|Delphox, L50, M|100/100\n|turn|4\n|\n|t:|1788347832\n|switch|p2b: Incineroar|Incineroar, L50, M|74/100\n|-ability|p2b: Incineroar|Intimidate|boost\n|-unboost|p1a: Whimsicott|atk|1\n|-unboost|p1b: Charizard|atk|1\n|detailschange|p2a: Delphox|Delphox-Mega, L50, M\n|-mega|p2a: Delphox|Delphox|Delphoxite\n|move|p1a: Whimsicott|Protect|p1a: Whimsicott\n|-singleturn|p1a: Whimsicott|Protect\n|move|p1b: Charizard|Heat Wave|p2a: Delphox|[spread] p2a,p2b\n|-resisted|p2a: Delphox|1\n|-resisted|p2b: Incineroar|1\n|-damage|p2a: Delphox|80/100\n|-damage|p2b: Incineroar|58/100\n|move|p2a: Delphox|Heat Wave|p1b: Charizard|[spread] p1b\n|-activate|p1a: Whimsicott|move: Protect\n|-resisted|p1b: Charizard|1\n|-damage|p1b: Charizard|60/100\n|\n|-weather|SunnyDay|[upkeep]\n|-sideend|p1: CaratroncoSun|move: Tailwind\n|upkeep\n|turn|5\n|\n|t:|1788347853\n|switch|p1a: Tyranitar|Tyranitar, L50, F|100/100\n|-weather|Sandstorm|[from] ability: Sand Stream|[of] p1a: Tyranitar\n|move|p2b: Incineroar|Fake Out|p1a: Tyranitar\n|-resisted|p1a: Tyranitar|1\n|-damage|p1a: Tyranitar|95/100\n|move|p2a: Delphox|Heat Wave|p1b: Charizard|[spread] p1a,p1b\n|-resisted|p1a: Tyranitar|1\n|-resisted|p1b: Charizard|1\n|-damage|p1a: Tyranitar|82/100\n|-damage|p1b: Charizard|42/100\n|move|p1b: Charizard|Air Slash|p2b: Incineroar\n|-damage|p2b: Incineroar|36/100\n|-enditem|p2b: Incineroar|Sitrus Berry|[eat]\n|-heal|p2b: Incineroar|60/100|[from] item: Sitrus Berry\n|\n|-weather|Sandstorm|[upkeep]\n|-damage|p2a: Delphox|74/100|[from] Sandstorm\n|-damage|p1b: Charizard|36/100|[from] Sandstorm\n|-damage|p2b: Incineroar|54/100|[from] Sandstorm\n|upkeep\n|turn|6\n|\n|t:|1788347874\n|move|p2a: Delphox|Protect|p2a: Delphox\n|-singleturn|p2a: Delphox|Protect\n|move|p1b: Charizard|Air Slash|p2b: Incineroar\n|-damage|p2b: Incineroar|30/100\n|move|p1a: Tyranitar|Rock Slide|p2a: Delphox|[spread] p2b\n|-activate|p2a: Delphox|move: Protect\n|-supereffective|p2b: Incineroar|1\n|-damage|p2b: Incineroar|0 fnt\n|faint|p2b: Incineroar\n|\n|-weather|Sandstorm|[upkeep]\n|-damage|p2a: Delphox|68/100|[from] Sandstorm\n|-damage|p1b: Charizard|30/100|[from] Sandstorm\n|upkeep\n|\n|t:|1788347896\n|switch|p2b: Sinistcha|Sinistcha, L50|42/100\n|-heal|p2a: Delphox|93/100|[from] ability: Hospitality|[of] p2b: Sinistcha\n|turn|7\n|\n|t:|1788347903\n|move|p1b: Charizard|Protect|p1b: Charizard\n|-singleturn|p1b: Charizard|Protect\n|move|p2b: Sinistcha|Rage Powder|p2b: Sinistcha\n|-singleturn|p2b: Sinistcha|move: Rage Powder\n|move|p2a: Delphox|Nasty Plot|p2a: Delphox\n|-boost|p2a: Delphox|spa|2\n|move|p1a: Tyranitar|Rock Slide|p2b: Sinistcha|[spread] p2a\n|-miss|p1a: Tyranitar|p2b: Sinistcha\n|-supereffective|p2a: Delphox|1\n|-damage|p2a: Delphox|16/100\n|\n|-weather|Sandstorm|[upkeep]\n|-damage|p2a: Delphox|10/100|[from] Sandstorm\n|-damage|p1b: Charizard|25/100|[from] Sandstorm\n|-damage|p2b: Sinistcha|35/100|[from] Sandstorm\n|upkeep\n|turn|8\n|\n|t:|1788347923\n|move|p1b: Charizard|Protect||[still]\n|-fail|p1b: Charizard\n|move|p2a: Delphox|Heat Wave|p1b: Charizard|[spread] p1a,p1b\n|-resisted|p1a: Tyranitar|1\n|-resisted|p1b: Charizard|1\n|-damage|p1a: Tyranitar|59/100\n|-damage|p1b: Charizard|0 fnt\n|faint|p1b: Charizard\n|move|p1a: Tyranitar|Rock Slide|p2b: Sinistcha|[spread] p2a,p2b\n|-supereffective|p2a: Delphox|1\n|-damage|p2a: Delphox|0 fnt\n|-damage|p2b: Sinistcha|11/100\n|faint|p2a: Delphox\n|move|p2b: Sinistcha|Life Dew|p2b: Sinistcha\n|-heal|p2b: Sinistcha|37/100\n|\n|-weather|Sandstorm|[upkeep]\n|-damage|p2b: Sinistcha|30/100|[from] Sandstorm\n|upkeep\n|\n|t:|1788347939\n|switch|p1b: Basculegion|Basculegion, L50, M|100/100\n|turn|9\n|\n|t:|1788347944\n|move|p1b: Basculegion|Last Respects|p2b: Sinistcha\n|-supereffective|p2b: Sinistcha|1\n|-damage|p2b: Sinistcha|0 fnt\n|faint|p2b: Sinistcha\n|\n|win|CaratroncoSun\n|raw|CaratroncoSun's rating: 1329 &rarr; <strong>1351</strong><br />(+22 for winning)\n|raw|Alejandro's rating: 1363 &rarr; <strong>1341</strong><br />(-22 for losing)\n","uploadtime":1788347945,"views":"4","formatid":"gen9championsvgc2026regmbbo3","rating":1341,"private":0,"password":null}