{"id":"gen9championsvgc2026regmbbo3-2674887598","format":"[Gen 9 Champions] VGC 2026 Reg M-B (Bo3)","players":["ddzcwn","source0"],"log":"|j|☆ddzcwn\n|j|☆source0\n|html|<table width=\"100%\"><tr><td align=\"left\">ddzcwn</td><td align=\"right\">source0</tr><tr><td align=\"left\"><i class=\"fa fa-circle\"></i> <i class=\"fa fa-circle-o\"></i> </td><td align=\"right\"><i class=\"fa fa-circle-o\"></i> <i class=\"fa fa-circle-o\"></i> </tr></table>\n|uhtml|bestof|<h2><strong>Game 2</strong> of <a href=\"/game-bestof3-gen9championsvgc2026regmbbo3-2674886363\">a best-of-3</a></h2>\n|t:|1788429517\n|gametype|doubles\n|player|p1|ddzcwn|hiker-gen4|1000\n|player|p2|source0|265|1073\n|gen|9\n|tier|[Gen 9 Champions] VGC 2026 Reg M-B (Bo3)\n|rated|\n|rule|Species Clause: Limit one of each Pokémon\n|rule|Item Clause: Limit 1 of each item\n|clearpoke\n|poke|p1|Swampert, L50, F|\n|poke|p1|Pelipper, L50, M|\n|poke|p1|Venusaur, L50, F|\n|poke|p1|Kingambit, L50, F|\n|poke|p1|Staraptor, L50, M|\n|poke|p1|Sneasler, L50, M|\n|poke|p2|Staraptor, L50, M|\n|poke|p2|Tyranitar, L50, F|\n|poke|p2|Excadrill, L50, M|\n|poke|p2|Sylveon, L50, F, shiny|\n|poke|p2|Milotic, L50, M|\n|poke|p2|Sinistcha, L50|\n|teampreview|4\n|showteam|p1|Swampert||Swampertite|Torrent|WaveCrash,HighHorsepower,RockSlide,Protect|Adamant||F|||50|]Pelipper||SitrusBerry|Drizzle|WideGuard,Tailwind,Hurricane,WeatherBall|Modest||M|||50|]Venusaur||FocusSash|Chlorophyll|SleepPowder,Protect,SludgeBomb,EarthPower|Serious||F|||50|]Kingambit||ChopleBerry|Defiant|KowtowCleave,SuckerPunch,Protect,IronHead|Adamant||F|||50|]Staraptor||Staraptite|Intimidate|CloseCombat,Protect,Roost,DualWingbeat|Jolly||M|||50|]Sneasler||WhiteHerb|Unburden|DireClaw,CloseCombat,FakeOut,Feint|Jolly||M|||50|\n|showteam|p2|Staraptor||Staraptite|Intimidate|BraveBird,CloseCombat,Tailwind,Protect|Jolly||M|||50|]Tyranitar||Tyranitarite|SandStream|RockSlide,KnockOff,Protect,DragonDance|Adamant||F|||50|]Excadrill||FocusSash|SandRush|StompingTantrum,IronHead,RockSlide,Protect|Jolly||M|||50|]Sylveon||FairyFeather|Pixilate|HyperVoice,QuickAttack,HyperBeam,Protect|Bold||F|||50|]Milotic||Leftovers|Competitive|Scald,IceBeam,Protect,IcyWind|Modest||M|||50|]Sinistcha||KasibBerry|Hospitality|MatchaGotcha,StrengthSap,RagePowder,Protect|Bold|||||50|\n|inactive|Battle timer is ON: inactive players will automatically lose when time's up. (requested by source0)\n|\n|t:|1788429555\n|teamsize|p1|4\n|teamsize|p2|4\n|start\n|switch|p1a: Swampert|Swampert, L50, F|100/100\n|switch|p1b: Sneasler|Sneasler, L50, M|100/100\n|switch|p2a: Milotic|Milotic, L50, M|100/100\n|switch|p2b: Staraptor|Staraptor, L50, M|100/100\n|-ability|p2b: Staraptor|Intimidate|boost\n|-unboost|p1a: Swampert|atk|1\n|-unboost|p1b: Sneasler|atk|1\n|-enditem|p1b: Sneasler|White Herb\n|-clearnegativeboost|p1b: Sneasler|[silent]\n|turn|1\n|inactive|ddzcwn has 30 seconds left.\n|inactive|ddzcwn has 20 seconds left.\n|inactive|ddzcwn has 15 seconds left.\n|inactive|ddzcwn has 10 seconds left.\n|inactive|ddzcwn has 5 seconds left.\n|\n|t:|1788429607\n|switch|p2b: Sinistcha|Sinistcha, L50|100/100\n|detailschange|p1a: Swampert|Swampert-Mega, L50, F\n|-mega|p1a: Swampert|Swampert|Swampertite\n|move|p2a: Milotic|Protect|p2a: Milotic\n|-singleturn|p2a: Milotic|Protect\n|move|p1b: Sneasler|Fake Out|p2a: Milotic\n|-activate|p2a: Milotic|move: Protect\n|move|p1a: Swampert|Rock Slide|p2b: Sinistcha|[spread] \n|-activate|p2a: Milotic|move: Protect\n|-miss|p1a: Swampert|p2b: Sinistcha\n|\n|upkeep\n|turn|2\n|\n|t:|1788429627\n|switch|p1b: Pelipper|Pelipper, L50, M|100/100\n|-weather|RainDance|[from] ability: Drizzle|[of] p1b: Pelipper\n|switch|p1a: Kingambit|Kingambit, L50, F|100/100\n|switch|p2a: Staraptor|Staraptor, L50, M|100/100\n|-ability|p2a: Staraptor|Intimidate|boost\n|-unboost|p1a: Kingambit|atk|1\n|-ability|p1a: Kingambit|Defiant|boost\n|-boost|p1a: Kingambit|atk|2\n|-unboost|p1b: Pelipper|atk|1\n|move|p2b: Sinistcha|Matcha Gotcha|p1b: Pelipper|[spread] p1a,p1b\n|-resisted|p1a: Kingambit|1\n|-damage|p1a: Kingambit|89/100\n|-damage|p1b: Pelipper|67/100\n|\n|-weather|RainDance|[upkeep]\n|upkeep\n|turn|3\n|inactive|ddzcwn has 30 seconds left.\n|inactive|source0 has 30 seconds left.\n|inactive|ddzcwn has 20 seconds left.\n|inactive|ddzcwn has 15 seconds left.\n|\n|t:|1788429669\n|detailschange|p2a: Staraptor|Staraptor-Mega, L50, M\n|-mega|p2a: Staraptor|Staraptor|Staraptite\n|move|p2b: Sinistcha|Protect|p2b: Sinistcha\n|-singleturn|p2b: Sinistcha|Protect\n|move|p1a: Kingambit|Protect|p1a: Kingambit\n|-singleturn|p1a: Kingambit|Protect\n|move|p2a: Staraptor|Close Combat|p1a: Kingambit\n|-activate|p1a: Kingambit|move: Protect\n|move|p1b: Pelipper|Hurricane|p2a: Staraptor\n|-supereffective|p2a: Staraptor|1\n|-damage|p2a: Staraptor|3/100\n|\n|-weather|RainDance|[upkeep]\n|upkeep\n|turn|4\n|inactive|ddzcwn has 30 seconds left.\n|\n|t:|1788429697\n|move|p2b: Sinistcha|Rage Powder|p2b: Sinistcha\n|-singleturn|p2b: Sinistcha|move: Rage Powder\n|move|p2a: Staraptor|Close Combat|p1a: Kingambit\n|-supereffective|p1a: Kingambit|2\n|-enditem|p1a: Kingambit|Chople Berry|[eat]\n|-enditem|p1a: Kingambit|Chople Berry|[weaken]\n|-damage|p1a: Kingambit|0 fnt\n|-boost|p2a: Staraptor|def|1\n|-boost|p2a: Staraptor|spd|1\n|faint|p1a: Kingambit\n|move|p1b: Pelipper|Hurricane|p2b: Sinistcha\n|-supereffective|p2b: Sinistcha|1\n|-damage|p2b: Sinistcha|0 fnt\n|faint|p2b: Sinistcha\n|\n|-weather|RainDance|[upkeep]\n|upkeep\n|\n|t:|1788429713\n|switch|p2b: Milotic|Milotic, L50, M|100/100\n|switch|p1a: Swampert|Swampert-Mega, L50, F|100/100\n|turn|5\n|\n|t:|1788429724\n|move|p2a: Staraptor|Protect|p2a: Staraptor\n|-singleturn|p2a: Staraptor|Protect\n|move|p1a: Swampert|Rock Slide|p2a: Staraptor|[spread] p2b\n|-activate|p2a: Staraptor|move: Protect\n|-damage|p2b: Milotic|75/100\n|move|p2b: Milotic|Scald|p1a: Swampert\n|-damage|p1a: Swampert|43/100\n|move|p1b: Pelipper|Hurricane|p2b: Milotic\n|-damage|p2b: Milotic|43/100\n|\n|-weather|RainDance|[upkeep]\n|-heal|p2b: Milotic|49/100|[from] item: Leftovers\n|upkeep\n|turn|6\n|inactive|ddzcwn has 30 seconds left.\n|\n|t:|1788429757\n|move|p2a: Staraptor|Protect|p2a: Staraptor\n|-singleturn|p2a: Staraptor|Protect\n|move|p1a: Swampert|Rock Slide|p2b: Milotic|[spread] p2b\n|-activate|p2a: Staraptor|move: Protect\n|-crit|p2b: Milotic\n|-damage|p2b: Milotic|11/100\n|move|p2b: Milotic|Scald|p1a: Swampert\n|-damage|p1a: Swampert|0 fnt\n|faint|p1a: Swampert\n|move|p1b: Pelipper|Tailwind|p1b: Pelipper\n|-sidestart|p1: ddzcwn|move: Tailwind\n|\n|-weather|none\n|-heal|p2b: Milotic|17/100|[from] item: Leftovers\n|upkeep\n|\n|t:|1788429767\n|switch|p1a: Sneasler|Sneasler, L50, M|100/100\n|turn|7\n|j| pinogrezzo\n|\n|t:|1788429788\n|move|p1a: Sneasler|Dire Claw|p2b: Milotic\n|-damage|p2b: Milotic|0 fnt\n|faint|p2b: Milotic\n|move|p1b: Pelipper|Weather Ball|p2a: Staraptor\n|-damage|p2a: Staraptor|0 fnt\n|faint|p2a: Staraptor\n|\n|upkeep\n|\n|t:|1788429797\n|switch|p2b: Sylveon|Sylveon, L50, F, shiny|100/100\n|turn|8\n|inactive|ddzcwn has 30 seconds left.\n|\n|t:|1788429828\n|move|p1a: Sneasler|Dire Claw|p2b: Sylveon\n|-supereffective|p2b: Sylveon|1\n|-damage|p2b: Sylveon|10/100\n|move|p1b: Pelipper|Hurricane|p2b: Sylveon|[miss]\n|-miss|p1b: Pelipper|p2b: Sylveon\n|move|p2b: Sylveon|Hyper Beam|p1a: Sneasler\n|-damage|p1a: Sneasler|0 fnt\n|-mustrecharge|p2b: Sylveon\n|faint|p1a: Sneasler\n|\n|upkeep\n|turn|9\n|c|☆ddzcwn|well played\n|\n|t:|1788429853\n|move|p1b: Pelipper|Hurricane|p2b: Sylveon\n|-damage|p2b: Sylveon|0 fnt\n|faint|p2b: Sylveon\n|\n|win|ddzcwn\n|raw|ddzcwn's rating: 1000 &rarr; <strong>1048</strong><br />(+48 for winning)\n|raw|source0's rating: 1073 &rarr; <strong>1048</strong><br />(-25 for losing)\n|c|☆ddzcwn|now gg\n|l| pinogrezzo\n","uploadtime":1788429887,"views":"1","formatid":"gen9championsvgc2026regmbbo3","rating":1048,"private":0,"password":null}