{"id":"gen9championsvgc2026regmbbo3-2674069626","format":"[Gen 9 Champions] VGC 2026 Reg M-B (Bo3)","players":["Sammias","borntobethegoat"],"log":"|j|☆Sammias\n|j|☆borntobethegoat\n|html|<table width=\"100%\"><tr><td align=\"left\">Sammias</td><td align=\"right\">borntobethegoat</tr><tr><td align=\"left\"><i class=\"fa fa-circle\"></i> <i class=\"fa fa-circle-o\"></i> </td><td align=\"right\"><i class=\"fa fa-circle-o\"></i> <i class=\"fa fa-circle\"></i> </tr></table>\n|uhtml|bestof|<h2><strong>Game 3</strong> of <a href=\"/game-bestof3-gen9championsvgc2026regmbbo3-2674066528\">a best-of-3</a></h2>\n|t:|1788295012\n|gametype|doubles\n|player|p1|Sammias|miku-ground|1357\n|player|p2|borntobethegoat|caitlin|1345\n|gen|9\n|tier|[Gen 9 Champions] VGC 2026 Reg M-B (Bo3)\n|rated|\n|rule|Species Clause: Limit one of each Pokémon\n|rule|Item Clause: Limit 1 of each item\n|clearpoke\n|poke|p1|Floette-Eternal, L50, F|\n|poke|p1|Kingambit, L50, M|\n|poke|p1|Sneasler, L50, M|\n|poke|p1|Whimsicott, L50, M, shiny|\n|poke|p1|Basculegion, L50, M|\n|poke|p1|Kommo-o, L50, M|\n|poke|p2|Garchomp, L50, M|\n|poke|p2|Kingambit, L50, M|\n|poke|p2|Sneasler, L50, M|\n|poke|p2|Sinistcha, L50|\n|poke|p2|Incineroar, L50, M|\n|poke|p2|Floette-Eternal, L50, F|\n|teampreview|4\n|showteam|p1|Floette-Eternal||Floettite|FlowerVeil|Moonblast,DazzlingGleam,LightofRuin,Protect|Modest||F|||50|]Kingambit||BlackGlasses|Defiant|KowtowCleave,SuckerPunch,IronHead,Protect|Adamant||M|||50|]Sneasler||WhiteHerb|Unburden|FakeOut,CloseCombat,DireClaw,Taunt|Jolly||M|||50|]Whimsicott||FocusSash|Prankster|Protect,Tailwind,Encore,Moonblast|Timid||M|||50|]Basculegion||ChoiceScarf|Adaptability|LastRespects,WaveCrash,AquaJet,FlipTurn|Jolly||M|||50|]Kommo-o||LifeOrb|Bulletproof|ClangingScales,Protect,AuraSphere,Flamethrower|Modest||M|||50|\n|showteam|p2|Garchomp||Garchompite|RoughSkin|Earthquake,StompingTantrum,RockSlide,Protect|Adamant||M|||50|]Kingambit||ChopleBerry|Defiant|KowtowCleave,SuckerPunch,IronHead,Protect|Adamant||M|||50|]Sneasler||FocusSash|Unburden|FakeOut,DireClaw,CloseCombat,Coaching|Jolly||M|||50|]Sinistcha||SitrusBerry|Hospitality|MatchaGotcha,RagePowder,TrickRoom,Protect|Bold|||||50|]Incineroar||Leftovers|Intimidate|FakeOut,FlareBlitz,PartingShot,HelpingHand|Sassy||M|||50|]Floette-Eternal||Floettite|FlowerVeil|DazzlingGleam,DrainingKiss,CalmMind,Protect|Timid||F|||50|\n|inactive|Battle timer is ON: inactive players will automatically lose when time's up. (requested by Sammias)\n|\n|t:|1788295034\n|teamsize|p1|4\n|teamsize|p2|4\n|start\n|switch|p1a: Basculegion|Basculegion, L50, M|100/100\n|switch|p1b: Sneasler|Sneasler, L50, M|100/100\n|switch|p2a: Sneasler|Sneasler, L50, M|100/100\n|switch|p2b: Floette|Floette-Eternal, L50, F|100/100\n|turn|1\n|\n|t:|1788295057\n|switch|p2b: Sinistcha|Sinistcha, L50|100/100\n|move|p2a: Sneasler|Fake Out|p1b: Sneasler\n|-damage|p1b: Sneasler|74/100\n|cant|p1b: Sneasler|flinch\n|move|p1a: Basculegion|Wave Crash|p2b: Sinistcha\n|-resisted|p2b: Sinistcha|1\n|-damage|p2b: Sinistcha|68/100\n|-damage|p1a: Basculegion|90/100|[from] Recoil\n|\n|upkeep\n|turn|2\n|inactive|borntobethegoat has 30 seconds left.\n|\n|t:|1788295083\n|move|p1a: Basculegion|Wave Crash|p2b: Sinistcha\n|-resisted|p2b: Sinistcha|1\n|-damage|p2b: Sinistcha|39/100\n|-enditem|p2b: Sinistcha|Sitrus Berry|[eat]\n|-heal|p2b: Sinistcha|64/100|[from] item: Sitrus Berry\n|-damage|p1a: Basculegion|82/100|[from] Recoil\n|move|p1b: Sneasler|Dire Claw|p2b: Sinistcha\n|-damage|p2b: Sinistcha|31/100\n|move|p2a: Sneasler|Coaching|p2b: Sinistcha\n|-boost|p2b: Sinistcha|atk|1\n|-boost|p2b: Sinistcha|def|1\n|move|p2b: Sinistcha|Matcha Gotcha|p1b: Sneasler|[spread] p1a,p1b\n|-supereffective|p1a: Basculegion|1\n|-crit|p1a: Basculegion\n|-resisted|p1b: Sneasler|1\n|-damage|p1a: Basculegion|0 fnt\n|-heal|p2b: Sinistcha|76/100|[from] drain|[of] p1a: Basculegion\n|-damage|p1b: Sneasler|59/100\n|-heal|p2b: Sinistcha|83/100|[from] drain|[of] p1b: Sneasler\n|faint|p1a: Basculegion\n|\n|upkeep\n|\n|t:|1788295097\n|switch|p1a: Floette|Floette-Eternal, L50, F|100/100\n|turn|3\n|\n|t:|1788295117\n|detailschange|p1a: Floette|Floette-Mega, L50, F\n|-mega|p1a: Floette|Floette|Floettite\n|-ability|p1a: Floette|Fairy Aura\n|move|p1a: Floette|Protect|p1a: Floette\n|-singleturn|p1a: Floette|Protect\n|move|p1b: Sneasler|Close Combat|p2a: Sneasler\n|-resisted|p2a: Sneasler|1\n|-damage|p2a: Sneasler|42/100\n|-unboost|p1b: Sneasler|def|1\n|-unboost|p1b: Sneasler|spd|1\n|-enditem|p1b: Sneasler|White Herb\n|-clearnegativeboost|p1b: Sneasler|[silent]\n|move|p2a: Sneasler|Dire Claw|p1a: Floette\n|-activate|p1a: Floette|move: Protect\n|move|p2b: Sinistcha|Matcha Gotcha|p1b: Sneasler|[spread] \n|-activate|p1a: Floette|move: Protect\n|-miss|p2b: Sinistcha|p1b: Sneasler\n|\n|upkeep\n|turn|4\n|\n|t:|1788295143\n|switch|p2a: Incineroar|Incineroar, L50, M|100/100\n|-ability|p2a: Incineroar|Intimidate|boost\n|-unboost|p1a: Floette|atk|1\n|-unboost|p1b: Sneasler|atk|1\n|switch|p1a: Whimsicott|Whimsicott, L50, M, shiny|100/100\n|move|p2b: Sinistcha|Protect|p2b: Sinistcha\n|-singleturn|p2b: Sinistcha|Protect\n|move|p1b: Sneasler|Taunt|p2b: Sinistcha\n|-activate|p2b: Sinistcha|move: Protect\n|\n|upkeep\n|turn|5\n|\n|t:|1788295165\n|move|p2a: Incineroar|Fake Out|p1a: Whimsicott\n|-crit|p1a: Whimsicott\n|-damage|p1a: Whimsicott|82/100\n|move|p1b: Sneasler|Dire Claw|p2b: Sinistcha\n|-damage|p2b: Sinistcha|68/100\n|cant|p1a: Whimsicott|flinch\n|move|p2b: Sinistcha|Matcha Gotcha|p1b: Sneasler|[spread] p1a,p1b\n|-resisted|p1a: Whimsicott|1\n|-resisted|p1b: Sneasler|1\n|-damage|p1a: Whimsicott|65/100\n|-heal|p2b: Sinistcha|76/100|[from] drain|[of] p1a: Whimsicott\n|-damage|p1b: Sneasler|43/100\n|-heal|p2b: Sinistcha|83/100|[from] drain|[of] p1b: Sneasler\n|-status|p1b: Sneasler|brn\n|\n|-damage|p1b: Sneasler|37/100 brn|[from] brn\n|upkeep\n|turn|6\n|\n|t:|1788295186\n|move|p1b: Sneasler|Close Combat|p2a: Incineroar\n|-supereffective|p2a: Incineroar|1\n|-damage|p2a: Incineroar|65/100\n|-unboost|p1b: Sneasler|def|1\n|-unboost|p1b: Sneasler|spd|1\n|move|p1a: Whimsicott|Moonblast|p2b: Sinistcha\n|-crit|p2b: Sinistcha\n|-damage|p2b: Sinistcha|43/100\n|move|p2b: Sinistcha|Matcha Gotcha|p1b: Sneasler|[spread] p1a,p1b\n|-resisted|p1a: Whimsicott|1\n|-resisted|p1b: Sneasler|1\n|-damage|p1a: Whimsicott|47/100\n|-heal|p2b: Sinistcha|51/100|[from] drain|[of] p1a: Whimsicott\n|-damage|p1b: Sneasler|10/100 brn\n|-heal|p2b: Sinistcha|63/100|[from] drain|[of] p1b: Sneasler\n|move|p2a: Incineroar|Parting Shot|p1a: Whimsicott\n|-unboost|p1a: Whimsicott|atk|1\n|-unboost|p1a: Whimsicott|spa|1\n|\n|t:|1788295205\n|switch|p2a: Floette|Floette-Eternal, L50, F|100/100|[from] Parting Shot\n|\n|-damage|p1b: Sneasler|5/100 brn|[from] brn\n|upkeep\n|turn|7\n|\n|t:|1788295226\n|switch|p1b: Floette|Floette-Mega, L50, F|100/100\n|-ability|p1b: Floette|Fairy Aura\n|switch|p2a: Incineroar|Incineroar, L50, M|65/100\n|-ability|p2a: Incineroar|Intimidate|boost\n|-unboost|p1a: Whimsicott|atk|1\n|-unboost|p1b: Floette|atk|1\n|move|p1a: Whimsicott|Moonblast|p2b: Sinistcha\n|-damage|p2b: Sinistcha|39/100\n|move|p2b: Sinistcha|Matcha Gotcha|p1a: Whimsicott|[spread] p1a,p1b\n|-resisted|p1a: Whimsicott|1\n|-damage|p1a: Whimsicott|29/100\n|-heal|p2b: Sinistcha|48/100|[from] drain|[of] p1a: Whimsicott\n|-damage|p1b: Floette|81/100\n|-heal|p2b: Sinistcha|56/100|[from] drain|[of] p1b: Floette\n|\n|-heal|p2a: Incineroar|71/100|[from] item: Leftovers\n|upkeep\n|turn|8\n|\n|t:|1788295248\n|move|p1b: Floette|Protect|p1b: Floette\n|-singleturn|p1b: Floette|Protect\n|move|p2a: Incineroar|Fake Out|p1b: Floette\n|-activate|p1b: Floette|move: Protect\n|move|p1a: Whimsicott|Moonblast|p2b: Sinistcha\n|-damage|p2b: Sinistcha|33/100\n|move|p2b: Sinistcha|Trick Room|p2b: Sinistcha\n|-fieldstart|move: Trick Room|[of] p2b: Sinistcha\n|\n|-heal|p2a: Incineroar|77/100|[from] item: Leftovers\n|upkeep\n|turn|9\n|\n|t:|1788295262\n|switch|p1b: Sneasler|Sneasler, L50, M|5/100 brn\n|move|p2b: Sinistcha|Protect|p2b: Sinistcha\n|-singleturn|p2b: Sinistcha|Protect\n|move|p1a: Whimsicott|Encore|p2b: Sinistcha\n|-activate|p2b: Sinistcha|move: Protect\n|move|p2a: Incineroar|Flare Blitz|p1a: Whimsicott\n|-supereffective|p1a: Whimsicott|1\n|-damage|p1a: Whimsicott|0 fnt\n|faint|p1a: Whimsicott\n|-damage|p2a: Incineroar|69/100|[from] Recoil\n|\n|-heal|p2a: Incineroar|75/100|[from] item: Leftovers\n|-damage|p1b: Sneasler|0 fnt|[from] brn\n|faint|p1b: Sneasler\n|upkeep\n|\n|t:|1788295267\n|switch|p1b: Floette|Floette-Mega, L50, F|81/100\n|-ability|p1b: Floette|Fairy Aura\n|turn|10\n|\n|t:|1788295275\n|move|p1b: Floette|Protect|p1b: Floette\n|-singleturn|p1b: Floette|Protect\n|move|p2a: Incineroar|Parting Shot|p1b: Floette\n|-activate|p1b: Floette|move: Protect\n|move|p2b: Sinistcha|Matcha Gotcha|p1b: Floette\n|-activate|p1b: Floette|move: Protect\n|\n|-heal|p2a: Incineroar|81/100|[from] item: Leftovers\n|upkeep\n|turn|11\n|\n|t:|1788295278\n|move|p2a: Incineroar|Parting Shot|p1b: Floette\n|-unboost|p1b: Floette|atk|1\n|-unboost|p1b: Floette|spa|1\n|\n|t:|1788295281\n|switch|p2a: Sneasler|Sneasler, L50, M|42/100|[from] Parting Shot\n|move|p2b: Sinistcha|Matcha Gotcha|p1b: Floette\n|-damage|p1b: Floette|54/100\n|-heal|p2b: Sinistcha|46/100|[from] drain|[of] p1b: Floette\n|-status|p1b: Floette|brn\n|move|p1b: Floette|Dazzling Gleam|p2b: Sinistcha|[spread] p2a,p2b\n|-damage|p2a: Sneasler|1/100\n|-damage|p2b: Sinistcha|12/100\n|\n|-damage|p1b: Floette|48/100 brn|[from] brn\n|upkeep\n|turn|12\n|\n|t:|1788295293\n|move|p2a: Sneasler|Fake Out|p1b: Floette\n|-damage|p1b: Floette|31/100 brn\n|move|p2b: Sinistcha|Matcha Gotcha|p1b: Floette\n|-damage|p1b: Floette|7/100 brn\n|-heal|p2b: Sinistcha|23/100|[from] drain|[of] p1b: Floette\n|cant|p1b: Floette|flinch\n|\n|-damage|p1b: Floette|1/100 brn|[from] brn\n|-fieldend|move: Trick Room\n|upkeep\n|turn|13\n|\n|t:|1788295302\n|move|p2b: Sinistcha|Protect|p2b: Sinistcha\n|-singleturn|p2b: Sinistcha|Protect\n|move|p2a: Sneasler|Coaching|p2b: Sinistcha\n|-boost|p2b: Sinistcha|atk|1\n|-boost|p2b: Sinistcha|def|1\n|move|p1b: Floette|Dazzling Gleam|p2b: Sinistcha|[spread] p2a\n|-activate|p2b: Sinistcha|move: Protect\n|-damage|p2a: Sneasler|0 fnt\n|faint|p2a: Sneasler\n|\n|-damage|p1b: Floette|0 fnt|[from] brn\n|faint|p1b: Floette\n|\n|win|borntobethegoat\n|raw|Sammias's rating: 1357 &rarr; <strong>1336</strong><br />(-21 for losing)\n|raw|borntobethegoat's rating: 1345 &rarr; <strong>1366</strong><br />(+21 for winning)\n","uploadtime":1788295307,"views":"1","formatid":"gen9championsvgc2026regmbbo3","rating":1336,"private":0,"password":null}