{"id":"gen9championsvgc2026regmb-2674156475","format":"[Gen 9 Champions] VGC 2026 Reg M-B","players":["triplemz1125","ravenskeeper"],"log":"|j|☆triplemz1125\n|j|☆ravenskeeper\n|t:|1788307560\n|gametype|doubles\n|player|p1|triplemz1125|norman|\n|player|p2|ravenskeeper|102|\n|gen|9\n|tier|[Gen 9 Champions] VGC 2026 Reg M-B\n|rule|Species Clause: Limit one of each Pokémon\n|rule|Item Clause: Limit 1 of each item\n|clearpoke\n|poke|p1|Garchomp, L50, M, shiny|\n|poke|p1|Skarmory, L50, F, shiny|\n|poke|p1|Rotom-Heat, L50|\n|poke|p1|Weavile, L50, F|\n|poke|p1|Clawitzer, L50, M, shiny|\n|poke|p1|Zoroark-Hisui, L50, M|\n|poke|p2|Tyranitar, L50, F|\n|poke|p2|Excadrill, L50, F|\n|poke|p2|Houndstone, L50, F|\n|poke|p2|Scizor, L50, F|\n|poke|p2|Rotom-Mow, L50|\n|poke|p2|Altaria, L50, M|\n|teampreview|4\n|c|☆triplemz1125|TTar scizor revenge game\n|c|☆ravenskeeper|haha\n|c|☆ravenskeeper|no more ttar\n|\n|t:|1788307715\n|teamsize|p1|4\n|teamsize|p2|4\n|start\n|switch|p1a: Westjet|Skarmory, L50, F, shiny|100/100\n|switch|p1b: OG Claw|Weavile, L50, F|100/100\n|switch|p2a: Tyranitar|Tyranitar, L50, F|100/100\n|switch|p2b: Rotom|Rotom-Mow, L50|100/100\n|-weather|Sandstorm|[from] ability: Sand Stream|[of] p2a: Tyranitar\n|turn|1\n|\n|t:|1788307763\n|move|p1b: OG Claw|Fake Out|p2a: Tyranitar\n|-resisted|p2a: Tyranitar|1\n|-damage|p2a: Tyranitar|94/100\n|cant|p2a: Tyranitar|flinch\n|move|p1a: Westjet|Tailwind|p1a: Westjet\n|-sidestart|p1: triplemz1125|move: Tailwind\n|move|p2b: Rotom|Volt Switch|p1a: Westjet\n|-supereffective|p1a: Westjet|1\n|-damage|p1a: Westjet|1/100\n|c|☆ravenskeeper|umm is that focus sash or just 99% lol\n|\n|t:|1788307792\n|switch|p2b: Excadrill|Excadrill, L50, F|100/100|[from] Volt Switch\n|\n|-weather|Sandstorm|[upkeep]\n|-damage|p1b: OG Claw|93/100|[from] Sandstorm\n|upkeep\n|turn|2\n|c|☆triplemz1125|99% but it had sturdy so would have been like a sash\n|c|☆ravenskeeper|ohh\n|\n|t:|1788307928\n|switch|p2a: Rotom|Rotom-Mow, L50|100/100\n|detailschange|p1a: Westjet|Skarmory-Mega, L50, F, shiny\n|-mega|p1a: Westjet|Skarmory|Skarmorite\n|move|p1b: OG Claw|Low Kick|p2a: Rotom\n|-damage|p2a: Rotom|93/100\n|move|p1a: Westjet|Iron Head|p2a: Rotom\n|-resisted|p2a: Rotom|1\n|-damage|p2a: Rotom|75/100\n|move|p2b: Excadrill|Rock Slide|p1b: OG Claw|[spread] p1a,p1b\n|-supereffective|p1b: OG Claw|1\n|-crit|p1b: OG Claw\n|-damage|p1a: Westjet|0 fnt\n|-damage|p1b: OG Claw|0 fnt\n|faint|p1a: Westjet\n|faint|p1b: OG Claw\n|\n|-weather|Sandstorm|[upkeep]\n|-damage|p2a: Rotom|69/100|[from] Sandstorm\n|upkeep\n|\n|t:|1788307939\n|switch|p1b: Easy-Bake|Rotom-Heat, L50|100/100\n|switch|p1a: Pevin Purant|Garchomp, L50, M, shiny|100/100\n|turn|3\n|c|☆triplemz1125|damn good play\n|\n|t:|1788307996\n|switch|p2b: Tyranitar|Tyranitar, L50, F|94/100\n|move|p1b: Easy-Bake|Overheat|p2a: Rotom\n|-supereffective|p2a: Rotom|1\n|-damage|p2a: Rotom|0 fnt\n|-unboost|p1b: Easy-Bake|spa|2\n|faint|p2a: Rotom\n|move|p1a: Pevin Purant|Earthquake|p2b: Tyranitar|[spread] p2b\n|-immune|p1b: Easy-Bake|[from] ability: Levitate\n|-supereffective|p2b: Tyranitar|1\n|-damage|p2b: Tyranitar|28/100\n|\n|-weather|Sandstorm|[upkeep]\n|-damage|p1b: Easy-Bake|94/100|[from] Sandstorm\n|upkeep\n|\n|t:|1788308030\n|switch|p2a: Excadrill|Excadrill, L50, F|100/100\n|turn|4\n|\n|t:|1788308047\n|move|p2a: Excadrill|Protect|p2a: Excadrill\n|-singleturn|p2a: Excadrill|Protect\n|move|p1b: Easy-Bake|Overheat|p2a: Excadrill\n|-activate|p2a: Excadrill|move: Protect\n|move|p1a: Pevin Purant|Earthquake|p2b: Tyranitar|[spread] p2b\n|-activate|p2a: Excadrill|move: Protect\n|-immune|p1b: Easy-Bake|[from] ability: Levitate\n|-supereffective|p2b: Tyranitar|1\n|-damage|p2b: Tyranitar|0 fnt\n|faint|p2b: Tyranitar\n|\n|-weather|Sandstorm|[upkeep]\n|-damage|p1b: Easy-Bake|88/100|[from] Sandstorm\n|-sideend|p1: triplemz1125|move: Tailwind\n|upkeep\n|\n|t:|1788308062\n|switch|p2b: Houndstone|Houndstone, L50, F|100/100\n|turn|5\n|\n|t:|1788308103\n|move|p2a: Excadrill|Rock Slide|p1a: Pevin Purant|[spread] p1a,p1b\n|-resisted|p1a: Pevin Purant|1\n|-supereffective|p1b: Easy-Bake|1\n|-damage|p1a: Pevin Purant|87/100\n|-damage|p1b: Easy-Bake|29/100\n|move|p2b: Houndstone|Last Respects|p1a: Pevin Purant\n|-damage|p1a: Pevin Purant|7/100\n|move|p1b: Easy-Bake|Overheat|p2b: Houndstone|[miss]\n|-miss|p1b: Easy-Bake|p2b: Houndstone\n|move|p1a: Pevin Purant|Earthquake|p2a: Excadrill|[spread] p2a,p2b\n|-immune|p1b: Easy-Bake|[from] ability: Levitate\n|-supereffective|p2a: Excadrill|1\n|-enditem|p2a: Excadrill|Focus Sash\n|-damage|p2a: Excadrill|1/100\n|-damage|p2b: Houndstone|55/100\n|\n|-weather|none\n|upkeep\n|turn|6\n|\n|t:|1788308163\n|move|p1b: Easy-Bake|Overheat|p2b: Houndstone\n|-damage|p2b: Houndstone|14/100\n|-unboost|p1b: Easy-Bake|spa|2\n|-enditem|p2b: Houndstone|Sitrus Berry|[eat]\n|-heal|p2b: Houndstone|38/100|[from] item: Sitrus Berry\n|move|p1a: Pevin Purant|Earthquake|p2b: Houndstone|[spread] p2a,p2b\n|-immune|p1b: Easy-Bake|[from] ability: Levitate\n|-supereffective|p2a: Excadrill|1\n|-damage|p2a: Excadrill|0 fnt\n|-damage|p2b: Houndstone|0 fnt\n|faint|p2a: Excadrill\n|faint|p2b: Houndstone\n|\n|win|triplemz1125\n","uploadtime":1788308179,"views":"0","formatid":"gen9championsvgc2026regmb","rating":null,"private":0,"password":null}