{"id":"gen9championsvgc2026regmbbo3-2674856475","format":"[Gen 9 Champions] VGC 2026 Reg M-B (Bo3)","players":["humania1","Giovannalacapanna"],"log":"|j|☆humania1\n|j|☆Giovannalacapanna\n|html|<table width=\"100%\"><tr><td align=\"left\">humania1</td><td align=\"right\">Giovannalacapanna</tr><tr><td align=\"left\"><i class=\"fa fa-circle-o\"></i> <i class=\"fa fa-circle-o\"></i> </td><td align=\"right\"><i class=\"fa fa-circle-o\"></i> <i class=\"fa fa-circle-o\"></i> </tr></table>\n|uhtml|bestof|<h2><strong>Game 1</strong> of <a href=\"/game-bestof3-gen9championsvgc2026regmbbo3-2674856474\">a best-of-3</a></h2>\n|t:|1788422389\n|gametype|doubles\n|player|p1|humania1|265|1052\n|player|p2|Giovannalacapanna|169|1046\n|gen|9\n|tier|[Gen 9 Champions] VGC 2026 Reg M-B (Bo3)\n|rated|\n|rule|Species Clause: Limit one of each Pokémon\n|rule|Item Clause: Limit 1 of each item\n|clearpoke\n|poke|p1|Charizard, L50, M|\n|poke|p1|Whimsicott, L50, M|\n|poke|p1|Basculegion, L50, M|\n|poke|p1|Farigiraf, L50, M|\n|poke|p1|Kangaskhan, L50, F|\n|poke|p1|Sneasler, L50, M|\n|poke|p2|Chimecho, L50, F|\n|poke|p2|Aggron, L50, M|\n|poke|p2|Incineroar, L50, M|\n|poke|p2|Sinistcha, L50|\n|poke|p2|Toxapex, L50, M|\n|poke|p2|Tyranitar, L50, F|\n|teampreview|4\n|showteam|p1|Charizard||CharizarditeY|SolarPower|WeatherBall,HeatWave,SolarBeam,Protect|Timid||M|||50|]Whimsicott||FocusSash|Prankster|Moonblast,Tailwind,SunnyDay,Encore|Timid||M|||50|]Basculegion||ChoiceScarf|Adaptability|WaveCrash,AquaJet,LastRespects,FlipTurn|Adamant||M|||50|]Farigiraf||SitrusBerry|ArmorTail|Psychic,HyperVoice,HelpingHand,TrickRoom|Modest||M|||50|]Kangaskhan||Kangaskhanite|Scrappy|FakeOut,DoubleEdge,DrainPunch,SuckerPunch|Adamant||F|||50|]Sneasler||WhiteHerb|Unburden|FakeOut,CloseCombat,DireClaw,RockTomb|Adamant||M|||50|\n|showteam|p2|Chimecho||Chimechite|Levitate|Protect,Snarl,SkillSwap,PsychicNoise|Calm||F|||50|]Aggron||Aggronite|Sturdy|Protect,BodyPress,SandTomb,Endeavor|Impish||M|||50|]Incineroar||SitrusBerry|Intimidate|Protect,PartingShot,ThroatChop,FakeOut|Careful||M|||50|]Sinistcha||ColburBerry|Hospitality|Protect,MatchaGotcha,StrengthSap,RagePowder|Bold|||||50|]Toxapex||Leftovers|Regenerator|BanefulBunker,Toxic,Infestation,WideGuard|Impish||M|||50|]Tyranitar||ChoiceScarf|SandStream|RockSlide,Earthquake,KnockOff,IcePunch|Jolly||F|||50|\n|inactive|Battle timer is ON: inactive players will automatically lose when time's up. (requested by humania1)\n|inactive|Giovannalacapanna has 60 seconds left.\n|\n|t:|1788422420\n|teamsize|p1|4\n|teamsize|p2|4\n|start\n|switch|p1a: Charizard|Charizard, L50, M|100/100\n|switch|p1b: Sneasler|Sneasler, L50, M|100/100\n|switch|p2a: Incineroar|Incineroar, L50, M|100/100\n|switch|p2b: Toxapex|Toxapex, L50, M|100/100\n|-ability|p2a: Incineroar|Intimidate|boost\n|-unboost|p1a: Charizard|atk|1\n|-unboost|p1b: Sneasler|atk|1\n|-enditem|p1b: Sneasler|White Herb\n|-clearnegativeboost|p1b: Sneasler|[silent]\n|turn|1\n|inactive|Giovannalacapanna has 30 seconds left.\n|\n|t:|1788422446\n|move|p1a: Charizard|Protect|p1a: Charizard\n|-singleturn|p1a: Charizard|Protect\n|move|p2a: Incineroar|Protect|p2a: Incineroar\n|-singleturn|p2a: Incineroar|Protect\n|move|p1b: Sneasler|Close Combat|p2a: Incineroar\n|-activate|p2a: Incineroar|move: Protect\n|move|p2b: Toxapex|Toxic|p1a: Charizard\n|-activate|p1a: Charizard|move: Protect\n|\n|upkeep\n|turn|2\n|\n|t:|1788422463\n|switch|p1a: Basculegion|Basculegion, L50, M|100/100\n|move|p1b: Sneasler|Close Combat|p2a: Incineroar\n|-supereffective|p2a: Incineroar|1\n|-damage|p2a: Incineroar|0 fnt\n|-unboost|p1b: Sneasler|def|1\n|-unboost|p1b: Sneasler|spd|1\n|faint|p2a: Incineroar\n|move|p2b: Toxapex|Toxic|p1a: Basculegion\n|-status|p1a: Basculegion|tox\n|\n|-damage|p1a: Basculegion|93/100 tox|[from] psn\n|upkeep\n|\n|t:|1788422474\n|switch|p2a: Aggron|Aggron, L50, M|100/100\n|turn|3\n|\n|t:|1788422482\n|switch|p1a: Charizard|Charizard, L50, M|100/100\n|detailschange|p2a: Aggron|Aggron-Mega, L50, M\n|-mega|p2a: Aggron|Aggron|Aggronite\n|move|p1b: Sneasler|Close Combat|p2a: Aggron\n|-supereffective|p2a: Aggron|1\n|-damage|p2a: Aggron|55/100\n|-unboost|p1b: Sneasler|def|1\n|-unboost|p1b: Sneasler|spd|1\n|move|p2a: Aggron|Sand Tomb|p1b: Sneasler\n|-supereffective|p1b: Sneasler|1\n|-damage|p1b: Sneasler|18/100\n|-activate|p1b: Sneasler|move: Sand Tomb|[of] p2a: Aggron\n|move|p2b: Toxapex|Infestation|p1a: Charizard\n|-resisted|p1a: Charizard|2\n|-damage|p1a: Charizard|99/100\n|-activate|p1a: Charizard|move: Infestation|[of] p2b: Toxapex\n|\n|-damage|p1b: Sneasler|6/100|[from] move: Sand Tomb|[partiallytrapped]\n|-damage|p1a: Charizard|87/100|[from] move: Infestation|[partiallytrapped]\n|upkeep\n|turn|4\n|\n|t:|1788422502\n|detailschange|p1a: Charizard|Charizard-Mega-Y, L50, M\n|-mega|p1a: Charizard|Charizard|Charizardite Y\n|-weather|SunnyDay|[from] ability: Drought|[of] p1a: Charizard\n|move|p2a: Aggron|Protect|p2a: Aggron\n|-singleturn|p2a: Aggron|Protect\n|move|p2b: Toxapex|Baneful Bunker|p2b: Toxapex\n|-singleturn|p2b: Toxapex|move: Protect\n|move|p1b: Sneasler|Close Combat|p2a: Aggron\n|-activate|p2a: Aggron|move: Protect\n|move|p1a: Charizard|Heat Wave|p2a: Aggron|[spread] \n|-activate|p2a: Aggron|move: Protect\n|-activate|p2b: Toxapex|move: Protect\n|\n|-weather|SunnyDay|[upkeep]\n|-damage|p1b: Sneasler|0 fnt|[from] move: Sand Tomb|[partiallytrapped]\n|faint|p1b: Sneasler\n|-damage|p1a: Charizard|74/100|[from] move: Infestation|[partiallytrapped]\n|upkeep\n|\n|t:|1788422502\n|switch|p1b: Farigiraf|Farigiraf, L50, M|100/100\n|turn|5\n|\n|t:|1788422521\n|switch|p2a: Tyranitar|Tyranitar, L50, F|100/100\n|-weather|Sandstorm|[from] ability: Sand Stream|[of] p2a: Tyranitar\n|move|p1a: Charizard|Solar Beam||[still]\n|-prepare|p1a: Charizard|Solar Beam\n|move|p1b: Farigiraf|Psychic|p2b: Toxapex\n|-supereffective|p2b: Toxapex|1\n|-damage|p2b: Toxapex|27/100\n|move|p2b: Toxapex|Toxic|p1a: Charizard\n|-status|p1a: Charizard|tox\n|\n|-weather|Sandstorm|[upkeep]\n|-damage|p1a: Charizard|69/100 tox|[from] Sandstorm\n|-damage|p1b: Farigiraf|93/100|[from] Sandstorm\n|-damage|p2b: Toxapex|21/100|[from] Sandstorm\n|-heal|p2b: Toxapex|27/100|[from] item: Leftovers\n|-damage|p1a: Charizard|63/100 tox|[from] psn\n|-damage|p1a: Charizard|50/100g tox|[from] move: Infestation|[partiallytrapped]\n|upkeep\n|turn|6\n|inactive|Giovannalacapanna has 30 seconds left.\n|\n|t:|1788422548\n|move|p2b: Toxapex|Baneful Bunker|p2b: Toxapex\n|-singleturn|p2b: Toxapex|move: Protect\n|move|p2a: Tyranitar|Knock Off|p1b: Farigiraf\n|-supereffective|p1b: Farigiraf|1\n|-damage|p1b: Farigiraf|0 fnt\n|-enditem|p1b: Farigiraf|Sitrus Berry|[from] move: Knock Off|[of] p2a: Tyranitar\n|faint|p1b: Farigiraf\n|move|p1a: Charizard|Solar Beam|p2b: Toxapex|[from] lockedmove\n|-activate|p2b: Toxapex|move: Protect\n|\n|-weather|Sandstorm|[upkeep]\n|-damage|p1a: Charizard|45/100 tox|[from] Sandstorm\n|-damage|p2b: Toxapex|21/100|[from] Sandstorm\n|-heal|p2b: Toxapex|27/100|[from] item: Leftovers\n|-damage|p1a: Charizard|33/100 tox|[from] psn\n|-damage|p1a: Charizard|21/100 tox|[from] move: Infestation|[partiallytrapped]\n|upkeep\n|\n|t:|1788422548\n|switch|p1b: Basculegion|Basculegion, L50, M|93/100 tox\n|turn|7\n|\n|t:|1788422566\n|-heal|p2b: Toxapex|60/100|[from] ability: Regenerator|[silent]\n|switch|p2b: Aggron|Aggron-Mega, L50, M|55/100\n|move|p1a: Charizard|Protect|p1a: Charizard\n|-singleturn|p1a: Charizard|Protect\n|move|p1b: Basculegion|Wave Crash|p2a: Tyranitar\n|-supereffective|p2a: Tyranitar|1\n|-damage|p2a: Tyranitar|0 fnt\n|faint|p2a: Tyranitar\n|-damage|p1b: Basculegion|64/100 tox|[from] Recoil\n|\n|-weather|Sandstorm|[upkeep]\n|-damage|p1b: Basculegion|57/100 tox|[from] Sandstorm\n|-damage|p1a: Charizard|15/100 tox|[from] Sandstorm\n|-damage|p1b: Basculegion|51/100 tox|[from] psn\n|-damage|p1a: Charizard|0 fnt|[from] psn\n|faint|p1a: Charizard\n|upkeep\n|\n|t:|1788422581\n|switch|p2a: Toxapex|Toxapex, L50, M|60/100\n|turn|8\n|\n|t:|1788422587\n|move|p1b: Basculegion|Wave Crash|p2b: Aggron\n|-damage|p2b: Aggron|22/100\n|-damage|p1b: Basculegion|41/100 tox|[from] Recoil\n|move|p2b: Aggron|Sand Tomb|p1b: Basculegion\n|-damage|p1b: Basculegion|27/100 tox\n|-activate|p1b: Basculegion|move: Sand Tomb|[of] p2b: Aggron\n|move|p2a: Toxapex|Infestation|p1b: Basculegion\n|-resisted|p1b: Basculegion|1\n|-damage|p1b: Basculegion|26/100 tox\n|\n|-weather|Sandstorm|[upkeep]\n|-damage|p1b: Basculegion|20/100r tox|[from] Sandstorm\n|-damage|p2a: Toxapex|54/100|[from] Sandstorm\n|-heal|p2a: Toxapex|60/100|[from] item: Leftovers\n|-damage|p1b: Basculegion|7/100 tox|[from] psn\n|-damage|p1b: Basculegion|0 fnt|[from] move: Sand Tomb|[partiallytrapped]\n|faint|p1b: Basculegion\n|\n|win|Giovannalacapanna\n","uploadtime":1788422587,"views":"0","formatid":"gen9championsvgc2026regmbbo3","rating":null,"private":0,"password":null}