{"id":"gen9championsvgc2026regmb-2674481673","format":"[Gen 9 Champions] VGC 2026 Reg M-B","players":["zaxevgc","dcdvv"],"log":"|j|☆zaxevgc\n|j|☆dcdvv\n|t:|1788364935\n|gametype|doubles\n|player|p1|zaxevgc|bugsy|1073\n|player|p2|dcdvv|nate|1029\n|gen|9\n|tier|[Gen 9 Champions] VGC 2026 Reg M-B\n|rated|\n|rule|Species Clause: Limit one of each Pokémon\n|rule|Item Clause: Limit 1 of each item\n|clearpoke\n|poke|p1|Crabominable, L50, F|\n|poke|p1|Sinistcha, L50, shiny|\n|poke|p1|Incineroar, L50, F|\n|poke|p1|Abomasnow, L50, F, shiny|\n|poke|p1|Araquanid, L50, M|\n|poke|p1|Kingambit, L50, F|\n|poke|p2|Quaquaval, L50, M|\n|poke|p2|Houndstone, L50, M|\n|poke|p2|Metagross, L50|\n|poke|p2|Sylveon, L50, M|\n|poke|p2|Incineroar, L50, F|\n|poke|p2|Farigiraf, L50, F|\n|teampreview|4\n|inactive|Battle timer is ON: inactive players will automatically lose when time's up. (requested by zaxevgc)\nzaxevgc rejected open team sheets.\n|inactive|zaxevgc has 60 seconds left.\n|\n|t:|1788364996\n|teamsize|p1|4\n|teamsize|p2|4\n|start\n|switch|p1a: Matcha|Sinistcha, L50, shiny|100/100\n|switch|p1b: Macho Libre|Incineroar, L50, F|100/100\n|switch|p2a: Quaquaval|Quaquaval, L50, M|100/100\n|switch|p2b: Farigiraf|Farigiraf, L50, F|100/100\n|-ability|p1b: Macho Libre|Intimidate|boost\n|-unboost|p2a: Quaquaval|atk|1\n|-unboost|p2b: Farigiraf|atk|1\n|-enditem|p2a: Quaquaval|White Herb\n|-clearnegativeboost|p2a: Quaquaval|[silent]\n|turn|1\n|inactive|zaxevgc has 30 seconds left.\n|inactive|dcdvv has 30 seconds left.\n|\n|t:|1788365030\n|move|p2a: Quaquaval|Close Combat|p1b: Macho Libre\n|-supereffective|p1b: Macho Libre|1\n|-enditem|p1b: Macho Libre|Chople Berry|[eat]\n|-enditem|p1b: Macho Libre|Chople Berry|[weaken]\n|-damage|p1b: Macho Libre|49/100\n|-unboost|p2a: Quaquaval|def|1\n|-unboost|p2a: Quaquaval|spd|1\n|move|p1b: Macho Libre|Will-O-Wisp|p2a: Quaquaval\n|-status|p2a: Quaquaval|brn\n|move|p2b: Farigiraf|Crunch|p1a: Matcha\n|-supereffective|p1a: Matcha|1\n|-damage|p1a: Matcha|72/100\n|-unboost|p1a: Matcha|def|1\n|-damage|p2b: Farigiraf|90/100|[from] item: Life Orb\n|move|p1a: Matcha|Trick Room|p1a: Matcha\n|-fieldstart|move: Trick Room|[of] p1a: Matcha\n|\n|-damage|p2a: Quaquaval|93/100 brn|[from] brn\n|upkeep\n|turn|2\n|c|☆zaxevgc|wow\n|inactive|zaxevgc has 30 seconds left.\n|inactive|dcdvv has 30 seconds left.\n|\n|t:|1788365064\n|switch|p2a: Sylveon|Sylveon, L50, M|100/100\n|move|p2b: Farigiraf|Dazzling Gleam|p1a: Matcha|[spread] p1a,p1b\n|-damage|p1a: Matcha|45/100\n|-damage|p1b: Macho Libre|26/100\n|-damage|p2b: Farigiraf|80/100|[from] item: Life Orb\n|move|p1a: Matcha|Matcha Gotcha|p2b: Farigiraf|[spread] p2a,p2b\n|-damage|p2a: Sylveon|80/100\n|-heal|p1a: Matcha|58/100|[from] drain|[of] p2a: Sylveon\n|-damage|p2b: Farigiraf|55/100\n|-heal|p1a: Matcha|76/100|[from] drain|[of] p2b: Farigiraf\n|move|p1b: Macho Libre|Darkest Lariat|p2b: Farigiraf\n|-supereffective|p2b: Farigiraf|1\n|-damage|p2b: Farigiraf|0 fnt\n|faint|p2b: Farigiraf\n|\n|upkeep\n|\n|t:|1788365083\n|switch|p2b: Metagross|Metagross, L50|100/100\n|turn|3\n|\n|t:|1788365098\n|detailschange|p2b: Metagross|Metagross-Mega, L50\n|-mega|p2b: Metagross|Metagross|Metagrossite\n|move|p1a: Matcha|Protect|p1a: Matcha\n|-singleturn|p1a: Matcha|Protect\n|move|p2b: Metagross|Protect|p2b: Metagross\n|-singleturn|p2b: Metagross|Protect\n|move|p2a: Sylveon|Hyper Voice|p1b: Macho Libre|[spread] p1b\n|-activate|p1a: Matcha|move: Protect\n|-damage|p1b: Macho Libre|0 fnt\n|faint|p1b: Macho Libre\n|\n|upkeep\n|\n|t:|1788365109\n|switch|p1b: Apocalypse|Abomasnow, L50, F, shiny|100/100\n|-weather|Snowscape|[from] ability: Snow Warning|[of] p1b: Apocalypse\n|turn|4\n|\n|t:|1788365126\n|switch|p1a: Ice Hulk|Crabominable, L50, F|100/100\n|move|p1b: Apocalypse|Aurora Veil|p1b: Apocalypse\n|-sidestart|p1: zaxevgc|move: Aurora Veil\n|move|p2a: Sylveon|Shadow Ball|p1a: Ice Hulk\n|-damage|p1a: Ice Hulk|81/100\n|move|p2b: Metagross|Iron Head|p1b: Apocalypse\n|-supereffective|p1b: Apocalypse|1\n|-damage|p1b: Apocalypse|42/100\n|\n|-weather|Snowscape|[upkeep]\n|upkeep\n|turn|5\n|inactive|dcdvv has 30 seconds left.\n|\n|t:|1788365152\n|switch|p1b: Matcha|Sinistcha, L50, shiny|76/100\n|-heal|p1a: Ice Hulk|100/100|[from] ability: Hospitality|[of] p1b: Matcha\n|detailschange|p1a: Ice Hulk|Crabominable-Mega, L50, F\n|-mega|p1a: Ice Hulk|Crabominable|Crabominite\n|move|p1a: Ice Hulk|Bulk Up|p1a: Ice Hulk\n|-boost|p1a: Ice Hulk|atk|1\n|-boost|p1a: Ice Hulk|def|1\n|move|p2a: Sylveon|Hyper Voice|p1a: Ice Hulk|[spread] p1a,p1b\n|-supereffective|p1a: Ice Hulk|1\n|-crit|p1b: Matcha\n|-damage|p1a: Ice Hulk|50/100y\n|-damage|p1b: Matcha|0 fnt\n|faint|p1b: Matcha\n|move|p2b: Metagross|Psychic Fangs|p1a: Ice Hulk\n|-sideend|p1: zaxevgc|move: Aurora Veil\n|-supereffective|p1a: Ice Hulk|1\n|-damage|p1a: Ice Hulk|10/100\n|\n|-weather|Snowscape|[upkeep]\n|-fieldend|move: Trick Room\n|upkeep\n|\n|t:|1788365177\n|switch|p1b: Apocalypse|Abomasnow, L50, F, shiny|42/100\n|turn|6\n|\n|t:|1788365193\n|move|p2b: Metagross|Protect|p2b: Metagross\n|-singleturn|p2b: Metagross|Protect\n|move|p2a: Sylveon|Hyper Voice|p1b: Apocalypse|[spread] p1a,p1b\n|-supereffective|p1a: Ice Hulk|1\n|-crit|p1a: Ice Hulk\n|-damage|p1a: Ice Hulk|0 fnt\n|-damage|p1b: Apocalypse|0 fnt\n|faint|p1a: Ice Hulk\n|faint|p1b: Apocalypse\n|\n|win|dcdvv\n|raw|zaxevgc's rating: 1073 &rarr; <strong>1049</strong><br />(-24 for losing)\n|raw|dcdvv's rating: 1029 &rarr; <strong>1069</strong><br />(+40 for winning)\n|l|☆zaxevgc\n|player|p1|\n","uploadtime":1788365207,"views":"4","formatid":"gen9championsvgc2026regmb","rating":1049,"private":0,"password":null}