{"id":"gen9championsvgc2026regmb-2673963646","format":"[Gen 9 Champions] VGC 2026 Reg M-B","players":["leaffeonn","Butter_Dawg0279"],"log":"|j|☆leaffeonn\n|j|☆Butter_Dawg0279\n|t:|1788282428\n|gametype|doubles\n|player|p1|leaffeonn|allister-masters|1168\n|player|p2|Butter_Dawg0279|preschooler|1240\n|gen|9\n|tier|[Gen 9 Champions] VGC 2026 Reg M-B\n|rated|\n|rule|Species Clause: Limit one of each Pokémon\n|rule|Item Clause: Limit 1 of each item\n|clearpoke\n|poke|p1|Ninetales-Alola, L50, F, shiny|\n|poke|p1|Garchomp, L50, F, shiny|\n|poke|p1|Sableye, L50, F, shiny|\n|poke|p1|Greninja, L50, F, shiny|\n|poke|p1|Incineroar, L50, F|\n|poke|p1|Basculegion, L50, M, shiny|\n|poke|p2|Incineroar, L50, M, shiny|\n|poke|p2|Whimsicott, L50, M, shiny|\n|poke|p2|Ninetales-Alola, L50, M, shiny|\n|poke|p2|Lopunny, L50, F|\n|poke|p2|Gholdengo, L50, shiny|\n|poke|p2|Torterra, L50, F|\n|teampreview|4\n|inactive|Battle timer is ON: inactive players will automatically lose when time's up. (requested by leaffeonn)\n|inactive|leaffeonn has 60 seconds left.\n|inactive|Butter_Dawg0279 has 60 seconds left.\n|inactive|Butter_Dawg0279 has 30 seconds left.\n|\n|t:|1788282494\n|teamsize|p1|4\n|teamsize|p2|4\n|start\n|switch|p1a: Basculegion|Basculegion, L50, M, shiny|100/100\n|switch|p1b: Garchomp|Garchomp, L50, F, shiny|100/100\n|switch|p2a: Incineroar|Incineroar, L50, M, shiny|100/100\n|switch|p2b: Judy|Lopunny, L50, F|100/100\n|-ability|p2a: Incineroar|Intimidate|boost\n|-unboost|p1a: Basculegion|atk|1\n|-unboost|p1b: Garchomp|atk|1\n|turn|1\n|\n|t:|1788282516\n|detailschange|p2b: Judy|Lopunny-Mega, L50, F\n|-mega|p2b: Judy|Lopunny|Lopunnite\n|move|p2b: Judy|Fake Out|p1a: Basculegion\n|-damage|p1a: Basculegion|72/100\n|cant|p1a: Basculegion|flinch\n|move|p1b: Garchomp|Rock Slide|p2a: Incineroar|[spread] p2a,p2b\n|-supereffective|p2a: Incineroar|1\n|-resisted|p2b: Judy|1\n|-damage|p2a: Incineroar|66/100\n|-damage|p2b: Judy|87/100\n|-damage|p1b: Garchomp|90/100|[from] item: Life Orb\n|move|p2a: Incineroar|Parting Shot|p1a: Basculegion\n|-unboost|p1a: Basculegion|atk|1\n|-unboost|p1a: Basculegion|spa|1\n|\n|t:|1788282528\n|switch|p2a: Whimsicott|Whimsicott, L50, M, shiny|100/100|[from] Parting Shot\n|\n|upkeep\n|turn|2\n|inactive|leaffeonn has 30 seconds left.\n|inactive|leaffeonn has 20 seconds left.\n|\n|t:|1788282565\n|switch|p2b: Incineroar|Incineroar, L50, M, shiny|66/100\n|-ability|p2b: Incineroar|Intimidate|boost\n|-unboost|p1a: Basculegion|atk|1\n|-unboost|p1b: Garchomp|atk|1\n|switch|p1b: Sableye|Sableye, L50, F, shiny|100/100\n|move|p1a: Basculegion|Aqua Jet|p2b: Incineroar\n|-supereffective|p2b: Incineroar|1\n|-damage|p2b: Incineroar|46/100\n|-enditem|p2b: Incineroar|Sitrus Berry|[eat]\n|-heal|p2b: Incineroar|71/100|[from] item: Sitrus Berry\n|move|p2a: Whimsicott|Moonblast|p1b: Sableye\n|-supereffective|p1b: Sableye|1\n|-damage|p1b: Sableye|27/100\n|-unboost|p1b: Sableye|spa|1\n|-enditem|p1b: Sableye|Sitrus Berry|[eat]\n|-heal|p1b: Sableye|52/100|[from] item: Sitrus Berry\n|\n|upkeep\n|turn|3\n|inactive|leaffeonn has 30 seconds left.\n|inactive|Butter_Dawg0279 has 30 seconds left.\n|inactive|Butter_Dawg0279 has 20 seconds left.\n|\n|t:|1788282600\n|switch|p1a: Greninja|Greninja, L50, F, shiny|100/100\n|switch|p1b: Garchomp|Garchomp, L50, F, shiny|90/100\n|move|p2a: Whimsicott|Moonblast|p1b: Garchomp\n|-supereffective|p1b: Garchomp|1\n|-damage|p1b: Garchomp|8/100\n|move|p2b: Incineroar|Parting Shot|p1a: Greninja\n|-unboost|p1a: Greninja|atk|1\n|-unboost|p1a: Greninja|spa|1\n|\n|t:|1788282610\n|switch|p2b: Torterra|Torterra, L50, F|100/100|[from] Parting Shot\n|\n|upkeep\n|turn|4\n|\n|t:|1788282621\n|switch|p1b: Sableye|Sableye, L50, F, shiny|52/100\n|move|p1a: Greninja|Protect|p1a: Greninja\n|-start|p1a: Greninja|typechange|Normal|[from] ability: Protean\n|-singleturn|p1a: Greninja|Protect\n|move|p2a: Whimsicott|Grassy Terrain|p2a: Whimsicott\n|-fieldstart|move: Grassy Terrain\n|move|p2b: Torterra|Grassy Glide|p1a: Greninja\n|-activate|p1a: Greninja|move: Protect\n|\n|-heal|p1b: Sableye|57/100|[from] Grassy Terrain\n|upkeep\n|turn|5\n|\n|t:|1788282640\n|detailschange|p1a: Greninja|Greninja-Mega, L50, F, shiny\n|-mega|p1a: Greninja|Greninja|Greninjite\n|move|p2b: Torterra|Grassy Glide|p1a: Greninja\n|-supereffective|p1a: Greninja|1\n|-damage|p1a: Greninja|0 fnt\n|faint|p1a: Greninja\n|-damage|p2b: Torterra|90/100|[from] item: Life Orb\n|move|p1b: Sableye|Will-O-Wisp|p2b: Torterra\n|-status|p2b: Torterra|brn\n|move|p2a: Whimsicott|Moonblast|p1b: Sableye\n|-supereffective|p1b: Sableye|1\n|-damage|p1b: Sableye|0 fnt\n|faint|p1b: Sableye\n|\n|-heal|p2b: Torterra|96/100 brn|[from] Grassy Terrain\n|-damage|p2b: Torterra|90/100 brn|[from] brn\n|upkeep\n|-message|leaffeonn forfeited.\n|\n|win|Butter_Dawg0279\n|raw|leaffeonn's rating: 1168 &rarr; <strong>1148</strong><br />(-20 for losing)\n|raw|Butter_Dawg0279's rating: 1240 &rarr; <strong>1260</strong><br />(+20 for winning)\n|l|☆leaffeonn\n|player|p1|\n","uploadtime":1788282742,"views":"8","formatid":"gen9championsvgc2026regmb","rating":1148,"private":0,"password":null}