{"id":"gen9championsvgc2026regmb-2674502810","format":"[Gen 9 Champions] VGC 2026 Reg M-B","players":["jerk4kirk","gonegeb"],"log":"|j|☆jerk4kirk\n|j|☆gonegeb\n|t:|1788367413\n|gametype|doubles\n|player|p1|jerk4kirk|elesa|1235\n|player|p2|gonegeb|corbeau|1322\n|gen|9\n|tier|[Gen 9 Champions] VGC 2026 Reg M-B\n|rated|\n|rule|Species Clause: Limit one of each Pokémon\n|rule|Item Clause: Limit 1 of each item\n|clearpoke\n|poke|p1|Charizard, L50, F|\n|poke|p1|Vivillon, L50, M|\n|poke|p1|Clefable, L50, M|\n|poke|p1|Sinistcha, L50|\n|poke|p1|Basculegion, L50, M|\n|poke|p1|Kingambit, L50, F|\n|poke|p2|Lucario, L50, M|\n|poke|p2|Umbreon, L50, M, shiny|\n|poke|p2|Arcanine-Hisui, L50, M, shiny|\n|poke|p2|Ceruledge, L50, M|\n|poke|p2|Corviknight, L50, M|\n|poke|p2|Whimsicott, L50, F, shiny|\n|teampreview|4\n|\n|t:|1788367428\n|teamsize|p1|4\n|teamsize|p2|4\n|start\n|switch|p1a: Charizard|Charizard, L50, F|100/100\n|switch|p1b: Vivillon|Vivillon, L50, M|100/100\n|switch|p2a: Umbreon|Umbreon, L50, M, shiny|100/100\n|switch|p2b: Whimsicott|Whimsicott, L50, F, shiny|100/100\n|turn|1\n|\n|t:|1788367445\n|detailschange|p1a: Charizard|Charizard-Mega-X, L50, F\n|-mega|p1a: Charizard|Charizard|Charizardite X\n|move|p2b: Whimsicott|Taunt|p1b: Vivillon\n|-start|p1b: Vivillon|move: Taunt\n|move|p1a: Charizard|Belly Drum|p1a: Charizard\n|-damage|p1a: Charizard|50/100g\n|-setboost|p1a: Charizard|atk|6|[from] move: Belly Drum\n|move|p1b: Vivillon|Pollen Puff|p1a: Charizard\n|-heal|p1a: Charizard|100/100\n|move|p2a: Umbreon|Snarl|p1a: Charizard|[spread] p1a,p1b\n|-damage|p1a: Charizard|89/100\n|-damage|p1b: Vivillon|80/100\n|-unboost|p1a: Charizard|spa|1\n|\n|upkeep\n|turn|2\n|c|☆gonegeb|uh oh\n|\n|t:|1788367461\n|switch|p1b: Clefable|Clefable, L50, M|100/100\n|move|p1a: Charizard|Protect|p1a: Charizard\n|-singleturn|p1a: Charizard|Protect\n|move|p2b: Whimsicott|Tailwind|p2b: Whimsicott\n|-sidestart|p2: gonegeb|move: Tailwind\n|move|p2a: Umbreon|Foul Play|p1a: Charizard\n|-activate|p1a: Charizard|move: Protect\n|\n|upkeep\n|turn|3\n|inactive|Battle timer is ON: inactive players will automatically lose when time's up. (requested by jerk4kirk)\n|\n|t:|1788367547\n|switch|p2a: Ceruledge|Ceruledge, L50, M|100/100\n|move|p1b: Clefable|Follow Me|p1b: Clefable\n|-singleturn|p1b: Clefable|move: Follow Me\n|move|p2b: Whimsicott|Taunt|p1b: Clefable\n|-start|p1b: Clefable|move: Taunt\n|move|p1a: Charizard|Breaking Swipe|p2a: Ceruledge|[spread] p2a\n|-immune|p2b: Whimsicott\n|-damage|p2a: Ceruledge|0 fnt\n|faint|p2a: Ceruledge\n|\n|upkeep\n|\n|t:|1788367552\n|switch|p2a: Umbreon|Umbreon, L50, M, shiny|100/100\n|turn|4\n|inactive|jerk4kirk has 30 seconds left.\n|\n|t:|1788367585\n|move|p2b: Whimsicott|Moonblast|p1b: Clefable\n|-damage|p1b: Clefable|69/100\n|move|p2a: Umbreon|Foul Play|p1a: Charizard\n|-damage|p1a: Charizard|0 fnt\n|faint|p1a: Charizard\n|move|p1b: Clefable|Air Slash|p2b: Whimsicott\n|-supereffective|p2b: Whimsicott|1\n|-damage|p2b: Whimsicott|47/100\n|\n|upkeep\n|\n|t:|1788367593\n|switch|p1a: Basculegion|Basculegion, L50, M|100/100\n|turn|5\n|c|☆jerk4kirk|oh man\n|inactive|jerk4kirk has 30 seconds left.\n|\n|t:|1788367621\n|switch|p1a: Vivillon|Vivillon, L50, M|80/100\n|move|p2b: Whimsicott|Moonblast|p1b: Clefable\n|-damage|p1b: Clefable|38/100\n|move|p2a: Umbreon|Foul Play|p1a: Vivillon\n|-damage|p1a: Vivillon|44/100\n|move|p1b: Clefable|Air Slash|p2b: Whimsicott\n|-supereffective|p2b: Whimsicott|1\n|-damage|p2b: Whimsicott|0 fnt\n|faint|p2b: Whimsicott\n|\n|-sideend|p2: gonegeb|move: Tailwind\n|upkeep\n|\n|t:|1788367626\n|switch|p2b: Arcanine|Arcanine-Hisui, L50, M, shiny|100/100\n|turn|6\n|inactive|gonegeb has 30 seconds left.\n|inactive|gonegeb has 20 seconds left.\n|inactive|gonegeb has 15 seconds left.\n|inactive|gonegeb has 10 seconds left.\n|\n|t:|1788367674\n|move|p1a: Vivillon|Rage Powder|p1a: Vivillon\n|-singleturn|p1a: Vivillon|move: Rage Powder\n|move|p2b: Arcanine|Head Smash|p1a: Vivillon\n|-supereffective|p1a: Vivillon|2\n|-damage|p1a: Vivillon|0 fnt\n|faint|p1a: Vivillon\n|move|p2a: Umbreon|Snarl|p1b: Clefable\n|-resisted|p1b: Clefable|1\n|-damage|p1b: Clefable|32/100\n|-unboost|p1b: Clefable|spa|1\n|move|p1b: Clefable|Air Slash|p2a: Umbreon\n|-damage|p2a: Umbreon|93/100\n|\n|-heal|p2a: Umbreon|99/100|[from] item: Leftovers\n|-end|p1b: Clefable|move: Taunt\n|upkeep\n|\n|t:|1788367687\n|switch|p1a: Basculegion|Basculegion, L50, M|100/100\n|turn|7\n|\n|t:|1788367697\n|move|p1b: Clefable|Follow Me|p1b: Clefable\n|-singleturn|p1b: Clefable|move: Follow Me\n|move|p1a: Basculegion|Last Respects|p2a: Umbreon\n|-resisted|p2a: Umbreon|1\n|-damage|p2a: Umbreon|62/100\n|move|p2b: Arcanine|Flare Blitz|p1b: Clefable\n|-damage|p1b: Clefable|0 fnt\n|faint|p1b: Clefable\n|move|p2a: Umbreon|Foul Play|p1a: Basculegion\n|-supereffective|p1a: Basculegion|1\n|-damage|p1a: Basculegion|0 fnt\n|faint|p1a: Basculegion\n|\n|win|gonegeb\n|raw|jerk4kirk's rating: 1235 &rarr; <strong>1216</strong><br />(-19 for losing)\n|raw|gonegeb's rating: 1322 &rarr; <strong>1337</strong><br />(+15 for winning)\n|l|☆jerk4kirk\n|player|p1|\n","uploadtime":1788367713,"views":"1","formatid":"gen9championsvgc2026regmb","rating":1216,"private":0,"password":null}