{"id":"gen9championsvgc2026regmb-2674157227","format":"[Gen 9 Champions] VGC 2026 Reg M-B","players":["kaffeemi","triple3double2"],"log":"|j|☆kaffeemi\n|j|☆triple3double2\n|html|<table width=\"100%\"><tr><td align=\"left\">kaffeemi</td><td align=\"right\">triple3double2</tr><tr><td align=\"left\"><i class=\"fa fa-circle\"></i> <i class=\"fa fa-circle-o\"></i> </td><td align=\"right\"><i class=\"fa fa-circle-o\"></i> <i class=\"fa fa-circle-o\"></i> </tr></table>\n|uhtml|bestof|<h2><strong>Game 2</strong> of <a href=\"/game-bestof3-gen9championsvgc2026regmb-2674154526\">a best-of-3</a></h2>\n|t:|1788307676\n|gametype|doubles\n|player|p1|kaffeemi|emmet|\n|player|p2|triple3double2|boarder|\n|gen|9\n|tier|[Gen 9 Champions] VGC 2026 Reg M-B\n|rule|Species Clause: Limit one of each Pokémon\n|rule|Item Clause: Limit 1 of each item\n|raw|<div class=\"infobox\"><details class=\"readmore\" open><summary><strong>1 custom rule:</strong></summary> Best of = 3</details></div>\n|clearpoke\n|poke|p1|Annihilape, L50, F|\n|poke|p1|Maushold, L50|\n|poke|p1|Floette-Eternal, L50, F|\n|poke|p1|Mudsdale, L50, M|\n|poke|p1|Weavile, L50, F|\n|poke|p1|Samurott-Hisui, L50, F|\n|poke|p2|Florges-White, L50, F|\n|poke|p2|Excadrill, L50, M, shiny|\n|poke|p2|Meowstic, L50, M, shiny|\n|poke|p2|Tyranitar, L50, M, shiny|\n|poke|p2|Toucannon, L50, F, shiny|\n|poke|p2|Arcanine, L50, M, shiny|\n|teampreview|4\nkaffeemi rejected open team sheets.\n|j| oncrat\n|j| CaptainPyrite\n|c|☆triple3double2|hrrrm\n|c|☆kaffeemi|I'll do it, I'll turn the timer on\n|\n|t:|1788307842\n|teamsize|p1|4\n|teamsize|p2|4\n|start\n|switch|p1a: Vudu|Annihilape, L50, F|100/100\n|switch|p1b: Mubi|Maushold, L50|100/100\n|switch|p2a: Maid of Honor|Meowstic, L50, M, shiny|100/100\n|switch|p2b: Momzilla|Toucannon, L50, F, shiny|100/100\n|turn|1\n|inactive|Battle timer is ON: inactive players will automatically lose when time's up. (requested by kaffeemi)\n|inactive|kaffeemi has 60 seconds left.\n|inactive|triple3double2 has 60 seconds left.\n|\n|t:|1788307887\n|move|p1b: Mubi|Follow Me|p1b: Mubi\n|-singleturn|p1b: Mubi|move: Follow Me\n|move|p2a: Maid of Honor|Thunder Wave|p1b: Mubi\n|-status|p1b: Mubi|par\n|-enditem|p1b: Mubi|Lum Berry|[eat]\n|-curestatus|p1b: Mubi|par|[msg]\n|move|p2b: Momzilla|Tailwind|p2b: Momzilla\n|-sidestart|p2: triple3double2|move: Tailwind\n|move|p1a: Vudu|Bulk Up|p1a: Vudu\n|-boost|p1a: Vudu|atk|1\n|-boost|p1a: Vudu|def|1\n|\n|upkeep\n|turn|2\n|inactive|kaffeemi has 30 seconds left.\n|inactive|triple3double2 has 30 seconds left.\n|\n|t:|1788307915\n|switch|p2b: Bride|Florges-White, L50, F|100/100\n|move|p1b: Mubi|Follow Me|p1b: Mubi\n|-singleturn|p1b: Mubi|move: Follow Me\n|move|p2a: Maid of Honor|Thunder Wave|p1b: Mubi\n|-status|p1b: Mubi|par\n|move|p1a: Vudu|Bulk Up|p1a: Vudu\n|-boost|p1a: Vudu|atk|1\n|-boost|p1a: Vudu|def|1\n|\n|upkeep\n|turn|3\n|inactive|kaffeemi has 30 seconds left.\n|\n|t:|1788307941\n|move|p1a: Vudu|Protect|p1a: Vudu\n|-singleturn|p1a: Vudu|Protect\n|move|p2a: Maid of Honor|Alluring Voice|p1a: Vudu\n|-activate|p1a: Vudu|move: Protect\n|move|p2b: Bride|Dazzling Gleam|p1a: Vudu|[spread] p1b\n|-activate|p1a: Vudu|move: Protect\n|-damage|p1b: Mubi|54/100 par\n|-damage|p2b: Bride|90/100|[from] item: Life Orb\n|move|p1b: Mubi|Super Fang|p2b: Bride\n|-damage|p2b: Bride|45/100\n|\n|upkeep\n|turn|4\n|inactive|kaffeemi has 30 seconds left.\n|inactive|triple3double2 has 30 seconds left.\n|inactive|kaffeemi has 20 seconds left.\n|\n|t:|1788307981\n|move|p1b: Mubi|Follow Me|p1b: Mubi\n|-singleturn|p1b: Mubi|move: Follow Me\n|move|p2a: Maid of Honor|Alluring Voice|p1b: Mubi\n|-damage|p1b: Mubi|34/100 par\n|move|p2b: Bride|Dazzling Gleam|p1a: Vudu|[spread] p1a,p1b\n|-supereffective|p1a: Vudu|1\n|-damage|p1a: Vudu|45/100\n|-damage|p1b: Mubi|0 fnt\n|faint|p1b: Mubi\n|-damage|p2b: Bride|35/100|[from] item: Life Orb\n|move|p1a: Vudu|Rage Fist|p2b: Bride\n|-damage|p2b: Bride|0 fnt\n|faint|p2b: Bride\n|\n|-heal|p1a: Vudu|51/100|[from] item: Leftovers\n|-sideend|p2: triple3double2|move: Tailwind\n|upkeep\n|inactive|triple3double2 has 30 seconds left.\n|\n|t:|1788308011\n|switch|p1b: FuboTV|Weavile, L50, F|100/100\n|switch|p2b: Momzilla|Toucannon, L50, F, shiny|100/100\n|turn|5\n|inactive|kaffeemi has 30 seconds left.\n|inactive|triple3double2 has 30 seconds left.\n|inactive|kaffeemi has 20 seconds left.\n|inactive|kaffeemi has 15 seconds left.\n|\n|t:|1788308054\n|move|p2a: Maid of Honor|Protect|p2a: Maid of Honor\n|-singleturn|p2a: Maid of Honor|Protect\n|move|p1b: FuboTV|Icy Wind|p2b: Momzilla|[spread] p2b\n|-activate|p2a: Maid of Honor|move: Protect\n|-supereffective|p2b: Momzilla|1\n|-damage|p2b: Momzilla|72/100\n|-unboost|p2b: Momzilla|spe|1\n|move|p2b: Momzilla|Rock Blast|p1b: FuboTV\n|-supereffective|p1b: FuboTV|1\n|-damage|p1b: FuboTV|65/100\n|-supereffective|p1b: FuboTV|1\n|-damage|p1b: FuboTV|33/100\n|-supereffective|p1b: FuboTV|1\n|-damage|p1b: FuboTV|1/100\n|-supereffective|p1b: FuboTV|1\n|-crit|p1b: FuboTV\n|-damage|p1b: FuboTV|0 fnt\n|faint|p1b: FuboTV\n|-hitcount|p1: FuboTV|4\n|move|p1a: Vudu|Drain Punch|p2b: Momzilla\n|-damage|p2b: Momzilla|0 fnt\n|-heal|p1a: Vudu|78/100|[from] drain|[of] p2b: Momzilla\n|faint|p2b: Momzilla\n|\n|-heal|p1a: Vudu|85/100|[from] item: Leftovers\n|upkeep\n|\n|t:|1788308074\n|switch|p1b: Tubi|Mudsdale, L50, M|100/100\n|switch|p2b: Groom|Excadrill, L50, M, shiny|100/100\n|turn|6\n|inactive|triple3double2 has 30 seconds left.\n|inactive|triple3double2 has 20 seconds left.\n|inactive|kaffeemi has 30 seconds left.\n|inactive|triple3double2 has 15 seconds left.\n|inactive|triple3double2 has 10 seconds left.\n|inactive|triple3double2 has 5 seconds left.\n|\n|t:|1788308125\n|detailschange|p2b: Groom|Excadrill-Mega, L50, M, shiny\n|-mega|p2b: Groom|Excadrill|Excadrite\n|move|p2b: Groom|Protect|p2b: Groom\n|-singleturn|p2b: Groom|Protect\n|move|p2a: Maid of Honor|Thunder Wave|p1a: Vudu\n|-status|p1a: Vudu|par\n|cant|p1a: Vudu|par\n|move|p1b: Tubi|High Horsepower|p2b: Groom\n|-activate|p2b: Groom|move: Protect\n|\n|-heal|p1a: Vudu|91/100 par|[from] item: Leftovers\n|upkeep\n|turn|7\n|inactive|kaffeemi has 30 seconds left.\n|inactive|triple3double2 has 30 seconds left.\n|inactive|kaffeemi has 20 seconds left.\n|inactive|triple3double2 has 20 seconds left.\n|\n|t:|1788308163\n|move|p2b: Groom|High Horsepower|p1b: Tubi\n|-damage|p1b: Tubi|48/100\n|-ability|p1b: Tubi|Stamina|boost\n|-boost|p1b: Tubi|def|1\n|-enditem|p1b: Tubi|Sitrus Berry|[eat]\n|-heal|p1b: Tubi|73/100|[from] item: Sitrus Berry\n|move|p2a: Maid of Honor|Alluring Voice|p1b: Tubi\n|-damage|p1b: Tubi|58/100\n|-start|p1b: Tubi|confusion\n|-ability|p1b: Tubi|Stamina|boost\n|-boost|p1b: Tubi|def|1\n|-activate|p1b: Tubi|confusion\n|-damage|p1b: Tubi|52/100|[from] confusion\n|move|p1a: Vudu|Drain Punch|p2b: Groom\n|-supereffective|p2b: Groom|1\n|-damage|p2b: Groom|0 fnt\n|-heal|p1a: Vudu|100/100 par|[from] drain|[of] p2b: Groom\n|faint|p2b: Groom\n|\n|upkeep\n|turn|8\n|c|☆triple3double2|forgart about the sitrus\n|inactive|kaffeemi has 30 seconds left.\n|inactive|triple3double2 has 30 seconds left.\n|\n|t:|1788308192\n|move|p2a: Maid of Honor|Thunder Wave|p1b: Tubi\n|-immune|p1b: Tubi\n|move|p1a: Vudu|Rage Fist|p2a: Maid of Honor\n|-supereffective|p2a: Maid of Honor|1\n|-damage|p2a: Maid of Honor|0 fnt\n|faint|p2a: Maid of Honor\n|\n|win|kaffeemi\n|c|☆triple3double2|gg\n|l| CaptainPyrite\n|l| oncrat\n","uploadtime":1788308311,"views":"12","formatid":"gen9championsvgc2026regmb","rating":null,"private":0,"password":null}