{"id":"gen9championsvgc2026regmb-2674416587","format":"[Gen 9 Champions] VGC 2026 Reg M-B","players":["Ramzo","juldrian"],"log":"|j|☆Ramzo\n|j|☆juldrian\n|t:|1788357183\n|gametype|doubles\n|player|p1|Ramzo|volo|1364\n|player|p2|juldrian|swimmer-gen4|1360\n|gen|9\n|tier|[Gen 9 Champions] VGC 2026 Reg M-B\n|rated|\n|rule|Species Clause: Limit one of each Pokémon\n|rule|Item Clause: Limit 1 of each item\n|clearpoke\n|poke|p1|Staraptor, L50, M|\n|poke|p1|Whimsicott, L50, F, shiny|\n|poke|p1|Glimmora, L50, F|\n|poke|p1|Garchomp, L50, F|\n|poke|p1|Delphox, L50, M|\n|poke|p1|Kingambit, L50, F, shiny|\n|poke|p2|Tyranitar, L50, F|\n|poke|p2|Metagross, L50|\n|poke|p2|Mamoswine, L50, F|\n|poke|p2|Rotom-Wash, L50|\n|poke|p2|Farigiraf, L50, M|\n|poke|p2|Sneasler, L50, F|\n|teampreview|4\nRamzo has agreed to open team sheets.\n|inactive|Battle timer is ON: inactive players will automatically lose when time's up. (requested by Ramzo)\n|inactive|Ramzo has 60 seconds left.\n|inactive|juldrian has 60 seconds left.\n|\n|t:|1788357234\n|teamsize|p1|4\n|teamsize|p2|4\n|start\n|switch|p1a: Whimsicott|Whimsicott, L50, F, shiny|100/100\n|switch|p1b: Glimmora|Glimmora, L50, F|100/100\n|switch|p2a: Rotom|Rotom-Wash, L50|100/100\n|switch|p2b: Sneasler|Sneasler, L50, F|100/100\n|turn|1\n|\n|t:|1788357255\n|move|p1a: Whimsicott|Tailwind|p1a: Whimsicott\n|-sidestart|p1: Ramzo|move: Tailwind\n|move|p1b: Glimmora|Earth Power|p2b: Sneasler\n|-supereffective|p2b: Sneasler|1\n|-damage|p2b: Sneasler|13/100\n|move|p2b: Sneasler|Dire Claw|p1a: Whimsicott\n|-supereffective|p1a: Whimsicott|2\n|-damage|p1a: Whimsicott|0 fnt\n|faint|p1a: Whimsicott\n|move|p2a: Rotom|Hydro Pump|p1b: Glimmora\n|-supereffective|p1b: Glimmora|1\n|-enditem|p1b: Glimmora|Focus Sash\n|-damage|p1b: Glimmora|1/100\n|\n|upkeep\n|\n|t:|1788357271\n|switch|p1a: Garchomp|Garchomp, L50, F|100/100\n|turn|2\n|\n|t:|1788357280\n|move|p1b: Glimmora|Spiky Shield|p1b: Glimmora\n|-singleturn|p1b: Glimmora|move: Protect\n|move|p2b: Sneasler|Protect|p2b: Sneasler\n|-singleturn|p2b: Sneasler|Protect\n|move|p1a: Garchomp|Rock Slide|p2a: Rotom|[spread] p2a\n|-activate|p2b: Sneasler|move: Protect\n|-damage|p2a: Rotom|77/100\n|-damage|p1a: Garchomp|90/100|[from] item: Life Orb\n|move|p2a: Rotom|Will-O-Wisp|p1a: Garchomp\n|-status|p1a: Garchomp|brn\n|\n|-damage|p1a: Garchomp|84/100 brn|[from] brn\n|upkeep\n|turn|3\n|inactive|juldrian has 30 seconds left.\n|inactive|juldrian has 20 seconds left.\n|inactive|juldrian has 15 seconds left.\n|\n|t:|1788357320\n|move|p1a: Garchomp|Dragon Claw|p2b: Sneasler\n|-damage|p2b: Sneasler|0 fnt\n|faint|p2b: Sneasler\n|-damage|p1a: Garchomp|74/100 brn|[from] item: Life Orb\n|move|p1b: Glimmora|Sludge Bomb|p2a: Rotom\n|-damage|p2a: Rotom|29/100\n|-enditem|p2a: Rotom|Sitrus Berry|[eat]\n|-heal|p2a: Rotom|54/100|[from] item: Sitrus Berry\n|move|p2a: Rotom|Hydro Pump|p1a: Garchomp\n|-damage|p1a: Garchomp|27/100 brn\n|\n|-damage|p1a: Garchomp|21/100 brn|[from] brn\n|upkeep\n|\n|t:|1788357339\n|switch|p2b: Mamoswine|Mamoswine, L50, F|100/100\n|turn|4\n|\n|t:|1788357354\n|move|p2b: Mamoswine|Protect|p2b: Mamoswine\n|-singleturn|p2b: Mamoswine|Protect\n|move|p1a: Garchomp|Rock Slide|p2b: Mamoswine|[spread] p2a\n|-activate|p2b: Mamoswine|move: Protect\n|-damage|p2a: Rotom|42/100\n|-damage|p1a: Garchomp|12/100 brn|[from] item: Life Orb\n|move|p1b: Glimmora|Sludge Bomb|p2a: Rotom\n|-damage|p2a: Rotom|0 fnt\n|faint|p2a: Rotom\n|\n|-damage|p1a: Garchomp|6/100 brn|[from] brn\n|-sideend|p1: Ramzo|move: Tailwind\n|upkeep\n|\n|t:|1788357365\n|switch|p2a: Tyranitar|Tyranitar, L50, F|100/100\n|-weather|Sandstorm|[from] ability: Sand Stream|[of] p2a: Tyranitar\n|turn|5\n|\n|t:|1788357377\n|detailschange|p2a: Tyranitar|Tyranitar-Mega, L50, F\n|-mega|p2a: Tyranitar|Tyranitar|Tyranitarite\n|move|p2a: Tyranitar|Protect|p2a: Tyranitar\n|-singleturn|p2a: Tyranitar|Protect\n|move|p2b: Mamoswine|Ice Shard|p1b: Glimmora\n|-damage|p1b: Glimmora|0 fnt\n|-activate|p1b: Glimmora|ability: Toxic Debris\n|-sidestart|p2: juldrian|move: Toxic Spikes\n|faint|p1b: Glimmora\n|move|p1a: Garchomp|Earthquake|p2b: Mamoswine|[spread] p2b\n|-activate|p2a: Tyranitar|move: Protect\n|-damage|p2b: Mamoswine|72/100\n|-damage|p1a: Garchomp|0 fnt|[from] item: Life Orb\n|faint|p1a: Garchomp\n|\n|-weather|Sandstorm|[upkeep]\n|upkeep\n|\n|t:|1788357385\n|switch|p1b: Delphox|Delphox, L50, M|100/100\n|turn|6\n|\n|t:|1788357396\n|detailschange|p1b: Delphox|Delphox-Mega, L50, M\n|-mega|p1b: Delphox|Delphox|Delphoxite\n|move|p1b: Delphox|Protect|p1b: Delphox\n|-singleturn|p1b: Delphox|Protect\n|move|p2b: Mamoswine|Rock Slide|p1b: Delphox\n|-activate|p1b: Delphox|move: Protect\n|move|p2a: Tyranitar|Knock Off|p1b: Delphox\n|-activate|p1b: Delphox|move: Protect\n|\n|-weather|Sandstorm|[upkeep]\n|-damage|p1b: Delphox|93/100|[from] Sandstorm\n|upkeep\n|turn|7\n|\n|t:|1788357405\n|move|p1b: Delphox|Heat Wave|p2b: Mamoswine|[spread] p2a,p2b\n|-resisted|p2a: Tyranitar|1\n|-supereffective|p2b: Mamoswine|1\n|-damage|p2a: Tyranitar|89/100\n|-damage|p2b: Mamoswine|0 fnt\n|faint|p2b: Mamoswine\n|move|p2a: Tyranitar|Knock Off|p1b: Delphox\n|-supereffective|p1b: Delphox|1\n|-damage|p1b: Delphox|0 fnt\n|faint|p1b: Delphox\n|\n|win|juldrian\n|raw|Ramzo's rating: 1364 &rarr; <strong>1344</strong><br />(-20 for losing)\n|raw|juldrian's rating: 1360 &rarr; <strong>1380</strong><br />(+20 for winning)\n|l|☆Ramzo\n|player|p1|\n","uploadtime":1788357415,"views":"0","formatid":"gen9championsvgc2026regmb","rating":1344,"private":0,"password":null}