{"id":"gen9championsvgc2026regmbbo3-2674737067","format":"[Gen 9 Champions] VGC 2026 Reg M-B (Bo3)","players":["bananamuncher243","kingsrowbajax"],"log":"|j|☆bananamuncher243\n|j|☆kingsrowbajax\n|html|<table width=\"100%\"><tr><td align=\"left\">bananamuncher243</td><td align=\"right\">kingsrowbajax</tr><tr><td align=\"left\"><i class=\"fa fa-circle\"></i> <i class=\"fa fa-circle-o\"></i> </td><td align=\"right\"><i class=\"fa fa-circle-o\"></i> <i class=\"fa fa-circle\"></i> </tr></table>\n|uhtml|bestof|<h2><strong>Game 3</strong> of <a href=\"/game-bestof3-gen9championsvgc2026regmbbo3-2674732997\">a best-of-3</a></h2>\n|t:|1788398291\n|gametype|doubles\n|player|p1|bananamuncher243|266|1218\n|player|p2|kingsrowbajax|266|1303\n|gen|9\n|tier|[Gen 9 Champions] VGC 2026 Reg M-B (Bo3)\n|rated|\n|rule|Species Clause: Limit one of each Pokémon\n|rule|Item Clause: Limit 1 of each item\n|clearpoke\n|poke|p1|Basculegion, L50, M|\n|poke|p1|Kingambit, L50, M|\n|poke|p1|Charizard, L50, F|\n|poke|p1|Venusaur, L50, M|\n|poke|p1|Garchomp, L50, F|\n|poke|p1|Kleavor, L50, F|\n|poke|p2|Blastoise, L50, M|\n|poke|p2|Delphox, L50, M|\n|poke|p2|Sinistcha-Masterpiece, L50|\n|poke|p2|Sneasler, L50, F|\n|poke|p2|Kingambit, L50, M|\n|poke|p2|Incineroar, L50, M|\n|teampreview|4\n|showteam|p1|Basculegion||LifeOrb|Adaptability|AquaJet,LastRespects,WaveCrash,Protect|Jolly||M|||50|]Kingambit||BlackGlasses|Defiant|KowtowCleave,Protect,SuckerPunch,SwordsDance|Adamant||M|||50|]Charizard||CharizarditeY|Blaze|HeatWave,Protect,WeatherBall,SolarBeam|Timid||F|||50|]Venusaur||FocusSash|Chlorophyll|SleepPowder,SludgeBomb,EnergyBall,Protect|Modest||M|||50|]Garchomp||ChoiceScarf|RoughSkin|Earthquake,DragonClaw,RockSlide,StompingTantrum|Adamant||F|||50|]Kleavor||WhiteHerb|Sharpness|StoneAxe,Tailwind,Protect,XScissor|Jolly||F|||50|\n|showteam|p2|Blastoise||Blastoisinite|RainDish|WaterSpout,DarkPulse,ShellSmash,Protect|Modest||M|||50|]Delphox||Delphoxite|Blaze|HeatWave,Psychic,NastyPlot,Protect|Timid||M|||50|]Sinistcha-Masterpiece||ColburBerry|Hospitality|MatchaGotcha,RagePowder,TrickRoom,Protect|Bold|||||50|]Sneasler||FocusSash|PoisonTouch|FakeOut,PoisonJab,CloseCombat,QuickGuard|Jolly||F|||50|]Kingambit||LifeOrb|Defiant|KowtowCleave,SuckerPunch,SwordsDance,Protect|Adamant||M|||50|]Incineroar||SitrusBerry|Intimidate|FakeOut,FlareBlitz,ThroatChop,PartingShot|Careful||M|||50|\n|inactive|Battle timer is ON: inactive players will automatically lose when time's up. (requested by bananamuncher243)\n|inactive|bananamuncher243 has 60 seconds left.\n|\n|t:|1788398325\n|teamsize|p1|4\n|teamsize|p2|4\n|start\n|switch|p1a: Kingambit|Kingambit, L50, M|100/100\n|switch|p1b: Garchomp|Garchomp, L50, F|100/100\n|switch|p2a: Delphox|Delphox, L50, M|100/100\n|switch|p2b: Incineroar|Incineroar, L50, M|100/100\n|-ability|p2b: Incineroar|Intimidate|boost\n|-unboost|p1a: Kingambit|atk|1\n|-ability|p1a: Kingambit|Defiant|boost\n|-boost|p1a: Kingambit|atk|2\n|-unboost|p1b: Garchomp|atk|1\n|turn|1\n|\n|t:|1788398348\n|detailschange|p2a: Delphox|Delphox-Mega, L50, M\n|-mega|p2a: Delphox|Delphox|Delphoxite\n|move|p2a: Delphox|Protect|p2a: Delphox\n|-singleturn|p2a: Delphox|Protect\n|move|p1a: Kingambit|Protect|p1a: Kingambit\n|-singleturn|p1a: Kingambit|Protect\n|move|p1b: Garchomp|Rock Slide|p2b: Incineroar|[spread] p2b\n|-activate|p2a: Delphox|move: Protect\n|-supereffective|p2b: Incineroar|1\n|-damage|p2b: Incineroar|69/100\n|cant|p2b: Incineroar|flinch\n|\n|upkeep\n|turn|2\n|inactive|bananamuncher243 has 30 seconds left.\n|inactive|kingsrowbajax has 30 seconds left.\n|inactive|bananamuncher243 has 20 seconds left.\n|inactive|bananamuncher243 has 15 seconds left.\n|inactive|bananamuncher243 has 10 seconds left.\n|\n|t:|1788398395\n|switch|p2a: Sneasler|Sneasler, L50, F|100/100\n|switch|p1a: Basculegion|Basculegion, L50, M|100/100\n|move|p1b: Garchomp|Rock Slide|p2a: Sneasler|[spread] p2a,p2b\n|-resisted|p2a: Sneasler|1\n|-supereffective|p2b: Incineroar|1\n|-damage|p2a: Sneasler|88/100\n|-damage|p2b: Incineroar|41/100\n|-enditem|p2b: Incineroar|Sitrus Berry|[eat]\n|-heal|p2b: Incineroar|66/100|[from] item: Sitrus Berry\n|move|p2b: Incineroar|Parting Shot|p1b: Garchomp\n|-unboost|p1b: Garchomp|atk|1\n|-unboost|p1b: Garchomp|spa|1\n|inactive|kingsrowbajax has 30 seconds left.\n|\n|t:|1788398422\n|switch|p2b: Delphox|Delphox-Mega, L50, M|100/100|[from] Parting Shot\n|\n|upkeep\n|turn|3\n|inactive|bananamuncher243 has 30 seconds left.\n|\n|t:|1788398452\n|switch|p1b: Charizard|Charizard, L50, F|100/100\n|move|p2a: Sneasler|Fake Out|p1b: Charizard\n|-damage|p1b: Charizard|81/100\n|-status|p1b: Charizard|psn|[from] ability: Poison Touch|[of] p2a: Sneasler\n|move|p1a: Basculegion|Aqua Jet|p2b: Delphox\n|-supereffective|p2b: Delphox|1\n|-damage|p2b: Delphox|8/100\n|-damage|p1a: Basculegion|90/100|[from] item: Life Orb\n|move|p2b: Delphox|Nasty Plot|p2b: Delphox\n|-boost|p2b: Delphox|spa|2\n|\n|-damage|p1b: Charizard|69/100 psn|[from] psn\n|upkeep\n|turn|4\n|inactive|kingsrowbajax has 30 seconds left.\n|inactive|kingsrowbajax has 20 seconds left.\n|\n|t:|1788398488\n|detailschange|p1b: Charizard|Charizard-Mega-Y, L50, F\n|-mega|p1b: Charizard|Charizard|Charizardite Y\n|-weather|SunnyDay|[from] ability: Drought|[of] p1b: Charizard\n|move|p2a: Sneasler|Quick Guard|p2a: Sneasler\n|-singleturn|p2a: Sneasler|Quick Guard\n|move|p1a: Basculegion|Aqua Jet|p2b: Delphox\n|-activate|p2b: Delphox|move: Quick Guard\n|move|p2b: Delphox|Psychic|p1a: Basculegion\n|-damage|p1a: Basculegion|0 fnt\n|faint|p1a: Basculegion\n|move|p1b: Charizard|Weather Ball|p2a: Sneasler\n|-crit|p2a: Sneasler\n|-damage|p2a: Sneasler|0 fnt\n|faint|p2a: Sneasler\n|\n|-weather|SunnyDay|[upkeep]\n|-damage|p1b: Charizard|56/100 psn|[from] psn\n|upkeep\n|inactive|kingsrowbajax has 30 seconds left.\n|\n|t:|1788398515\n|switch|p2a: Kingambit|Kingambit, L50, M|100/100\n|switch|p1a: Kingambit|Kingambit, L50, M|100/100\n|turn|5\n|inactive|bananamuncher243 has 30 seconds left.\n|inactive|bananamuncher243 has 20 seconds left.\n|inactive|bananamuncher243 has 15 seconds left.\n|\n|t:|1788398557\n|switch|p1b: Garchomp|Garchomp, L50, F|100/100\n|switch|p2a: Incineroar|Incineroar, L50, M|66/100\n|-ability|p2a: Incineroar|Intimidate|boost\n|-unboost|p1a: Kingambit|atk|1\n|-ability|p1a: Kingambit|Defiant|boost\n|-boost|p1a: Kingambit|atk|2\n|-unboost|p1b: Garchomp|atk|1\n|move|p2b: Delphox|Protect|p2b: Delphox\n|-singleturn|p2b: Delphox|Protect\n|move|p1a: Kingambit|Protect||[still]\n|-fail|p1a: Kingambit\n|\n|-weather|SunnyDay|[upkeep]\n|upkeep\n|turn|6\n|inactive|kingsrowbajax has 30 seconds left.\n|inactive|bananamuncher243 has 30 seconds left.\n|inactive|kingsrowbajax has 20 seconds left.\n|inactive|bananamuncher243 has 20 seconds left.\n|inactive|kingsrowbajax has 15 seconds left.\n|inactive|bananamuncher243 has 15 seconds left.\n|inactive|kingsrowbajax has 10 seconds left.\n|inactive|kingsrowbajax has 5 seconds left.\n|\n|t:|1788398611\n|switch|p2b: Kingambit|Kingambit, L50, M|100/100\n|switch|p1a: Charizard|Charizard-Mega-Y, L50, F|56/100 psn\n|move|p1b: Garchomp|Earthquake|p2b: Kingambit|[spread] p2a,p2b\n|-immune|p1a: Charizard\n|-supereffective|p2a: Incineroar|1\n|-supereffective|p2b: Kingambit|1\n|-damage|p2a: Incineroar|13/100\n|-damage|p2b: Kingambit|60/100\n|move|p2a: Incineroar|Parting Shot|p1b: Garchomp\n|-unboost|p1b: Garchomp|atk|1\n|-unboost|p1b: Garchomp|spa|1\n|\n|t:|1788398623\n|switch|p2a: Delphox|Delphox-Mega, L50, M|8/100|[from] Parting Shot\n|\n|-weather|SunnyDay|[upkeep]\n|-damage|p1a: Charizard|44/100 psn|[from] psn\n|upkeep\n|turn|7\n|\n|t:|1788398642\n|move|p2b: Kingambit|Sucker Punch|p1a: Charizard\n|-damage|p1a: Charizard|0 fnt\n|faint|p1a: Charizard\n|-damage|p2b: Kingambit|51/100|[from] item: Life Orb\n|move|p2a: Delphox|Heat Wave|p1b: Garchomp\n|-resisted|p1b: Garchomp|1\n|-damage|p1b: Garchomp|64/100\n|move|p1b: Garchomp|Earthquake|p2a: Delphox|[spread] p2b\n|-immune|p2a: Delphox|[from] ability: Levitate\n|-supereffective|p2b: Kingambit|1\n|-damage|p2b: Kingambit|18/100\n|\n|-weather|SunnyDay|[upkeep]\n|upkeep\n|\n|t:|1788398653\n|switch|p1a: Kingambit|Kingambit, L50, M|100/100\n|turn|8\n|inactive|kingsrowbajax has 30 seconds left.\n|\n|t:|1788398684\n|move|p2a: Delphox|Protect|p2a: Delphox\n|-singleturn|p2a: Delphox|Protect\n|move|p1a: Kingambit|Sucker Punch||[still]\n|-fail|p1a: Kingambit\n|move|p2b: Kingambit|Sucker Punch|p1b: Garchomp\n|-damage|p1b: Garchomp|15/100\n|-damage|p2b: Kingambit|5/100|[from] ability: Rough Skin|[of] p1b: Garchomp\n|-damage|p2b: Kingambit|0 fnt|[from] item: Life Orb\n|faint|p2b: Kingambit\n|move|p1b: Garchomp|Earthquake|p2a: Delphox|[spread] p1a\n|-activate|p2a: Delphox|move: Protect\n|-supereffective|p1a: Kingambit|1\n|-crit|p1a: Kingambit\n|-damage|p1a: Kingambit|0 fnt\n|faint|p1a: Kingambit\n|\n|-weather|none\n|upkeep\n|c|☆bananamuncher243|bruh\n|\n|t:|1788398699\n|switch|p2b: Incineroar|Incineroar, L50, M|13/100\n|-ability|p2b: Incineroar|Intimidate|boost\n|-unboost|p1b: Garchomp|atk|1\n|turn|9\n|c|☆kingsrowbajax|gg\n|c|☆kingsrowbajax|sorry for crit\n|c|☆bananamuncher243|gg\n|c|☆kingsrowbajax|in game 2\n|c|☆bananamuncher243|all g\n|c|☆bananamuncher243|LOL\n|-message|bananamuncher243 forfeited.\n|\n|win|kingsrowbajax\n|raw|bananamuncher243's rating: 1218 &rarr; <strong>1199</strong><br />(-19 for losing)\n|raw|kingsrowbajax's rating: 1303 &rarr; <strong>1318</strong><br />(+15 for winning)\n","uploadtime":1788398715,"views":"5","formatid":"gen9championsvgc2026regmbbo3","rating":1199,"private":0,"password":null}