{"id":"gen9championsvgc2026regmb-2674254401","format":"[Gen 9 Champions] VGC 2026 Reg M-B","players":["meobeoo","yanpoke5566"],"log":"|j|☆meobeoo\n|j|☆yanpoke5566\n|t:|1788324279\n|gametype|doubles\n|player|p1|meobeoo|n|\n|player|p2|yanpoke5566|volkner|\n|gen|9\n|tier|[Gen 9 Champions] VGC 2026 Reg M-B\n|rule|Species Clause: Limit one of each Pokémon\n|rule|Item Clause: Limit 1 of each item\n|clearpoke\n|poke|p1|Froslass, L50, F|\n|poke|p1|Sneasler, L50, F|\n|poke|p1|Basculegion, L50, M|\n|poke|p1|Dragonite, L50, F|\n|poke|p1|Garchomp, L50, M|\n|poke|p1|Kingambit, L50, M|\n|poke|p2|Delphox, L50, F|\n|poke|p2|Blastoise, L50, M|\n|poke|p2|Incineroar, L50, F|\n|poke|p2|Kingambit, L50, F|\n|poke|p2|Sinistcha, L50|\n|poke|p2|Sneasler, L50, M|\n|teampreview|4\n|inactive|Battle timer is ON: inactive players will automatically lose when time's up. (requested by meobeoo)\n|inactive|meobeoo has 60 seconds left.\n|inactive|yanpoke5566 has 60 seconds left.\n|\n|t:|1788324319\n|teamsize|p1|4\n|teamsize|p2|4\n|start\n|switch|p1a: Dragonite|Dragonite, L50, F|100/100\n|switch|p1b: Sneasler|Sneasler, L50, F|100/100\n|switch|p2a: Incineroar|Incineroar, L50, F|100/100\n|switch|p2b: Delphox|Delphox, L50, F|100/100\n|-ability|p2a: Incineroar|Intimidate|boost\n|-unboost|p1a: Dragonite|atk|1\n|-unboost|p1b: Sneasler|atk|1\n|turn|1\n|\n|t:|1788324341\n|switch|p2b: Sinistcha|Sinistcha, L50|100/100\n|move|p1b: Sneasler|Fake Out|p2b: Sinistcha\n|-immune|p2b: Sinistcha\n|move|p2a: Incineroar|Fake Out|p1a: Dragonite\n|-damage|p1a: Dragonite|94/100\n|cant|p1a: Dragonite|flinch\n|\n|upkeep\n|turn|2\n|\n|t:|1788324356\n|move|p2b: Sinistcha|Rage Powder|p2b: Sinistcha\n|-singleturn|p2b: Sinistcha|move: Rage Powder\n|move|p1b: Sneasler|Dire Claw|p2b: Sinistcha\n|-damage|p2b: Sinistcha|80/100\n|-status|p2b: Sinistcha|slp\n|move|p1a: Dragonite|Tailwind|p1a: Dragonite\n|-sidestart|p1: meobeoo|move: Tailwind\n|move|p2a: Incineroar|Parting Shot|p1a: Dragonite\n|-unboost|p1a: Dragonite|atk|1\n|-unboost|p1a: Dragonite|spa|1\n|\n|t:|1788324362\n|switch|p2a: Delphox|Delphox, L50, F|100/100|[from] Parting Shot\n|\n|upkeep\n|turn|3\n|\n|t:|1788324385\n|switch|p1b: Kingambit|Kingambit, L50, M|100/100\n|switch|p1a: Basculegion|Basculegion, L50, M|100/100\n|switch|p2a: Incineroar|Incineroar, L50, F|100/100\n|-ability|p2a: Incineroar|Intimidate|boost\n|-unboost|p1a: Basculegion|atk|1\n|-unboost|p1b: Kingambit|atk|1\n|-ability|p1b: Kingambit|Defiant|boost\n|-boost|p1b: Kingambit|atk|2\n|cant|p2b: Sinistcha|slp\n|\n|upkeep\n|turn|4\n|inactive|meobeoo has 30 seconds left.\n|inactive|yanpoke5566 has 30 seconds left.\n|\n|t:|1788324416\n|switch|p1b: Dragonite|Dragonite, L50, F|94/100\n|move|p1a: Basculegion|Wave Crash|p2a: Incineroar\n|-supereffective|p2a: Incineroar|1\n|-damage|p2a: Incineroar|2/100\n|-enditem|p2a: Incineroar|Sitrus Berry|[eat]\n|-heal|p2a: Incineroar|27/100|[from] item: Sitrus Berry\n|-damage|p1a: Basculegion|67/100|[from] Recoil\n|move|p2a: Incineroar|Flare Blitz|p1b: Dragonite\n|-resisted|p1b: Dragonite|1\n|-damage|p1b: Dragonite|65/100\n|-damage|p2a: Incineroar|19/100|[from] Recoil\n|cant|p2b: Sinistcha|slp\n|\n|upkeep\n|turn|5\n|\n|t:|1788324427\n|switch|p2a: Kingambit|Kingambit, L50, F|100/100\n|detailschange|p1b: Dragonite|Dragonite-Mega, L50, F\n|-mega|p1b: Dragonite|Dragonite|Dragoninite\n|move|p1a: Basculegion|Aqua Jet|p2a: Kingambit\n|-damage|p2a: Kingambit|81/100\n|move|p1b: Dragonite|Heat Wave|p2b: Sinistcha|[spread] p2a,p2b\n|-supereffective|p2a: Kingambit|1\n|-crit|p2a: Kingambit\n|-supereffective|p2b: Sinistcha|1\n|-damage|p2a: Kingambit|0 fnt\n|-damage|p2b: Sinistcha|3/100 slp\n|faint|p2a: Kingambit\n|-curestatus|p2b: Sinistcha|slp|[msg]\n|move|p2b: Sinistcha|Trick Room|p2b: Sinistcha\n|-fieldstart|move: Trick Room|[of] p2b: Sinistcha\n|\n|-sideend|p1: meobeoo|move: Tailwind\n|upkeep\n|\n|t:|1788324438\n|switch|p2a: Incineroar|Incineroar, L50, F|19/100\n|-ability|p2a: Incineroar|Intimidate|boost\n|-unboost|p1a: Basculegion|atk|1\n|-unboost|p1b: Dragonite|atk|1\n|turn|6\n|\n|t:|1788324455\n|switch|p1a: Sneasler|Sneasler, L50, F|100/100\n|move|p2b: Sinistcha|Rage Powder|p2b: Sinistcha\n|-singleturn|p2b: Sinistcha|move: Rage Powder\n|move|p2a: Incineroar|Flare Blitz|p1b: Dragonite\n|-resisted|p1b: Dragonite|1\n|-damage|p1b: Dragonite|42/100\n|-damage|p2a: Incineroar|13/100|[from] Recoil\n|move|p1b: Dragonite|Heat Wave|p2b: Sinistcha|[spread] p2a,p2b\n|-resisted|p2a: Incineroar|1\n|-supereffective|p2b: Sinistcha|1\n|-damage|p2a: Incineroar|0 fnt\n|-damage|p2b: Sinistcha|0 fnt\n|faint|p2a: Incineroar\n|faint|p2b: Sinistcha\n|\n|upkeep\n|\n|t:|1788324458\n|switch|p2b: Delphox|Delphox, L50, F|100/100\n|turn|7\n|\n|t:|1788324471\n|detailschange|p2b: Delphox|Delphox-Mega, L50, F\n|-mega|p2b: Delphox|Delphox|Delphoxite\n|move|p2b: Delphox|Protect|p2b: Delphox\n|-singleturn|p2b: Delphox|Protect\n|move|p1a: Sneasler|Feint|p2b: Delphox\n|-activate|p2b: Delphox|move: Feint\n|-damage|p2b: Delphox|84/100\n|move|p1b: Dragonite|Dragon Pulse|p2b: Delphox\n|-damage|p2b: Delphox|34/100\n|\n|upkeep\n|turn|8\n|\n|t:|1788324483\n|move|p1a: Sneasler|Feint|p2b: Delphox\n|-damage|p2b: Delphox|19/100\n|move|p1b: Dragonite|Dragon Pulse|p2b: Delphox\n|-damage|p2b: Delphox|0 fnt\n|faint|p2b: Delphox\n|\n|win|meobeoo\n","uploadtime":1788324485,"views":"4","formatid":"gen9championsvgc2026regmb","rating":null,"private":0,"password":null}