{"id":"gen9championsvgc2026regmb-2674568792","format":"[Gen 9 Champions] VGC 2026 Reg M-B","players":["porpal_goji","Made in BraziL"],"log":"|j|☆porpal_goji\n|j|☆Made in BraziL\n|t:|1788374977\n|gametype|doubles\n|player|p1|porpal_goji|clair|1104\n|player|p2|Made in BraziL|gentleman|1061\n|gen|9\n|tier|[Gen 9 Champions] VGC 2026 Reg M-B\n|rated|\n|rule|Species Clause: Limit one of each Pokémon\n|rule|Item Clause: Limit 1 of each item\n|clearpoke\n|poke|p1|Glimmora, L50, M|\n|poke|p1|Milotic, L50, F|\n|poke|p1|Sinistcha, L50|\n|poke|p1|Charizard, L50, F|\n|poke|p1|Alcremie, L50, F|\n|poke|p1|Ariados, L50, F|\n|poke|p2|Corviknight, L50, M|\n|poke|p2|Empoleon, L50, F|\n|poke|p2|Spiritomb, L50, F, shiny|\n|poke|p2|Cofagrigus, L50, M|\n|poke|p2|Hippowdon, L50, M|\n|poke|p2|Garchomp, L50, F|\n|teampreview|4\n|inactive|Battle timer is ON: inactive players will automatically lose when time's up. (requested by Made in BraziL)\nMade in BraziL rejected open team sheets.\n|inactive|Made in BraziL has 60 seconds left.\n|\n|t:|1788375012\n|teamsize|p1|4\n|teamsize|p2|4\n|start\n|switch|p1a: Ariados|Ariados, L50, F|100/100\n|switch|p1b: Milotic|Milotic, L50, F|100/100\n|switch|p2a: Corviknight|Corviknight, L50, M|100/100\n|switch|p2b: Spiritomb|Spiritomb, L50, F, shiny|100/100\n|turn|1\n|\n|t:|1788375035\n|move|p2a: Corviknight|Light Screen|p2a: Corviknight\n|-sidestart|p2: Made in BraziL|move: Light Screen\n|move|p1a: Ariados|Knock Off|p2b: Spiritomb\n|-damage|p2b: Spiritomb|70/100\n|-enditem|p2b: Spiritomb|Leftovers|[from] move: Knock Off|[of] p1a: Ariados\n|move|p2b: Spiritomb|Toxic|p1b: Milotic\n|-status|p1b: Milotic|tox\n|move|p1b: Milotic|Dragon Tail|p2b: Spiritomb\n|-damage|p2b: Spiritomb|61/100\n|drag|p2b: Garchomp|Garchomp, L50, F|100/100\n|\n|-damage|p1b: Milotic|94/100 tox|[from] psn\n|upkeep\n|turn|2\n|\n|t:|1788375055\n|switch|p2b: Spiritomb|Spiritomb, L50, F, shiny|61/100\n|move|p1b: Milotic|Icy Wind|p2b: Spiritomb|[spread] p2a,p2b\n|-damage|p2a: Corviknight|93/100\n|-damage|p2b: Spiritomb|57/100\n|-ability|p2a: Corviknight|Mirror Armor\n|-unboost|p1b: Milotic|spe|1\n|-unboost|p2b: Spiritomb|spe|1\n|move|p2a: Corviknight|Reflect|p2a: Corviknight\n|-sidestart|p2: Made in BraziL|Reflect\n|move|p1a: Ariados|Knock Off|p2a: Corviknight\n|-damage|p2a: Corviknight|81/100\n|-enditem|p2a: Corviknight|Light Clay|[from] move: Knock Off|[of] p1a: Ariados\n|\n|-heal|p1b: Milotic|100/100 tox|[from] item: Leftovers\n|-damage|p1b: Milotic|88/100 tox|[from] psn\n|upkeep\n|turn|3\n|\n|t:|1788375080\n|switch|p1a: Charizard|Charizard, L50, F|100/100\n|move|p2a: Corviknight|Brave Bird|p1a: Charizard\n|-damage|p1a: Charizard|54/100\n|-damage|p2a: Corviknight|67/100|[from] Recoil\n|move|p2b: Spiritomb|Will-O-Wisp|p1a: Charizard\n|-immune|p1a: Charizard\n|move|p1b: Milotic|Dragon Tail|p2b: Spiritomb\n|-damage|p2b: Spiritomb|51/100\n|drag|p2b: Hippowdon|Hippowdon, L50, M|100/100\n|-weather|Sandstorm|[from] ability: Sand Stream|[of] p2b: Hippowdon\n|\n|-weather|Sandstorm|[upkeep]\n|-damage|p1a: Charizard|48/100|[from] Sandstorm\n|-damage|p1b: Milotic|82/100 tox|[from] Sandstorm\n|-heal|p1b: Milotic|88/100 tox|[from] item: Leftovers\n|-damage|p1b: Milotic|70/100 tox|[from] psn\n|upkeep\n|turn|4\n|\n|t:|1788375104\n|switch|p2a: Garchomp|Garchomp, L50, F|100/100\n|switch|p1b: Sinistcha|Sinistcha, L50|100/100\n|-heal|p1a: Charizard|73/100|[from] ability: Hospitality|[of] p1b: Sinistcha\n|move|p1a: Charizard|Protect|p1a: Charizard\n|-singleturn|p1a: Charizard|Protect\n|move|p2b: Hippowdon|Sandstorm||[still]\n|-fail|p2b: Hippowdon\n|\n|-weather|Sandstorm|[upkeep]\n|-damage|p1a: Charizard|67/100|[from] Sandstorm\n|-damage|p1b: Sinistcha|93/100|[from] Sandstorm\n|upkeep\n|turn|5\n|\n|t:|1788375127\n|switch|p1a: Ariados|Ariados, L50, F|100/100\n|move|p2a: Garchomp|Rock Slide|p1b: Sinistcha|[spread] p1a\n|-miss|p2a: Garchomp|p1b: Sinistcha\n|-supereffective|p1a: Ariados|1\n|-damage|p1a: Ariados|49/100\n|move|p1b: Sinistcha|Calm Mind|p1b: Sinistcha\n|-boost|p1b: Sinistcha|spa|1\n|-boost|p1b: Sinistcha|spd|1\n|move|p2b: Hippowdon|Sandstorm||[still]\n|-fail|p2b: Hippowdon\n|\n|-weather|Sandstorm|[upkeep]\n|-damage|p1b: Sinistcha|87/100|[from] Sandstorm\n|-damage|p1a: Ariados|42/100|[from] Sandstorm\n|upkeep\n|turn|6\n|\n|t:|1788375145\n|switch|p2a: Spiritomb|Spiritomb, L50, F, shiny|51/100\n|move|p1a: Ariados|Rage Powder|p1a: Ariados\n|-singleturn|p1a: Ariados|move: Rage Powder\n|move|p1b: Sinistcha|Matcha Gotcha|p2b: Hippowdon|[spread] p2a,p2b\n|-supereffective|p2b: Hippowdon|1\n|-damage|p2a: Spiritomb|26/100\n|-heal|p1b: Sinistcha|98/100|[from] drain|[of] p2a: Spiritomb\n|-damage|p2b: Hippowdon|36/100\n|-heal|p1b: Sinistcha|100/100|[from] drain|[of] p2b: Hippowdon\n|move|p2b: Hippowdon|Crunch|p1a: Ariados\n|-damage|p1a: Ariados|11/100\n|\n|-weather|Sandstorm|[upkeep]\n|-damage|p1b: Sinistcha|93/100|[from] Sandstorm\n|-damage|p1a: Ariados|5/100|[from] Sandstorm\n|-damage|p2a: Spiritomb|20/100y|[from] Sandstorm\n|upkeep\n|turn|7\n|\n|t:|1788375163\n|switch|p2b: Corviknight|Corviknight, L50, M|67/100\n|move|p1a: Ariados|Sucker Punch||[still]\n|-fail|p1a: Ariados\n|move|p1b: Sinistcha|Matcha Gotcha|p2a: Spiritomb|[spread] p2a,p2b\n|-resisted|p2b: Corviknight|2\n|-damage|p2a: Spiritomb|0 fnt\n|-heal|p1b: Sinistcha|100/100|[from] drain|[of] p2a: Spiritomb\n|-damage|p2b: Corviknight|60/100\n|faint|p2a: Spiritomb\n|\n|-weather|none\n|upkeep\n|\n|t:|1788375182\n|switch|p2a: Hippowdon|Hippowdon, L50, M|36/100\n|-weather|Sandstorm|[from] ability: Sand Stream|[of] p2a: Hippowdon\n|turn|8\n|\n|t:|1788375200\n|switch|p1a: Milotic|Milotic, L50, F|70/100 tox\n|move|p1b: Sinistcha|Matcha Gotcha|p2b: Corviknight|[spread] p2a,p2b\n|-supereffective|p2a: Hippowdon|1\n|-resisted|p2b: Corviknight|2\n|-damage|p2a: Hippowdon|0 fnt\n|-damage|p2b: Corviknight|52/100\n|faint|p2a: Hippowdon\n|move|p2b: Corviknight|Brave Bird|p1b: Sinistcha\n|-supereffective|p1b: Sinistcha|1\n|-damage|p1b: Sinistcha|32/100\n|-enditem|p1b: Sinistcha|Sitrus Berry|[eat]\n|-heal|p1b: Sinistcha|57/100|[from] item: Sitrus Berry\n|-damage|p2b: Corviknight|32/100|[from] Recoil\n|\n|-weather|Sandstorm|[upkeep]\n|-damage|p1a: Milotic|64/100 tox|[from] Sandstorm\n|-damage|p1b: Sinistcha|51/100|[from] Sandstorm\n|-heal|p1a: Milotic|70/100 tox|[from] item: Leftovers\n|-damage|p1a: Milotic|64/100 tox|[from] psn\n|-sideend|p2: Made in BraziL|move: Light Screen\n|upkeep\n|\n|t:|1788375218\n|switch|p2a: Garchomp|Garchomp, L50, F|100/100\n|turn|9\n|\n|t:|1788375226\n|move|p2a: Garchomp|Rock Slide|p1b: Sinistcha|[spread] p1a,p1b\n|-damage|p1a: Milotic|49/100 tox\n|-damage|p1b: Sinistcha|31/100\n|move|p1a: Milotic|Icy Wind|p2b: Corviknight|[spread] p2a,p2b\n|-supereffective|p2a: Garchomp|2\n|-crit|p2b: Corviknight\n|-damage|p2a: Garchomp|56/100\n|-damage|p2b: Corviknight|17/100\n|-unboost|p2a: Garchomp|spe|1\n|-ability|p2b: Corviknight|Mirror Armor\n|-unboost|p1a: Milotic|spe|1\n|move|p1b: Sinistcha|Shadow Ball|p2b: Corviknight\n|-damage|p2b: Corviknight|0 fnt\n|faint|p2b: Corviknight\n|\n|-weather|Sandstorm|[upkeep]\n|-damage|p1b: Sinistcha|25/100|[from] Sandstorm\n|-damage|p1a: Milotic|43/100 tox|[from] Sandstorm\n|-heal|p1a: Milotic|49/100 tox|[from] item: Leftovers\n|-damage|p1a: Milotic|37/100 tox|[from] psn\n|-sideend|p2: Made in BraziL|Reflect\n|upkeep\n|turn|10\n|\n|t:|1788375245\n|move|p2a: Garchomp|Rock Slide|p1b: Sinistcha|[spread] p1a,p1b\n|-crit|p1a: Milotic\n|-damage|p1a: Milotic|15/100 tox\n|-damage|p1b: Sinistcha|6/100\n|cant|p1b: Sinistcha|flinch\n|move|p1a: Milotic|Scald|p2a: Garchomp|[miss]\n|-miss|p1a: Milotic|p2a: Garchomp\n|\n|-weather|Sandstorm|[upkeep]\n|-damage|p1b: Sinistcha|0 fnt|[from] Sandstorm\n|-damage|p1a: Milotic|9/100 tox|[from] Sandstorm\n|faint|p1b: Sinistcha\n|-heal|p1a: Milotic|15/100 tox|[from] item: Leftovers\n|-damage|p1a: Milotic|0 fnt|[from] psn\n|faint|p1a: Milotic\n|upkeep\n|\n|t:|1788375255\n|switch|p1a: Charizard|Charizard, L50, F|67/100\n|switch|p1b: Ariados|Ariados, L50, F|5/100\n|turn|11\n|\n|t:|1788375263\n|detailschange|p1a: Charizard|Charizard-Mega-X, L50, F\n|-mega|p1a: Charizard|Charizard|Charizardite X\n|move|p1b: Ariados|Rage Powder|p1b: Ariados\n|-singleturn|p1b: Ariados|move: Rage Powder\n|move|p2a: Garchomp|Rock Slide|p1b: Ariados|[spread] p1a,p1b\n|-supereffective|p1a: Charizard|1\n|-supereffective|p1b: Ariados|1\n|-damage|p1a: Charizard|30/100\n|-damage|p1b: Ariados|0 fnt\n|faint|p1b: Ariados\n|move|p1a: Charizard|Dragon Claw|p2a: Garchomp\n|-supereffective|p2a: Garchomp|1\n|-damage|p2a: Garchomp|0 fnt\n|faint|p2a: Garchomp\n|\n|win|porpal_goji\n|raw|porpal_goji's rating: 1104 &rarr; <strong>1126</strong><br />(+22 for winning)\n|raw|Made in BraziL's rating: 1061 &rarr; <strong>1044</strong><br />(-17 for losing)\n","uploadtime":1788375274,"views":"10","formatid":"gen9championsvgc2026regmb","rating":1044,"private":0,"password":null}