{"id":"gen9championsvgc2026regmb-2674526892","format":"[Gen 9 Champions] VGC 2026 Reg M-B","players":["Sebas1908","Shefhger"],"log":"|j|☆Sebas1908\n|j|☆Shefhger\n|t:|1788370199\n|gametype|doubles\n|player|p1|Sebas1908|102|1101\n|player|p2|Shefhger|hilbert|1012\n|gen|9\n|tier|[Gen 9 Champions] VGC 2026 Reg M-B\n|rated|\n|rule|Species Clause: Limit one of each Pokémon\n|rule|Item Clause: Limit 1 of each item\n|clearpoke\n|poke|p1|Excadrill, L50, M|\n|poke|p1|Tyranitar, L50, M|\n|poke|p1|Primarina, L50, F|\n|poke|p1|Houndstone, L50, M|\n|poke|p1|Whimsicott, L50, F, shiny|\n|poke|p1|Farigiraf, L50, F|\n|poke|p2|Armarouge, L50, M, shiny|\n|poke|p2|Farigiraf, L50, F|\n|poke|p2|Sinistcha-Masterpiece, L50, shiny|\n|poke|p2|Aggron, L50, M|\n|poke|p2|Torkoal, L50, F|\n|poke|p2|Hatterene, L50, F|\n|teampreview|4\n|inactive|Battle timer is ON: inactive players will automatically lose when time's up. (requested by Sebas1908)\n|inactive|Shefhger has 60 seconds left.\n|\n|t:|1788370241\n|teamsize|p1|4\n|teamsize|p2|4\n|start\n|switch|p1a: Primarina|Primarina, L50, F|100/100\n|switch|p1b: Farigiraf|Farigiraf, L50, F|100/100\n|switch|p2a: Sinistcha|Sinistcha-Masterpiece, L50, shiny|100/100\n|switch|p2b: Aggron|Aggron, L50, M|100/100\n|turn|1\n|\n|t:|1788370251\n|detailschange|p2b: Aggron|Aggron-Mega, L50, M\n|-mega|p2b: Aggron|Aggron|Aggronite\n|move|p2a: Sinistcha|Matcha Gotcha|p1b: Farigiraf|[spread] p1a,p1b\n|-supereffective|p1a: Primarina|1\n|-damage|p1a: Primarina|56/100\n|-damage|p1b: Farigiraf|78/100\n|-status|p1b: Farigiraf|brn\n|move|p1a: Primarina|Hyper Voice|p2b: Aggron|[spread] p2a,p2b\n|-resisted|p2a: Sinistcha|1\n|-damage|p2a: Sinistcha|80/100\n|-damage|p2b: Aggron|62/100\n|-damage|p1a: Primarina|47/100|[from] item: Life Orb\n|move|p1b: Farigiraf|Psychic|p2b: Aggron\n|-resisted|p2b: Aggron|1\n|-damage|p2b: Aggron|48/100\n|move|p2b: Aggron|Iron Defense|p2b: Aggron\n|-boost|p2b: Aggron|def|2\n|\n|-heal|p2a: Sinistcha|86/100|[from] item: Leftovers\n|-damage|p1b: Farigiraf|72/100 brn|[from] brn\n|upkeep\n|turn|2\n|\n|t:|1788370273\n|move|p2b: Aggron|Protect|p2b: Aggron\n|-singleturn|p2b: Aggron|Protect\n|move|p1a: Primarina|Hyper Voice|p2a: Sinistcha|[spread] p2a\n|-activate|p2b: Aggron|move: Protect\n|-resisted|p2a: Sinistcha|1\n|-damage|p2a: Sinistcha|66/100\n|-damage|p1a: Primarina|37/100|[from] item: Life Orb\n|move|p1b: Farigiraf|Psychic|p2b: Aggron\n|-activate|p2b: Aggron|move: Protect\n|move|p2a: Sinistcha|Trick Room|p2a: Sinistcha\n|-fieldstart|move: Trick Room|[of] p2a: Sinistcha\n|\n|-heal|p2a: Sinistcha|73/100|[from] item: Leftovers\n|-damage|p1b: Farigiraf|66/100 brn|[from] brn\n|upkeep\n|turn|3\n|\n|t:|1788370288\n|move|p2b: Aggron|Body Press|p1b: Farigiraf\n|-damage|p1b: Farigiraf|9/100 brn\n|move|p1a: Primarina|Hyper Voice|p2b: Aggron|[spread] p2a,p2b\n|-resisted|p2a: Sinistcha|1\n|-damage|p2a: Sinistcha|53/100\n|-damage|p2b: Aggron|6/100\n|-damage|p1a: Primarina|27/100|[from] item: Life Orb\n|move|p2a: Sinistcha|Matcha Gotcha|p1b: Farigiraf|[spread] p1a,p1b\n|-supereffective|p1a: Primarina|1\n|-damage|p1a: Primarina|0 fnt\n|-heal|p2a: Sinistcha|66/100|[from] drain|[of] p1a: Primarina\n|-damage|p1b: Farigiraf|0 fnt\n|-heal|p2a: Sinistcha|73/100|[from] drain|[of] p1b: Farigiraf\n|faint|p1a: Primarina\n|faint|p1b: Farigiraf\n|\n|-heal|p2a: Sinistcha|79/100|[from] item: Leftovers\n|upkeep\n|\n|t:|1788370298\n|switch|p1b: Excadrill|Excadrill, L50, M|100/100\n|switch|p1a: Tyranitar|Tyranitar, L50, M|100/100\n|-weather|Sandstorm|[from] ability: Sand Stream|[of] p1a: Tyranitar\n|turn|4\n|\n|t:|1788370319\n|detailschange|p1a: Tyranitar|Tyranitar-Mega, L50, M\n|-mega|p1a: Tyranitar|Tyranitar|Tyranitarite\n|move|p1b: Excadrill|Protect|p1b: Excadrill\n|-singleturn|p1b: Excadrill|Protect\n|move|p2b: Aggron|Body Press|p1a: Tyranitar\n|-supereffective|p1a: Tyranitar|2\n|-damage|p1a: Tyranitar|0 fnt\n|faint|p1a: Tyranitar\n|move|p2a: Sinistcha|Matcha Gotcha|p1b: Excadrill\n|-activate|p1b: Excadrill|move: Protect\n|\n|-weather|Sandstorm|[upkeep]\n|-damage|p2a: Sinistcha|73/100|[from] Sandstorm\n|-heal|p2a: Sinistcha|79/100|[from] item: Leftovers\n|upkeep\n|turn|5\n|-message|Sebas1908 forfeited.\n|\n|win|Shefhger\n|raw|Sebas1908's rating: 1101 &rarr; <strong>1070</strong><br />(-31 for losing)\n|raw|Shefhger's rating: 1012 &rarr; <strong>1060</strong><br />(+48 for winning)\n|l|☆Sebas1908\n|player|p1|\n|j|☆Sebas1908\n|player|p1|Sebas1908|102|\n","uploadtime":1788370328,"views":"1","formatid":"gen9championsvgc2026regmb","rating":1060,"private":0,"password":null}