{"id":"gen9championsvgc2026regmbbo3-2673360436","format":"[Gen 9 Champions] VGC 2026 Reg M-B (Bo3)","players":["theraclod","humania1"],"log":"|j|☆theraclod\n|j|☆humania1\n|html|<table width=\"100%\"><tr><td align=\"left\">theraclod</td><td align=\"right\">humania1</tr><tr><td align=\"left\"><i class=\"fa fa-circle\"></i> <i class=\"fa fa-circle-o\"></i> </td><td align=\"right\"><i class=\"fa fa-circle-o\"></i> <i class=\"fa fa-circle-o\"></i> </tr></table>\n|uhtml|bestof|<h2><strong>Game 2</strong> of <a href=\"/game-bestof3-gen9championsvgc2026regmbbo3-2673359124\">a best-of-3</a></h2>\n|t:|1788188246\n|gametype|doubles\n|player|p1|theraclod|rocketgrunt|1077\n|player|p2|humania1|170|1040\n|gen|9\n|tier|[Gen 9 Champions] VGC 2026 Reg M-B (Bo3)\n|rated|\n|rule|Species Clause: Limit one of each Pokémon\n|rule|Item Clause: Limit 1 of each item\n|clearpoke\n|poke|p1|Garchomp, L50, M|\n|poke|p1|Oranguru, L50, F|\n|poke|p1|Tyranitar, L50, M|\n|poke|p1|Sneasler, L50, M|\n|poke|p1|Milotic, L50, M|\n|poke|p1|Rotom-Wash, L50|\n|poke|p2|Blastoise, L50, F|\n|poke|p2|Delphox, L50, F, shiny|\n|poke|p2|Incineroar, L50, F|\n|poke|p2|Sinistcha, L50|\n|poke|p2|Sneasler, L50, F|\n|poke|p2|Vivillon, L50, M|\n|teampreview|4\n|showteam|p1|Garchomp||Garchompite|RoughSkin|DragonClaw,Earthquake,RockSlide,Protect|Brave||M|||50|]Oranguru||MentalHerb|Telepathy|TrickRoom,Instruct,Gravity,Protect|Bold||F|||50|]Tyranitar||Tyranitarite|SandStream|RockSlide,KnockOff,DragonDance,Protect|Adamant||M|||50|]Sneasler||WhiteHerb|Unburden|FakeOut,DireClaw,CloseCombat,Coaching|Jolly||M|||50|]Milotic||Leftovers|Competitive|Scald,Recover,Protect,ChillingWater|Bold||M|||50|]Rotom-Wash||SitrusBerry|Levitate|HydroPump,Discharge,LightScreen,WillOWisp|Timid|||||50|\n|showteam|p2|Blastoise||Blastoisinite|Torrent|Protect,ShellSmash,WaterSpout,DarkPulse|Modest||F|||50|]Delphox||Delphoxite|Blaze|Protect,HeatWave,Psyshock,NastyPlot|Timid||F|||50|]Incineroar||PasshoBerry|Intimidate|FakeOut,PartingShot,FlareBlitz,ThroatChop|Impish||F|||50|]Sinistcha||SitrusBerry|Hospitality|Protect,MatchaGotcha,TrickRoom,RagePowder|Bold|||||50|]Sneasler||FocusSash|PoisonTouch|QuickGuard,FakeOut,CloseCombat,DireClaw|Jolly||F|||50|]Vivillon||ChoiceScarf|CompoundEyes|Hurricane,SleepPowder,RagePowder,Uturn|Timid||M|||50|\n|inactive|Battle timer is ON: inactive players will automatically lose when time's up. (requested by humania1)\n|j| nosehabladebruno\n|\n|t:|1788188264\n|teamsize|p1|4\n|teamsize|p2|4\n|start\n|switch|p1a: Rotom|Rotom-Wash, L50|100/100\n|switch|p1b: Oranguru|Oranguru, L50, F|100/100\n|switch|p2a: Blastoise|Blastoise, L50, F|100/100\n|switch|p2b: Sinistcha|Sinistcha, L50|100/100\n|turn|1\n|\n|t:|1788188274\n|move|p1a: Rotom|Discharge|p2b: Sinistcha|[spread] p2a,p2b\n|-activate|p1b: Oranguru|ability: Telepathy\n|-supereffective|p2a: Blastoise|1\n|-resisted|p2b: Sinistcha|1\n|-damage|p2a: Blastoise|39/100\n|-damage|p2b: Sinistcha|88/100\n|-status|p2a: Blastoise|par\n|move|p1b: Oranguru|Gravity|p1b: Oranguru\n|-fieldstart|move: Gravity\n|move|p2b: Sinistcha|Matcha Gotcha|p1b: Oranguru|[spread] p1a,p1b\n|-supereffective|p1a: Rotom|1\n|-damage|p1a: Rotom|33/100\n|-heal|p2b: Sinistcha|100/100|[from] drain|[of] p1a: Rotom\n|-damage|p1b: Oranguru|74/100\n|-enditem|p1a: Rotom|Sitrus Berry|[eat]\n|-heal|p1a: Rotom|58/100|[from] item: Sitrus Berry\n|move|p2a: Blastoise|Water Spout|p1a: Rotom|[spread] p1a,p1b\n|-resisted|p1a: Rotom|1\n|-damage|p1a: Rotom|47/100\n|-damage|p1b: Oranguru|56/100\n|\n|upkeep\n|turn|2\n|\n|t:|1788188293\n|move|p1a: Rotom|Discharge|p2b: Sinistcha|[spread] p2a,p2b\n|-activate|p1b: Oranguru|ability: Telepathy\n|-supereffective|p2a: Blastoise|1\n|-resisted|p2b: Sinistcha|1\n|-damage|p2a: Blastoise|0 fnt\n|-damage|p2b: Sinistcha|87/100\n|faint|p2a: Blastoise\n|move|p1b: Oranguru|Instruct|p1a: Rotom\n|-singleturn|p1a: Rotom|move: Instruct|[of] p1b: Oranguru\n|move|p1a: Rotom|Discharge|p2b: Sinistcha|[spread] p2b\n|-activate|p1b: Oranguru|ability: Telepathy\n|-resisted|p2b: Sinistcha|1\n|-damage|p2b: Sinistcha|75/100\n|move|p2b: Sinistcha|Matcha Gotcha|p1b: Oranguru|[spread] p1a,p1b\n|-supereffective|p1a: Rotom|1\n|-damage|p1a: Rotom|0 fnt\n|-heal|p2b: Sinistcha|92/100|[from] drain|[of] p1a: Rotom\n|-damage|p1b: Oranguru|34/100\n|-heal|p2b: Sinistcha|100/100|[from] drain|[of] p1b: Oranguru\n|faint|p1a: Rotom\n|\n|upkeep\n|\n|t:|1788188313\n|switch|p1a: Tyranitar|Tyranitar, L50, M|100/100\n|switch|p2a: Delphox|Delphox, L50, F, shiny|100/100\n|-weather|Sandstorm|[from] ability: Sand Stream|[of] p1a: Tyranitar\n|turn|3\n|\n|t:|1788188320\n|switch|p2b: Incineroar|Incineroar, L50, F|100/100\n|-ability|p2b: Incineroar|Intimidate|boost\n|-unboost|p1a: Tyranitar|atk|1\n|-unboost|p1b: Oranguru|atk|1\n|detailschange|p1a: Tyranitar|Tyranitar-Mega, L50, M\n|-mega|p1a: Tyranitar|Tyranitar|Tyranitarite\n|move|p2a: Delphox|Nasty Plot|p2a: Delphox\n|-boost|p2a: Delphox|spa|2\n|move|p1b: Oranguru|Instruct||[still]\n|-fail|p1b: Oranguru\n|move|p1a: Tyranitar|Dragon Dance|p1a: Tyranitar\n|-boost|p1a: Tyranitar|atk|1\n|-boost|p1a: Tyranitar|spe|1\n|\n|-weather|Sandstorm|[upkeep]\n|-damage|p2a: Delphox|94/100|[from] Sandstorm\n|-damage|p2b: Incineroar|94/100|[from] Sandstorm\n|-damage|p1b: Oranguru|27/100|[from] Sandstorm\n|upkeep\n|turn|4\n|\n|t:|1788188337\n|move|p2a: Delphox|Psyshock|p1b: Oranguru\n|-resisted|p1b: Oranguru|1\n|-damage|p1b: Oranguru|0 fnt\n|faint|p1b: Oranguru\n|move|p1a: Tyranitar|Dragon Dance|p1a: Tyranitar\n|-boost|p1a: Tyranitar|atk|1\n|-boost|p1a: Tyranitar|spe|1\n|move|p2b: Incineroar|Throat Chop|p1a: Tyranitar\n|-resisted|p1a: Tyranitar|1\n|-damage|p1a: Tyranitar|90/100\n|-start|p1a: Tyranitar|Throat Chop|[silent]\n|\n|-weather|Sandstorm|[upkeep]\n|-damage|p2a: Delphox|88/100|[from] Sandstorm\n|-damage|p2b: Incineroar|88/100|[from] Sandstorm\n|upkeep\n|\n|t:|1788188347\n|switch|p1b: Sneasler|Sneasler, L50, M|100/100\n|turn|5\n|\n|t:|1788188353\n|move|p1b: Sneasler|Coaching|p1a: Tyranitar\n|-boost|p1a: Tyranitar|atk|1\n|-boost|p1a: Tyranitar|def|1\n|move|p1a: Tyranitar|Dragon Dance|p1a: Tyranitar\n|-boost|p1a: Tyranitar|atk|1\n|-boost|p1a: Tyranitar|spe|1\n|move|p2a: Delphox|Psyshock|p1b: Sneasler\n|-supereffective|p1b: Sneasler|2\n|-damage|p1b: Sneasler|0 fnt\n|faint|p1b: Sneasler\n|move|p2b: Incineroar|Parting Shot|p1a: Tyranitar\n|-unboost|p1a: Tyranitar|atk|1\n|-unboost|p1a: Tyranitar|spa|1\n|\n|t:|1788188353\n|switch|p2b: Sinistcha|Sinistcha, L50|100/100|[from] Parting Shot\n|-heal|p2a: Delphox|100/100|[from] ability: Hospitality|[of] p2b: Sinistcha\n|\n|-weather|Sandstorm|[upkeep]\n|-damage|p2a: Delphox|94/100|[from] Sandstorm\n|-damage|p2b: Sinistcha|93/100|[from] Sandstorm\n|-end|p1a: Tyranitar|Throat Chop|[silent]\n|-fieldend|move: Gravity\n|upkeep\n|turn|6\n|\n|t:|1788188372\n|switch|p2b: Incineroar|Incineroar, L50, F|88/100\n|-ability|p2b: Incineroar|Intimidate|boost\n|-unboost|p1a: Tyranitar|atk|1\n|move|p2a: Delphox|Protect|p2a: Delphox\n|-singleturn|p2a: Delphox|Protect\n|move|p1a: Tyranitar|Knock Off|p2b: Incineroar\n|-resisted|p2b: Incineroar|1\n|-damage|p2b: Incineroar|50/100g\n|-enditem|p2b: Incineroar|Passho Berry|[from] move: Knock Off|[of] p1a: Tyranitar\n|\n|-weather|Sandstorm|[upkeep]\n|-damage|p2a: Delphox|88/100|[from] Sandstorm\n|-damage|p2b: Incineroar|44/100|[from] Sandstorm\n|upkeep\n|turn|7\n|\n|t:|1788188385\n|switch|p2a: Sinistcha|Sinistcha, L50|93/100\n|-heal|p2b: Incineroar|69/100|[from] ability: Hospitality|[of] p2a: Sinistcha\n|move|p1a: Tyranitar|Dragon Dance|p1a: Tyranitar\n|-boost|p1a: Tyranitar|atk|1\n|-boost|p1a: Tyranitar|spe|1\n|move|p2b: Incineroar|Parting Shot|p1a: Tyranitar\n|-unboost|p1a: Tyranitar|atk|1\n|-unboost|p1a: Tyranitar|spa|1\n|\n|t:|1788188385\n|switch|p2b: Delphox|Delphox, L50, F, shiny|88/100|[from] Parting Shot\n|\n|-weather|none\n|upkeep\n|turn|8\n|\n|t:|1788188397\n|switch|p2b: Incineroar|Incineroar, L50, F|69/100\n|-ability|p2b: Incineroar|Intimidate|boost\n|-unboost|p1a: Tyranitar|atk|1\n|move|p1a: Tyranitar|Rock Slide|p2a: Sinistcha|[spread] p2a,p2b\n|-crit|p2a: Sinistcha\n|-supereffective|p2b: Incineroar|1\n|-damage|p2a: Sinistcha|47/100\n|-damage|p2b: Incineroar|5/100\n|-enditem|p2a: Sinistcha|Sitrus Berry|[eat]\n|-heal|p2a: Sinistcha|72/100|[from] item: Sitrus Berry\n|cant|p2a: Sinistcha|flinch\n|\n|upkeep\n|turn|9\n|\n|t:|1788188408\n|move|p2a: Sinistcha|Rage Powder|p2a: Sinistcha\n|-singleturn|p2a: Sinistcha|move: Rage Powder\n|move|p1a: Tyranitar|Rock Slide|p2a: Sinistcha|[spread] p2a,p2b\n|-supereffective|p2b: Incineroar|1\n|-damage|p2a: Sinistcha|42/100\n|-damage|p2b: Incineroar|0 fnt\n|faint|p2b: Incineroar\n|\n|upkeep\n|\n|t:|1788188409\n|switch|p2b: Delphox|Delphox, L50, F, shiny|88/100\n|turn|10\n|\n|t:|1788188417\n|move|p2b: Delphox|Protect|p2b: Delphox\n|-singleturn|p2b: Delphox|Protect\n|move|p1a: Tyranitar|Knock Off|p2a: Sinistcha\n|-supereffective|p2a: Sinistcha|1\n|-damage|p2a: Sinistcha|0 fnt\n|faint|p2a: Sinistcha\n|\n|upkeep\n|turn|11\n|\n|t:|1788188424\n|move|p1a: Tyranitar|Dragon Dance|p1a: Tyranitar\n|-boost|p1a: Tyranitar|atk|1\n|-boost|p1a: Tyranitar|spe|1\n|move|p2b: Delphox|Nasty Plot|p2b: Delphox\n|-boost|p2b: Delphox|spa|2\n|\n|upkeep\n|turn|12\n|\n|t:|1788188431\n|move|p2b: Delphox|Protect|p2b: Delphox\n|-singleturn|p2b: Delphox|Protect\n|move|p1a: Tyranitar|Knock Off|p2b: Delphox\n|-activate|p2b: Delphox|move: Protect\n|\n|upkeep\n|turn|13\n|\n|t:|1788188436\n|move|p1a: Tyranitar|Knock Off|p2b: Delphox\n|-supereffective|p2b: Delphox|1\n|-damage|p2b: Delphox|0 fnt\n|faint|p2b: Delphox\n|\n|win|theraclod\n|raw|theraclod's rating: 1077 &rarr; <strong>1102</strong><br />(+25 for winning)\n|raw|humania1's rating: 1040 &rarr; <strong>1026</strong><br />(-14 for losing)\n","uploadtime":1788188436,"views":"3","formatid":"gen9championsvgc2026regmbbo3","rating":1026,"private":0,"password":null}