{"id":"gen9championsvgc2026regmb-2674552869","format":"[Gen 9 Champions] VGC 2026 Reg M-B","players":["CurleighFries","izayatijifan129"],"log":"|j|☆CurleighFries\n|j|☆izayatijifan129\n|t:|1788373164\n|gametype|doubles\n|player|p1|CurleighFries|pokemonbreederf|1035\n|player|p2|izayatijifan129|101|1106\n|gen|9\n|tier|[Gen 9 Champions] VGC 2026 Reg M-B\n|rated|\n|rule|Species Clause: Limit one of each Pokémon\n|rule|Item Clause: Limit 1 of each item\n|clearpoke\n|poke|p1|Heliolisk, L50, F, shiny|\n|poke|p1|Sceptile, L50, M|\n|poke|p1|Sneasler, L50, M|\n|poke|p1|Garchomp, L50, M, shiny|\n|poke|p1|Pelipper, L50, M|\n|poke|p1|Incineroar, L50, M|\n|poke|p2|Volcarona, L50, F|\n|poke|p2|Sneasler, L50, F|\n|poke|p2|Floette-Eternal, L50, F|\n|poke|p2|Whimsicott, L50, M|\n|poke|p2|Gholdengo, L50|\n|poke|p2|Tyranitar, L50, M|\n|teampreview|4\n|\n|t:|1788373185\n|teamsize|p1|4\n|teamsize|p2|4\n|start\n|switch|p1a: Pelipper|Pelipper, L50, M|100/100\n|switch|p1b: Heliolisk|Heliolisk, L50, F, shiny|100/100\n|switch|p2a: Gholdengo|Gholdengo, L50|100/100\n|switch|p2b: Tyranitar|Tyranitar, L50, M|100/100\n|-weather|Sandstorm|[from] ability: Sand Stream|[of] p2b: Tyranitar\n|-weather|RainDance|[from] ability: Drizzle|[of] p1a: Pelipper\n|turn|1\n|\n|t:|1788373221\n|switch|p2a: Sneasler|Sneasler, L50, F|100/100\n|detailschange|p2b: Tyranitar|Tyranitar-Mega, L50, M\n|-mega|p2b: Tyranitar|Tyranitar|Tyranitarite\n|-weather|Sandstorm|[from] ability: Sand Stream|[of] p2b: Tyranitar\n|move|p1b: Heliolisk|Electroweb|p2b: Tyranitar|[spread] p2a,p2b\n|-damage|p2a: Sneasler|71/100\n|-damage|p2b: Tyranitar|87/100\n|-unboost|p2a: Sneasler|spe|1\n|-unboost|p2b: Tyranitar|spe|1\n|-enditem|p2a: Sneasler|White Herb\n|-clearnegativeboost|p2a: Sneasler|[silent]\n|move|p1a: Pelipper|Icy Wind|p2b: Tyranitar|[spread] p2a,p2b\n|-damage|p2a: Sneasler|55/100\n|-damage|p2b: Tyranitar|80/100\n|-unboost|p2a: Sneasler|spe|1\n|-unboost|p2b: Tyranitar|spe|1\n|move|p2b: Tyranitar|Rock Slide|p1a: Pelipper|[spread] p1a,p1b\n|-supereffective|p1a: Pelipper|1\n|-damage|p1a: Pelipper|10/100\n|-damage|p1b: Heliolisk|11/100\n|\n|-weather|Sandstorm|[upkeep]\n|-damage|p2a: Sneasler|49/100|[from] Sandstorm\n|-damage|p1b: Heliolisk|5/100|[from] Sandstorm\n|-damage|p1a: Pelipper|4/100|[from] Sandstorm\n|upkeep\n|turn|2\n|\n|t:|1788373263\n|switch|p1a: Sceptile|Sceptile, L50, M|100/100\n|move|p2a: Sneasler|Fake Out|p1b: Heliolisk\n|-crit|p1b: Heliolisk\n|-damage|p1b: Heliolisk|0 fnt\n|faint|p1b: Heliolisk\n|move|p2b: Tyranitar|Knock Off|p1a: Sceptile\n|-damage|p1a: Sceptile|23/100\n|\n|-weather|Sandstorm|[upkeep]\n|-damage|p2a: Sneasler|43/100|[from] Sandstorm\n|-damage|p1a: Sceptile|17/100|[from] Sandstorm\n|upkeep\n|\n|t:|1788373276\n|switch|p1b: Pelipper|Pelipper, L50, M|4/100\n|-weather|RainDance|[from] ability: Drizzle|[of] p1b: Pelipper\n|turn|3\n|\n|t:|1788373286\n|switch|p2b: Volcarona|Volcarona, L50, F|100/100\n|detailschange|p1a: Sceptile|Sceptile-Mega, L50, M\n|-mega|p1a: Sceptile|Sceptile|Sceptilite\n|move|p2a: Sneasler|Close Combat|p1b: Pelipper\n|-resisted|p1b: Pelipper|1\n|-damage|p1b: Pelipper|0 fnt\n|-unboost|p2a: Sneasler|def|1\n|-unboost|p2a: Sneasler|spd|1\n|faint|p1b: Pelipper\n|move|p1a: Sceptile|Energy Ball|p2b: Volcarona\n|-resisted|p2b: Volcarona|2\n|-damage|p2b: Volcarona|89/100\n|\n|-weather|RainDance|[upkeep]\n|upkeep\n|\n|t:|1788373293\n|switch|p1b: Incineroar|Incineroar, L50, M|100/100\n|-ability|p1b: Incineroar|Intimidate|boost\n|-unboost|p2a: Sneasler|atk|1\n|-unboost|p2b: Volcarona|atk|1\n|turn|4\n|\n|t:|1788373316\n|move|p2a: Sneasler|Protect|p2a: Sneasler\n|-singleturn|p2a: Sneasler|Protect\n|move|p2b: Volcarona|Protect|p2b: Volcarona\n|-singleturn|p2b: Volcarona|Protect\n|move|p1b: Incineroar|Fake Out|p2a: Sneasler\n|-activate|p2a: Sneasler|move: Protect\n|move|p1a: Sceptile|Earth Power|p2a: Sneasler\n|-activate|p2a: Sneasler|move: Protect\n|\n|-weather|RainDance|[upkeep]\n|upkeep\n|turn|5\n|\n|t:|1788373346\n|move|p1b: Incineroar|Protect|p1b: Incineroar\n|-singleturn|p1b: Incineroar|Protect\n|move|p2a: Sneasler|Close Combat|p1b: Incineroar\n|-activate|p1b: Incineroar|move: Protect\n|move|p1a: Sceptile|Earth Power|p2b: Volcarona\n|-damage|p2b: Volcarona|61/100\n|move|p2b: Volcarona|Struggle Bug|p1b: Incineroar|[spread] p1a\n|-activate|p1b: Incineroar|move: Protect\n|-supereffective|p1a: Sceptile|1\n|-damage|p1a: Sceptile|0 fnt\n|faint|p1a: Sceptile\n|\n|-weather|RainDance|[upkeep]\n|upkeep\n|turn|6\n|\n|t:|1788373362\n|move|p2b: Volcarona|Rage Powder|p2b: Volcarona\n|-singleturn|p2b: Volcarona|move: Rage Powder\n|move|p2a: Sneasler|Close Combat|p1b: Incineroar\n|-supereffective|p1b: Incineroar|1\n|-damage|p1b: Incineroar|6/100\n|-unboost|p2a: Sneasler|def|1\n|-unboost|p2a: Sneasler|spd|1\n|-enditem|p1b: Incineroar|Sitrus Berry|[eat]\n|-heal|p1b: Incineroar|31/100|[from] item: Sitrus Berry\n|move|p1b: Incineroar|Darkest Lariat|p2b: Volcarona\n|-damage|p2b: Volcarona|25/100\n|-enditem|p2b: Volcarona|Sitrus Berry|[eat]\n|-heal|p2b: Volcarona|50/100g|[from] item: Sitrus Berry\n|\n|-weather|RainDance|[upkeep]\n|upkeep\n|turn|7\n|\n|t:|1788373382\n|move|p2b: Volcarona|Rage Powder|p2b: Volcarona\n|-singleturn|p2b: Volcarona|move: Rage Powder\n|move|p2a: Sneasler|Close Combat|p1b: Incineroar\n|-supereffective|p1b: Incineroar|1\n|-damage|p1b: Incineroar|0 fnt\n|-unboost|p2a: Sneasler|def|1\n|-unboost|p2a: Sneasler|spd|1\n|faint|p1b: Incineroar\n|\n|win|izayatijifan129\n|raw|CurleighFries's rating: 1035 &rarr; <strong>1023</strong><br />(-12 for losing)\n|raw|izayatijifan129's rating: 1106 &rarr; <strong>1126</strong><br />(+20 for winning)\n|l|☆CurleighFries\n|player|p1|\n","uploadtime":1788373388,"views":"3","formatid":"gen9championsvgc2026regmb","rating":1023,"private":0,"password":null}