{"id":"gen9championsvgc2026regmb-2674784474","format":"[Gen 9 Champions] VGC 2026 Reg M-B","players":["Bodiodome","ToastMaker"],"log":"|j|☆Bodiodome\n|j|☆ToastMaker\n|html|<table width=\"100%\"><tr><td align=\"left\">Bodiodome</td><td align=\"right\">ToastMaker</tr><tr><td align=\"left\"><i class=\"fa fa-circle\"></i> <i class=\"fa fa-circle-o\"></i> </td><td align=\"right\"><i class=\"fa fa-circle-o\"></i> <i class=\"fa fa-circle-o\"></i> </tr></table>\n|uhtml|bestof|<h2><strong>Game 2</strong> of <a href=\"/game-bestof3-gen9championsvgc2026regmb-2674783037\">a best-of-3</a></h2>\n|t:|1788406203\n|gametype|doubles\n|player|p1|Bodiodome|riley|\n|player|p2|ToastMaker|birdkeeper|\n|gen|9\n|tier|[Gen 9 Champions] VGC 2026 Reg M-B\n|rule|Species Clause: Limit one of each Pokémon\n|rule|Item Clause: Limit 1 of each item\n|raw|<div class=\"infobox\"><details class=\"readmore\" open><summary><strong>1 custom rule:</strong></summary> Best of = 3</details></div>\n|clearpoke\n|poke|p1|Delphox, L50, M|\n|poke|p1|Floette-Eternal, L50, F|\n|poke|p1|Meowstic, L50, M|\n|poke|p1|Dragonite, L50, F|\n|poke|p1|Vivillon, L50, M|\n|poke|p1|Annihilape, L50, M|\n|poke|p2|Talonflame, L50, F, shiny|\n|poke|p2|Skarmory, L50, M|\n|poke|p2|Araquanid, L50, F|\n|poke|p2|Empoleon, L50, F, shiny|\n|poke|p2|Whimsicott, L50, F|\n|poke|p2|Staraptor, L50, F|\n|teampreview|4\nBodiodome rejected open team sheets.\n|\n|t:|1788406247\n|teamsize|p1|4\n|teamsize|p2|4\n|start\n|switch|p1a: Ralsei|Delphox, L50, M|100/100\n|switch|p1b: Mew Mew|Meowstic, L50, M|100/100\n|switch|p2a: Hot Wings|Talonflame, L50, F, shiny|100/100\n|switch|p2b: Yellowbird|Skarmory, L50, M|100/100\n|turn|1\n|\n|t:|1788406267\n|detailschange|p1a: Ralsei|Delphox-Mega, L50, M\n|-mega|p1a: Ralsei|Delphox|Delphoxite\n|move|p1b: Mew Mew|Fake Out|p2a: Hot Wings\n|-damage|p2a: Hot Wings|92/100\n|cant|p2a: Hot Wings|flinch\n|move|p1a: Ralsei|Flamethrower|p2b: Yellowbird\n|-supereffective|p2b: Yellowbird|1\n|-damage|p2b: Yellowbird|0 fnt\n|faint|p2b: Yellowbird\n|\n|upkeep\n|\n|t:|1788406304\n|switch|p2b: 🐦🆙|Staraptor, L50, F|100/100\n|-ability|p2b: 🐦🆙|Intimidate|boost\n|-unboost|p1a: Ralsei|atk|1\n|-unboost|p1b: Mew Mew|atk|1\n|turn|2\n|\n|t:|1788406323\n|move|p2b: 🐦🆙|Protect|p2b: 🐦🆙\n|-singleturn|p2b: 🐦🆙|Protect\n|move|p2a: Hot Wings|Tailwind|p2a: Hot Wings\n|-sidestart|p2: ToastMaker|move: Tailwind\n|move|p1a: Ralsei|Psychic|p2b: 🐦🆙\n|-activate|p2b: 🐦🆙|move: Protect\n|move|p1b: Mew Mew|Thunderbolt|p2b: 🐦🆙\n|-activate|p2b: 🐦🆙|move: Protect\n|\n|upkeep\n|turn|3\n|\n|t:|1788406351\n|switch|p2b: 🐦🆙's best friend|Whimsicott, L50, F|100/100\n|move|p1b: Mew Mew|Skill Swap|p1a: Ralsei\n|-activate|p1b: Mew Mew|Skill Swap|||[of] p1a: Ralsei\n|-hint|Skill Swap does not announce the abilities of the Pokémon when used between allies.\n|move|p1a: Ralsei|Encore||[still]\n|-fail|p1a: Ralsei\n|move|p2a: Hot Wings|Acrobatics|p1a: Ralsei\n|-damage|p1a: Ralsei|56/100\n|\n|upkeep\n|turn|4\n|\n|t:|1788406375\n|move|p2a: Hot Wings|Acrobatics|p1a: Ralsei\n|-damage|p1a: Ralsei|8/100\n|move|p2b: 🐦🆙's best friend|Moonblast|p1a: Ralsei\n|-resisted|p1a: Ralsei|1\n|-damage|p1a: Ralsei|0 fnt\n|faint|p1a: Ralsei\n|move|p1b: Mew Mew|Thunderbolt|p2a: Hot Wings\n|-supereffective|p2a: Hot Wings|1\n|-damage|p2a: Hot Wings|32/100\n|\n|upkeep\n|\n|t:|1788406384\n|switch|p1a: IAmSusieDeltarune|Dragonite, L50, F|100/100\n|turn|5\n|\n|t:|1788406403\n|move|p2b: 🐦🆙's best friend|Protect|p2b: 🐦🆙's best friend\n|-singleturn|p2b: 🐦🆙's best friend|Protect\n|move|p2a: Hot Wings|Acrobatics|p1b: Mew Mew\n|-damage|p1b: Mew Mew|65/100\n|move|p1b: Mew Mew|Thunderbolt|p2a: Hot Wings\n|-supereffective|p2a: Hot Wings|1\n|-damage|p2a: Hot Wings|0 fnt\n|faint|p2a: Hot Wings\n|move|p1a: IAmSusieDeltarune|Tailwind|p1a: IAmSusieDeltarune\n|-sidestart|p1: Bodiodome|move: Tailwind\n|\n|-sideend|p2: ToastMaker|move: Tailwind\n|upkeep\n|\n|t:|1788406414\n|switch|p2a: 🐦🆙|Staraptor, L50, F|100/100\n|-ability|p2a: 🐦🆙|Intimidate|boost\n|-unboost|p1a: IAmSusieDeltarune|atk|1\n|-unboost|p1b: Mew Mew|atk|1\n|turn|6\n|\n|t:|1788406435\n|detailschange|p2a: 🐦🆙|Staraptor-Mega, L50, F\n|-mega|p2a: 🐦🆙|Staraptor|Staraptite\n|move|p1a: IAmSusieDeltarune|Extreme Speed|p2b: 🐦🆙's best friend\n|-damage|p2b: 🐦🆙's best friend|70/100\n|move|p2b: 🐦🆙's best friend|Tailwind|p2b: 🐦🆙's best friend\n|-sidestart|p2: ToastMaker|move: Tailwind\n|move|p2a: 🐦🆙|Brave Bird|p1a: IAmSusieDeltarune\n|-damage|p1a: IAmSusieDeltarune|63/100\n|-damage|p2a: 🐦🆙|87/100|[from] Recoil\n|move|p1b: Mew Mew|Thunderbolt|p2a: 🐦🆙\n|-supereffective|p2a: 🐦🆙|1\n|-damage|p2a: 🐦🆙|53/100\n|\n|upkeep\n|turn|7\n|\n|t:|1788406455\n|move|p1a: IAmSusieDeltarune|Protect|p1a: IAmSusieDeltarune\n|-singleturn|p1a: IAmSusieDeltarune|Protect\n|move|p2b: 🐦🆙's best friend|Fake Tears|p2a: 🐦🆙\n|-boost|p2a: 🐦🆙|spd|2\n|move|p2a: 🐦🆙|Close Combat|p1a: IAmSusieDeltarune\n|-activate|p1a: IAmSusieDeltarune|move: Protect\n|move|p1b: Mew Mew|Thunderbolt|p2a: 🐦🆙\n|-supereffective|p2a: 🐦🆙|1\n|-crit|p2a: 🐦🆙\n|-damage|p2a: 🐦🆙|1/100\n|\n|upkeep\n|turn|8\n|\n|t:|1788406476\n|switch|p1b: Blue|Vivillon, L50, M|100/100\n|move|p1a: IAmSusieDeltarune|Extreme Speed|p2a: 🐦🆙\n|-damage|p2a: 🐦🆙|0 fnt\n|faint|p2a: 🐦🆙\n|move|p2b: 🐦🆙's best friend|Moonblast|p1a: IAmSusieDeltarune\n|-supereffective|p1a: IAmSusieDeltarune|1\n|-damage|p1a: IAmSusieDeltarune|3/100\n|\n|-sideend|p1: Bodiodome|move: Tailwind\n|upkeep\n|turn|9\n|\n|t:|1788406491\n|move|p1b: Blue|Rage Powder|p1b: Blue\n|-singleturn|p1b: Blue|move: Rage Powder\n|move|p1a: IAmSusieDeltarune|Extreme Speed|p2b: 🐦🆙's best friend\n|-damage|p2b: 🐦🆙's best friend|41/100\n|move|p2b: 🐦🆙's best friend|Moonblast|p1a: IAmSusieDeltarune\n|-supereffective|p1a: IAmSusieDeltarune|1\n|-damage|p1a: IAmSusieDeltarune|0 fnt\n|faint|p1a: IAmSusieDeltarune\n|\n|-sideend|p2: ToastMaker|move: Tailwind\n|upkeep\n|\n|t:|1788406499\n|switch|p1a: Mew Mew|Meowstic, L50, M|65/100\n|turn|10\n|\n|t:|1788406511\n|move|p2b: 🐦🆙's best friend|Protect|p2b: 🐦🆙's best friend\n|-singleturn|p2b: 🐦🆙's best friend|Protect\n|move|p1a: Mew Mew|Fake Out|p2b: 🐦🆙's best friend\n|-activate|p2b: 🐦🆙's best friend|move: Protect\n|move|p1b: Blue|Tailwind|p1b: Blue\n|-sidestart|p1: Bodiodome|move: Tailwind\n|\n|upkeep\n|turn|11\n|\n|t:|1788406529\n|move|p1b: Blue|Pollen Puff|p2b: 🐦🆙's best friend\n|-damage|p2b: 🐦🆙's best friend|0 fnt\n|faint|p2b: 🐦🆙's best friend\n|\n|win|Bodiodome\n","uploadtime":1788406536,"views":"6","formatid":"gen9championsvgc2026regmb","rating":null,"private":0,"password":null}