{"id":"gen9championsvgc2026regmb-2674263132","format":"[Gen 9 Champions] VGC 2026 Reg M-B","players":["Thornlace48812","bcwreckless"],"log":"|j|☆Thornlace48812\n|j|☆bcwreckless\n|t:|1788326257\n|gametype|doubles\n|player|p1|Thornlace48812|1|1058\n|player|p2|bcwreckless|nate|1117\n|gen|9\n|tier|[Gen 9 Champions] VGC 2026 Reg M-B\n|rated|\n|rule|Species Clause: Limit one of each Pokémon\n|rule|Item Clause: Limit 1 of each item\n|clearpoke\n|poke|p1|Garchomp, L50, M|\n|poke|p1|Charizard, L50, F|\n|poke|p1|Whimsicott, L50, F|\n|poke|p1|Sylveon, L50, F|\n|poke|p1|Kingambit, L50, F|\n|poke|p1|Basculegion, L50, M|\n|poke|p2|Aggron, L50, F|\n|poke|p2|Hatterene, L50, F|\n|poke|p2|Dragonite, L50, M|\n|poke|p2|Pelipper, L50, M|\n|poke|p2|Dragapult, L50, F|\n|poke|p2|Sneasler, L50, M|\n|teampreview|4\n|inactive|Battle timer is ON: inactive players will automatically lose when time's up. (requested by bcwreckless)\n|inactive|Thornlace48812 also wants the timer to be on.\nThornlace48812 rejected open team sheets.\n|\n|t:|1788326277\n|teamsize|p1|4\n|teamsize|p2|4\n|start\n|switch|p1a: Charizard|Charizard, L50, F|100/100\n|switch|p1b: Whimsicott|Whimsicott, L50, F|100/100\n|switch|p2a: Sneasler|Sneasler, L50, M|100/100\n|switch|p2b: Dragapult|Dragapult, L50, F|100/100\n|turn|1\n|\n|t:|1788326292\n|detailschange|p1a: Charizard|Charizard-Mega-Y, L50, F\n|-mega|p1a: Charizard|Charizard|Charizardite Y\n|-weather|SunnyDay|[from] ability: Drought|[of] p1a: Charizard\n|move|p2a: Sneasler|Fake Out|p1b: Whimsicott\n|-damage|p1b: Whimsicott|70/100\n|-damage|p2a: Sneasler|90/100|[from] item: Life Orb\n|move|p2b: Dragapult|Light Screen|p2b: Dragapult\n|-sidestart|p2: bcwreckless|move: Light Screen\n|cant|p1b: Whimsicott|flinch\n|move|p1a: Charizard|Heat Wave|p2b: Dragapult|[spread] p2a,p2b\n|-resisted|p2b: Dragapult|1\n|-damage|p2a: Sneasler|31/100\n|-damage|p2b: Dragapult|69/100\n|\n|-weather|SunnyDay|[upkeep]\n|upkeep\n|turn|2\n|\n|t:|1788326313\n|switch|p2a: Pelipper|Pelipper, L50, M|100/100\n|-weather|RainDance|[from] ability: Drizzle|[of] p2a: Pelipper\n|move|p1a: Charizard|Protect|p1a: Charizard\n|-singleturn|p1a: Charizard|Protect\n|move|p1b: Whimsicott|Tailwind|p1b: Whimsicott\n|-sidestart|p1: Thornlace48812|move: Tailwind\n|move|p2b: Dragapult|Phantom Force||[still]\n|-prepare|p2b: Dragapult|Phantom Force\n|\n|-weather|RainDance|[upkeep]\n|upkeep\n|turn|3\n|\n|t:|1788326328\n|move|p1b: Whimsicott|Moonblast|p2a: Pelipper\n|-damage|p2a: Pelipper|55/100\n|move|p1a: Charizard|Heat Wave|p2a: Pelipper|[spread] p2a\n|-miss|p1a: Charizard|p2b: Dragapult\n|-resisted|p2a: Pelipper|1\n|-damage|p2a: Pelipper|43/100\n|move|p2b: Dragapult|Phantom Force|p1b: Whimsicott|[from] lockedmove\n|-damage|p1b: Whimsicott|5/100\n|move|p2a: Pelipper|U-turn|p1a: Charizard\n|-resisted|p1a: Charizard|2\n|-damage|p1a: Charizard|97/100\n|\n|t:|1788326340\n|switch|p2a: Aggron|Aggron, L50, F|100/100|[from] U-turn\n|\n|-weather|RainDance|[upkeep]\n|upkeep\n|turn|4\n|\n|t:|1788326352\n|detailschange|p2a: Aggron|Aggron-Mega, L50, F\n|-mega|p2a: Aggron|Aggron|Aggronite\n|move|p1b: Whimsicott|Moonblast|p2a: Aggron\n|-resisted|p2a: Aggron|1\n|-damage|p2a: Aggron|89/100\n|move|p1a: Charizard|Heat Wave|p2a: Aggron|[spread] p2a,p2b\n|-supereffective|p2a: Aggron|1\n|-resisted|p2b: Dragapult|1\n|-damage|p2a: Aggron|72/100\n|-damage|p2b: Dragapult|60/100\n|-status|p2a: Aggron|brn\n|move|p2b: Dragapult|Phantom Force||[still]\n|-prepare|p2b: Dragapult|Phantom Force\n|move|p2a: Aggron|Iron Defense|p2a: Aggron\n|-boost|p2a: Aggron|def|2\n|\n|-weather|RainDance|[upkeep]\n|-damage|p2a: Aggron|66/100 brn|[from] brn\n|upkeep\n|turn|5\n|\n|t:|1788326374\n|move|p1a: Charizard|Protect|p1a: Charizard\n|-singleturn|p1a: Charizard|Protect\n|move|p1b: Whimsicott|Encore|p2a: Aggron\n|-start|p2a: Aggron|Encore\n|move|p2b: Dragapult|Phantom Force|p1a: Charizard|[from] lockedmove\n|-activate|p1a: Charizard|move: Phantom Force|[broken]\n|-damage|p1a: Charizard|39/100\n|move|p2a: Aggron|Iron Defense|p2a: Aggron\n|-boost|p2a: Aggron|def|2\n|\n|-weather|RainDance|[upkeep]\n|-damage|p2a: Aggron|59/100 brn|[from] brn\n|-sideend|p1: Thornlace48812|move: Tailwind\n|upkeep\n|turn|6\n|\n|t:|1788326392\n|move|p1b: Whimsicott|Tailwind|p1b: Whimsicott\n|-sidestart|p1: Thornlace48812|move: Tailwind\n|move|p1a: Charizard|Heat Wave|p2a: Aggron|[spread] p2a,p2b\n|-supereffective|p2a: Aggron|1\n|-resisted|p2b: Dragapult|1\n|-damage|p2a: Aggron|41/100 brn\n|-damage|p2b: Dragapult|49/100\n|move|p2b: Dragapult|Phantom Force||[still]\n|-prepare|p2b: Dragapult|Phantom Force\n|move|p2a: Aggron|Iron Defense|p2a: Aggron\n|-boost|p2a: Aggron|def|2\n|\n|-weather|none\n|-damage|p2a: Aggron|35/100 brn|[from] brn\n|upkeep\n|turn|7\n|\n|t:|1788326409\n|switch|p2a: Pelipper|Pelipper, L50, M|43/100\n|-weather|RainDance|[from] ability: Drizzle|[of] p2a: Pelipper\n|move|p1b: Whimsicott|Moonblast|p2b: Dragapult|[miss]\n|-miss|p1b: Whimsicott|p2b: Dragapult\n|move|p1a: Charizard|Heat Wave|p2a: Pelipper|[spread] p2a\n|-miss|p1a: Charizard|p2b: Dragapult\n|-resisted|p2a: Pelipper|1\n|-damage|p2a: Pelipper|31/100\n|-status|p2a: Pelipper|brn\n|move|p2b: Dragapult|Phantom Force|p1b: Whimsicott|[from] lockedmove\n|-damage|p1b: Whimsicott|0 fnt\n|faint|p1b: Whimsicott\n|\n|-weather|RainDance|[upkeep]\n|-damage|p2a: Pelipper|25/100 brn|[from] brn\n|upkeep\n|\n|t:|1788326409\n|switch|p1b: Sylveon|Sylveon, L50, F|100/100\n|turn|8\n|inactive|bcwreckless has 30 seconds left.\n|\n|t:|1788326444\n|switch|p2b: Aggron|Aggron-Mega, L50, F|35/100 brn\n|move|p1a: Charizard|Ancient Power|p2a: Pelipper\n|-supereffective|p2a: Pelipper|1\n|-damage|p2a: Pelipper|0 fnt\n|faint|p2a: Pelipper\n|move|p1b: Sylveon|Hyper Voice|p2b: Aggron\n|-resisted|p2b: Aggron|1\n|-damage|p2b: Aggron|16/100 brn\n|\n|-weather|RainDance|[upkeep]\n|-damage|p2b: Aggron|10/100 brn|[from] brn\n|-sideend|p2: bcwreckless|move: Light Screen\n|upkeep\n|\n|t:|1788326459\n|switch|p2a: Sneasler|Sneasler, L50, M|31/100\n|turn|9\n|\n|t:|1788326464\n|move|p2a: Sneasler|Fake Out|p1a: Charizard\n|-damage|p1a: Charizard|17/100\n|-damage|p2a: Sneasler|21/100|[from] item: Life Orb\n|cant|p1a: Charizard|flinch\n|move|p1b: Sylveon|Hyper Voice|p2a: Sneasler|[spread] p2a,p2b\n|-resisted|p2b: Aggron|1\n|-damage|p2a: Sneasler|0 fnt\n|-damage|p2b: Aggron|0 fnt\n|faint|p2a: Sneasler\n|faint|p2b: Aggron\n|\n|-weather|RainDance|[upkeep]\n|-sideend|p1: Thornlace48812|move: Tailwind\n|upkeep\n|\n|t:|1788326480\n|switch|p2a: Dragapult|Dragapult, L50, F|49/100\n|turn|10\n|-message|bcwreckless forfeited.\n|\n|win|Thornlace48812\n|raw|Thornlace48812's rating: 1111 &rarr; <strong>1136</strong><br />(+25 for winning)\n|raw|bcwreckless's rating: 1117 &rarr; <strong>1092</strong><br />(-25 for losing)\n","uploadtime":1788326484,"views":"4","formatid":"gen9championsvgc2026regmb","rating":1092,"private":0,"password":null}