{"id":"gen9championsvgc2026regmbbo3-2673852184","format":"[Gen 9 Champions] VGC 2026 Reg M-B (Bo3)","players":["spodermees","Jorge Saltamontes"],"log":"|j|☆spodermees\n|j|☆Jorge Saltamontes\n|html|<table width=\"100%\"><tr><td align=\"left\">spodermees</td><td align=\"right\">Jorge Saltamontes</tr><tr><td align=\"left\"><i class=\"fa fa-circle-o\"></i> <i class=\"fa fa-circle-o\"></i> </td><td align=\"right\"><i class=\"fa fa-circle-o\"></i> <i class=\"fa fa-circle\"></i> </tr></table>\n|uhtml|bestof|<h2><strong>Game 2</strong> of <a href=\"/game-bestof3-gen9championsvgc2026regmbbo3-2673850416\">a best-of-3</a></h2>\n|t:|1788268587\n|gametype|doubles\n|player|p1|spodermees|sailor|1364\n|player|p2|Jorge Saltamontes|marshal|1459\n|gen|9\n|tier|[Gen 9 Champions] VGC 2026 Reg M-B (Bo3)\n|rated|\n|rule|Species Clause: Limit one of each Pokémon\n|rule|Item Clause: Limit 1 of each item\n|clearpoke\n|poke|p1|Kingambit, L50, F|\n|poke|p1|Farigiraf, L50, F|\n|poke|p1|Charizard, L50, F|\n|poke|p1|Aerodactyl, L50, F|\n|poke|p1|Garchomp, L50, F|\n|poke|p1|Sylveon, L50, M|\n|poke|p2|Charizard, L50, M|\n|poke|p2|Sylveon, L50, F|\n|poke|p2|Garchomp, L50, M|\n|poke|p2|Venusaur, L50, F|\n|poke|p2|Incineroar, L50, F|\n|poke|p2|Toxapex, L50, F|\n|teampreview|4\n|showteam|p1|Kingambit||FocusSash|Defiant|KowtowCleave,IronHead,LowKick,SuckerPunch|Adamant||F|||50|]Farigiraf||SitrusBerry|ArmorTail|TrickRoom,Thunderbolt,HelpingHand,SunnyDay|Serious||F|||50|]Charizard||CharizarditeY|Blaze|HeatWave,WeatherBall,SolarBeam,Protect|Modest||F|||50|]Aerodactyl||Aerodactylite|Unnerve|RockSlide,DualWingbeat,IceFang,Tailwind|Jolly||F|||50|]Garchomp||LifeOrb|RoughSkin|Protect,Earthquake,DragonClaw,StompingTantrum|Jolly||F|||50|]Sylveon||FairyFeather|Pixilate|HyperBeam,HyperVoice,QuickAttack,Protect|Modest||M|||50|\n|showteam|p2|Charizard||CharizarditeY|Blaze|WeatherBall,HeatWave,AncientPower,Protect|Modest||M|||50|]Sylveon||FairyFeather|Pixilate|HyperVoice,QuickAttack,Yawn,Detect|Modest||F|||50|]Garchomp||ChoiceScarf|RoughSkin|RockSlide,DragonClaw,Earthquake,StompingTantrum|Adamant||M|||50|]Venusaur||LifeOrb|Chlorophyll|SludgeBomb,LeafStorm,EarthPower,Protect|Modest||F|||50|]Incineroar||SitrusBerry|Intimidate|FlareBlitz,FakeOut,DarkestLariat,PartingShot|Impish||F|||50|]Toxapex||Leftovers|Regenerator|Infestation,Toxic,WideGuard,BanefulBunker|Bold||F|||50|\n|inactive|Battle timer is ON: inactive players will automatically lose when time's up. (requested by spodermees)\n|inactive|Jorge Saltamontes has 60 seconds left.\n|inactive|Jorge Saltamontes has 30 seconds left.\n|\n|t:|1788268653\n|teamsize|p1|4\n|teamsize|p2|4\n|start\n|switch|p1a: Garchomp|Garchomp, L50, F|100/100\n|switch|p1b: Charizard|Charizard, L50, F|100/100\n|switch|p2a: Toxapex|Toxapex, L50, F|100/100\n|switch|p2b: Garchomp|Garchomp, L50, M|100/100\n|turn|1\n|\n|t:|1788268670\n|move|p1a: Garchomp|Protect|p1a: Garchomp\n|-singleturn|p1a: Garchomp|Protect\n|move|p1b: Charizard|Protect|p1b: Charizard\n|-singleturn|p1b: Charizard|Protect\n|move|p2b: Garchomp|Rock Slide|p1a: Garchomp|[spread] \n|-activate|p1a: Garchomp|move: Protect\n|-activate|p1b: Charizard|move: Protect\n|move|p2a: Toxapex|Infestation|p1b: Charizard\n|-activate|p1b: Charizard|move: Protect\n|\n|upkeep\n|turn|2\n|\n|t:|1788268682\n|switch|p1b: Kingambit|Kingambit, L50, F|100/100\n|move|p2b: Garchomp|Rock Slide|p1b: Kingambit|[spread] p1a,p1b\n|-resisted|p1a: Garchomp|1\n|-resisted|p1b: Kingambit|1\n|-damage|p1a: Garchomp|89/100\n|-damage|p1b: Kingambit|91/100\n|move|p1a: Garchomp|Stomping Tantrum|p2a: Toxapex\n|-supereffective|p2a: Toxapex|1\n|-damage|p2a: Toxapex|35/100\n|-damage|p1a: Garchomp|80/100|[from] item: Life Orb\n|move|p2a: Toxapex|Infestation|p1a: Garchomp\n|-damage|p1a: Garchomp|76/100\n|-activate|p1a: Garchomp|move: Infestation|[of] p2a: Toxapex\n|-damage|p2a: Toxapex|23/100|[from] ability: Rough Skin|[of] p1a: Garchomp\n|\n|-heal|p2a: Toxapex|29/100|[from] item: Leftovers\n|-damage|p1a: Garchomp|64/100|[from] move: Infestation|[partiallytrapped]\n|upkeep\n|turn|3\n|inactive|Jorge Saltamontes has 30 seconds left.\n|\n|t:|1788268712\n|-heal|p2a: Toxapex|62/100|[from] ability: Regenerator|[silent]\n|switch|p2a: Charizard|Charizard, L50, M|100/100\n|move|p2b: Garchomp|Rock Slide|p1b: Kingambit|[spread] p1b\n|-miss|p2b: Garchomp|p1a: Garchomp\n|-resisted|p1b: Kingambit|1\n|-damage|p1b: Kingambit|84/100\n|move|p1a: Garchomp|Stomping Tantrum|p2a: Charizard\n|-immune|p2a: Charizard\n|move|p1b: Kingambit|Iron Head|p2b: Garchomp\n|-damage|p2b: Garchomp|55/100\n|-damage|p1b: Kingambit|72/100|[from] ability: Rough Skin|[of] p2b: Garchomp\n|\n|-end|p1a: Garchomp|Infestation|[partiallytrapped]|[silent]\n|upkeep\n|turn|4\n|\n|t:|1788268728\n|switch|p2b: Toxapex|Toxapex, L50, F|62/100\n|detailschange|p2a: Charizard|Charizard-Mega-Y, L50, M\n|-mega|p2a: Charizard|Charizard|Charizardite Y\n|-weather|SunnyDay|[from] ability: Drought|[of] p2a: Charizard\n|move|p1b: Kingambit|Sucker Punch|p2a: Charizard\n|-damage|p2a: Charizard|52/100\n|move|p1a: Garchomp|Dragon Claw|p2a: Charizard\n|-damage|p2a: Charizard|0 fnt\n|faint|p2a: Charizard\n|-damage|p1a: Garchomp|54/100|[from] item: Life Orb\n|\n|-weather|SunnyDay|[upkeep]\n|-heal|p2b: Toxapex|68/100|[from] item: Leftovers\n|upkeep\n|\n|t:|1788268740\n|switch|p2a: Garchomp|Garchomp, L50, M|55/100\n|turn|5\n|\n|t:|1788268752\n|move|p1a: Garchomp|Protect|p1a: Garchomp\n|-singleturn|p1a: Garchomp|Protect\n|move|p1b: Kingambit|Sucker Punch|p2a: Garchomp\n|-damage|p2a: Garchomp|13/100\n|-damage|p1b: Kingambit|60/100|[from] ability: Rough Skin|[of] p2a: Garchomp\n|move|p2a: Garchomp|Dragon Claw|p1a: Garchomp\n|-activate|p1a: Garchomp|move: Protect\n|move|p2b: Toxapex|Infestation|p1b: Kingambit\n|-damage|p1b: Kingambit|57/100\n|-activate|p1b: Kingambit|move: Infestation|[of] p2b: Toxapex\n|\n|-weather|SunnyDay|[upkeep]\n|-heal|p2b: Toxapex|73/100|[from] item: Leftovers\n|-damage|p1b: Kingambit|45/100|[from] move: Infestation|[partiallytrapped]\n|upkeep\n|turn|6\n|\n|t:|1788268761\n|switch|p2a: Sylveon|Sylveon, L50, F|100/100\n|move|p1b: Kingambit|Sucker Punch||[still]\n|-fail|p1b: Kingambit\n|move|p1a: Garchomp|Stomping Tantrum|p2b: Toxapex\n|-supereffective|p2b: Toxapex|1\n|-damage|p2b: Toxapex|12/100\n|-damage|p1a: Garchomp|44/100|[from] item: Life Orb\n|move|p2b: Toxapex|Infestation|p1a: Garchomp\n|-damage|p1a: Garchomp|41/100\n|-activate|p1a: Garchomp|move: Infestation|[of] p2b: Toxapex\n|-damage|p2b: Toxapex|1/100|[from] ability: Rough Skin|[of] p1a: Garchomp\n|\n|-weather|SunnyDay|[upkeep]\n|-heal|p2b: Toxapex|6/100|[from] item: Leftovers\n|-damage|p1a: Garchomp|28/100|[from] move: Infestation|[partiallytrapped]\n|-damage|p1b: Kingambit|33/100|[from] move: Infestation|[partiallytrapped]\n|upkeep\n|turn|7\n|\n|t:|1788268782\n|-heal|p2b: Toxapex|39/100|[from] ability: Regenerator|[silent]\n|switch|p2b: Garchomp|Garchomp, L50, M|13/100\n|move|p2a: Sylveon|Detect|p2a: Sylveon\n|-singleturn|p2a: Sylveon|Protect\n|move|p1a: Garchomp|Stomping Tantrum|p2b: Garchomp\n|-damage|p2b: Garchomp|0 fnt\n|-damage|p1a: Garchomp|16/100|[from] ability: Rough Skin|[of] p2b: Garchomp\n|faint|p2b: Garchomp\n|-damage|p1a: Garchomp|6/100|[from] item: Life Orb\n|move|p1b: Kingambit|Iron Head|p2a: Sylveon\n|-activate|p2a: Sylveon|move: Protect\n|\n|-weather|SunnyDay|[upkeep]\n|-end|p1a: Garchomp|Infestation|[partiallytrapped]|[silent]\n|-end|p1b: Kingambit|Infestation|[partiallytrapped]|[silent]\n|upkeep\n|\n|t:|1788268797\n|switch|p2b: Toxapex|Toxapex, L50, F|39/100\n|turn|8\n|\n|t:|1788268813\n|move|p1a: Garchomp|Stomping Tantrum|p2a: Sylveon\n|-damage|p2a: Sylveon|50/100g\n|-damage|p1a: Garchomp|0 fnt|[from] item: Life Orb\n|faint|p1a: Garchomp\n|move|p2a: Sylveon|Hyper Voice|p1b: Kingambit\n|-damage|p1b: Kingambit|0 fnt\n|faint|p1b: Kingambit\n|move|p2b: Toxapex|Infestation|p1: Garchomp|[notarget]\n|-fail|p2b: Toxapex\n|\n|-weather|none\n|-heal|p2b: Toxapex|45/100|[from] item: Leftovers\n|upkeep\n|\n|t:|1788268819\n|switch|p1a: Charizard|Charizard, L50, F|100/100\n|switch|p1b: Sylveon|Sylveon, L50, M|100/100\n|turn|9\n|\n|t:|1788268836\n|detailschange|p1a: Charizard|Charizard-Mega-Y, L50, F\n|-mega|p1a: Charizard|Charizard|Charizardite Y\n|-weather|SunnyDay|[from] ability: Drought|[of] p1a: Charizard\n|move|p1a: Charizard|Solar Beam||[still]\n|-prepare|p1a: Charizard|Solar Beam\n|-anim|p1a: Charizard|Solar Beam|p2b: Toxapex\n|-damage|p2b: Toxapex|7/100\n|move|p1b: Sylveon|Hyper Beam|p2a: Sylveon\n|-damage|p2a: Sylveon|0 fnt\n|-mustrecharge|p1b: Sylveon\n|faint|p2a: Sylveon\n|move|p2b: Toxapex|Toxic|p1a: Charizard\n|-status|p1a: Charizard|tox\n|\n|-weather|SunnyDay|[upkeep]\n|-heal|p2b: Toxapex|13/100|[from] item: Leftovers\n|-damage|p1a: Charizard|94/100 tox|[from] psn\n|upkeep\n|turn|10\n|\n|t:|1788268854\n|move|p2b: Toxapex|Baneful Bunker|p2b: Toxapex\n|-singleturn|p2b: Toxapex|move: Protect\n|move|p1a: Charizard|Solar Beam||[still]\n|-prepare|p1a: Charizard|Solar Beam\n|-anim|p1a: Charizard|Solar Beam|p2b: Toxapex\n|-activate|p2b: Toxapex|move: Protect\n|cant|p1b: Sylveon|recharge\n|\n|-weather|SunnyDay|[upkeep]\n|-heal|p2b: Toxapex|19/100|[from] item: Leftovers\n|-damage|p1a: Charizard|82/100 tox|[from] psn\n|upkeep\n|turn|11\n|\n|t:|1788268860\n|move|p2b: Toxapex|Baneful Bunker|p2b: Toxapex\n|-singleturn|p2b: Toxapex|move: Protect\n|move|p1a: Charizard|Solar Beam||[still]\n|-prepare|p1a: Charizard|Solar Beam\n|-anim|p1a: Charizard|Solar Beam|p2b: Toxapex\n|-activate|p2b: Toxapex|move: Protect\n|move|p1b: Sylveon|Hyper Beam|p2b: Toxapex\n|-activate|p2b: Toxapex|move: Protect\n|\n|-weather|SunnyDay|[upkeep]\n|-heal|p2b: Toxapex|24/100|[from] item: Leftovers\n|-damage|p1a: Charizard|65/100 tox|[from] psn\n|upkeep\n|turn|12\n|\n|t:|1788268872\n|move|p2b: Toxapex|Baneful Bunker||[still]\n|-fail|p2b: Toxapex\n|move|p1a: Charizard|Solar Beam||[still]\n|-prepare|p1a: Charizard|Solar Beam\n|-anim|p1a: Charizard|Solar Beam|p2b: Toxapex\n|-damage|p2b: Toxapex|0 fnt\n|faint|p2b: Toxapex\n|\n|win|spodermees\n","uploadtime":1788268593,"views":"3","formatid":"gen9championsvgc2026regmbbo3","rating":null,"private":0,"password":null}