{"id":"gen9championsvgc2026regmbbo3-2673848041","format":"[Gen 9 Champions] VGC 2026 Reg M-B (Bo3)","players":["raksbach","benenelius"],"log":"|j|☆raksbach\n|j|☆benenelius\n|html|<table width=\"100%\"><tr><td align=\"left\">raksbach</td><td align=\"right\">benenelius</tr><tr><td align=\"left\"><i class=\"fa fa-circle-o\"></i> <i class=\"fa fa-circle-o\"></i> </td><td align=\"right\"><i class=\"fa fa-circle-o\"></i> <i class=\"fa fa-circle-o\"></i> </tr></table>\n|uhtml|bestof|<h2><strong>Game 1</strong> of <a href=\"/game-bestof3-gen9championsvgc2026regmbbo3-2673848040\">a best-of-3</a></h2>\n|t:|1788267976\n|gametype|doubles\n|player|p1|raksbach|doubleteam|1107\n|player|p2|benenelius|dancer|1162\n|gen|9\n|tier|[Gen 9 Champions] VGC 2026 Reg M-B (Bo3)\n|rated|\n|rule|Species Clause: Limit one of each Pokémon\n|rule|Item Clause: Limit 1 of each item\n|clearpoke\n|poke|p1|Dragonite, L50, F|\n|poke|p1|Sneasler, L50, M|\n|poke|p1|Basculegion, L50, M|\n|poke|p1|Kingambit, L50, M|\n|poke|p1|Garchomp, L50, F|\n|poke|p1|Floette-Eternal, L50, F|\n|poke|p2|Delphox, L50, M, shiny|\n|poke|p2|Whimsicott, L50, M|\n|poke|p2|Morpeko, L50, F|\n|poke|p2|Annihilape, L50, F|\n|poke|p2|Garchomp, L50, F|\n|poke|p2|Glimmora, L50, F|\n|teampreview|4\n|showteam|p1|Dragonite||Dragoninite|Multiscale|DragonPulse,HeatWave,ExtremeSpeed,Protect|Modest||F|||50|]Sneasler||FocusSash|PoisonTouch|CloseCombat,DireClaw,FakeOut,Feint|Jolly||M|||50|]Basculegion||LifeOrb|Adaptability|WaveCrash,LastRespects,AquaJet,Protect|Adamant||M|||50|]Kingambit||ChopleBerry|Defiant|SuckerPunch,KowtowCleave,LowKick,IronHead|Adamant||M|||50|]Garchomp||ChoiceScarf|RoughSkin|DragonClaw,StompingTantrum,Earthquake,RockSlide|Adamant||F|||50|]Floette-Eternal||Floettite|FlowerVeil|Moonblast,DazzlingGleam,LightofRuin,Protect|Timid||F|||50|\n|showteam|p2|Delphox||Delphoxite|Blaze|ShadowBall,HeatWave,Psychic,Protect|Timid||M|||50|]Whimsicott||FocusSash|Prankster|Tailwind,HelpingHand,Taunt,Uturn|Timid||M|||50|]Morpeko||LifeOrb|HungerSwitch|AuraWheel,PartingShot,FakeOut,Protect|Jolly||F|||50|]Annihilape||Leftovers|Defiant|RageFist,BulkUp,DrainPunch,Protect|Careful||F|||50|]Garchomp||DragonFang|RoughSkin|DragonClaw,Earthquake,RockSlide,DragonTail|Jolly||F|||50|]Glimmora||ChoiceScarf|Corrosion|PowerGem,EarthPower,SludgeWave,EnergyBall|Modest||F|||50|\n|inactive|Battle timer is ON: inactive players will automatically lose when time's up. (requested by raksbach)\n|inactive|benenelius has 60 seconds left.\n|inactive|raksbach has 60 seconds left.\n|\n|t:|1788268022\n|teamsize|p1|4\n|teamsize|p2|4\n|start\n|switch|p1a: Garchomp|Garchomp, L50, F|100/100\n|switch|p1b: Sneasler|Sneasler, L50, M|100/100\n|switch|p2a: Whimsicott|Whimsicott, L50, M|100/100\n|switch|p2b: Garchomp|Garchomp, L50, F|100/100\n|turn|1\n|\n|t:|1788268041\n|move|p1b: Sneasler|Fake Out|p2a: Whimsicott\n|-damage|p2a: Whimsicott|82/100\n|cant|p2a: Whimsicott|flinch\n|move|p1a: Garchomp|Dragon Claw|p2b: Garchomp\n|-supereffective|p2b: Garchomp|1\n|-damage|p2b: Garchomp|17/100\n|-damage|p1a: Garchomp|87/100|[from] ability: Rough Skin|[of] p2b: Garchomp\n|move|p2b: Garchomp|Dragon Claw|p1a: Garchomp\n|-supereffective|p1a: Garchomp|1\n|-damage|p1a: Garchomp|5/100\n|-damage|p2b: Garchomp|5/100|[from] ability: Rough Skin|[of] p1a: Garchomp\n|\n|upkeep\n|turn|2\n|\n|t:|1788268060\n|switch|p1a: Basculegion|Basculegion, L50, M|100/100\n|move|p2a: Whimsicott|Tailwind|p2a: Whimsicott\n|-sidestart|p2: benenelius|move: Tailwind\n|move|p2b: Garchomp|Earthquake|p1a: Basculegion|[spread] p2a,p1a,p1b\n|-resisted|p2a: Whimsicott|1\n|-supereffective|p1b: Sneasler|1\n|-damage|p2a: Whimsicott|61/100\n|-damage|p1a: Basculegion|49/100\n|-enditem|p1b: Sneasler|Focus Sash\n|-damage|p1b: Sneasler|1/100\n|move|p1b: Sneasler|Dire Claw|p2a: Whimsicott\n|-supereffective|p2a: Whimsicott|2\n|-damage|p2a: Whimsicott|0 fnt\n|faint|p2a: Whimsicott\n|\n|upkeep\n|\n|t:|1788268079\n|switch|p2a: Glimmora|Glimmora, L50, F|100/100\n|turn|3\n|inactive|benenelius has 30 seconds left.\n|\n|t:|1788268117\n|move|p1a: Basculegion|Aqua Jet|p2b: Garchomp\n|-damage|p2b: Garchomp|0 fnt\n|-damage|p1a: Basculegion|37/100|[from] ability: Rough Skin|[of] p2b: Garchomp\n|faint|p2b: Garchomp\n|-damage|p1a: Basculegion|28/100|[from] item: Life Orb\n|move|p2a: Glimmora|Earth Power|p1b: Sneasler\n|-supereffective|p1b: Sneasler|1\n|-damage|p1b: Sneasler|0 fnt\n|faint|p1b: Sneasler\n|\n|upkeep\n|\n|t:|1788268129\n|switch|p1b: Dragonite|Dragonite, L50, F|100/100\n|switch|p2b: Harry Potter|Delphox, L50, M, shiny|100/100\n|turn|4\n|\n|t:|1788268141\n|detailschange|p2b: Harry Potter|Delphox-Mega, L50, M, shiny\n|-mega|p2b: Harry Potter|Delphox|Delphoxite\n|detailschange|p1b: Dragonite|Dragonite-Mega, L50, F\n|-mega|p1b: Dragonite|Dragonite|Dragoninite\n|move|p1b: Dragonite|Protect|p1b: Dragonite\n|-singleturn|p1b: Dragonite|Protect\n|move|p1a: Basculegion|Aqua Jet|p2a: Glimmora\n|-supereffective|p2a: Glimmora|1\n|-damage|p2a: Glimmora|15/100\n|-damage|p1a: Basculegion|18/100|[from] item: Life Orb\n|move|p2a: Glimmora|Earth Power|p1a: Basculegion\n|-damage|p1a: Basculegion|0 fnt\n|faint|p1a: Basculegion\n|move|p2b: Harry Potter|Psychic|p1b: Dragonite\n|-activate|p1b: Dragonite|move: Protect\n|\n|upkeep\n|\n|t:|1788268155\n|switch|p1a: Garchomp|Garchomp, L50, F|5/100\n|turn|5\n|\n|t:|1788268165\n|move|p1b: Dragonite|Extreme Speed|p2a: Glimmora\n|-resisted|p2a: Glimmora|1\n|-damage|p2a: Glimmora|3/100\n|move|p2a: Glimmora|Earth Power|p1a: Garchomp\n|-damage|p1a: Garchomp|0 fnt\n|faint|p1a: Garchomp\n|move|p2b: Harry Potter|Psychic|p1b: Dragonite\n|-damage|p1b: Dragonite|77/100\n|\n|-sideend|p2: benenelius|move: Tailwind\n|upkeep\n|turn|6\n|\n|t:|1788268189\n|move|p2a: Glimmora|Earth Power|p1b: Dragonite\n|-immune|p1b: Dragonite\n|move|p2b: Harry Potter|Psychic|p1b: Dragonite\n|-damage|p1b: Dragonite|30/100\n|move|p1b: Dragonite|Heat Wave|p2b: Harry Potter|[spread] p2a,p2b\n|-resisted|p2a: Glimmora|1\n|-resisted|p2b: Harry Potter|1\n|-damage|p2a: Glimmora|0 fnt\n|-damage|p2b: Harry Potter|85/100\n|faint|p2a: Glimmora\n|\n|upkeep\n|turn|7\n|\n|t:|1788268204\n|move|p2b: Harry Potter|Psychic|p1b: Dragonite\n|-damage|p1b: Dragonite|0 fnt\n|faint|p1b: Dragonite\n|\n|win|benenelius\n||raksbach is ready for game 2.\n||benenelius is ready for game 2.\n|uhtml|next|Next: <a href=\"/battle-gen9championsvgc2026regmbbo3-2673849628\"><strong>Game 2 of 3</strong></a>\n","uploadtime":1788268205,"views":"0","formatid":"gen9championsvgc2026regmbbo3","rating":null,"private":0,"password":null}