{"id":"gen9championsvgc2026regmb-2674624518","format":"[Gen 9 Champions] VGC 2026 Reg M-B","players":["Sammias","fl4violinoVGC"],"log":"|j|☆Sammias\n|j|☆fl4violinoVGC\n|t:|1788381725\n|gametype|doubles\n|player|p1|Sammias|miku-ground|1695\n|player|p2|fl4violinoVGC|2|1768\n|gen|9\n|tier|[Gen 9 Champions] VGC 2026 Reg M-B\n|rated|\n|rule|Species Clause: Limit one of each Pokémon\n|rule|Item Clause: Limit 1 of each item\n|clearpoke\n|poke|p1|Floette-Eternal, L50, F|\n|poke|p1|Kingambit, L50, M|\n|poke|p1|Sneasler, L50, F|\n|poke|p1|Whimsicott, L50, F, shiny|\n|poke|p1|Basculegion, L50, M|\n|poke|p1|Kommo-o, L50, F|\n|poke|p2|Chandelure, L50, M|\n|poke|p2|Kangaskhan, L50, F|\n|poke|p2|Kingambit, L50, M|\n|poke|p2|Kommo-o, L50, M|\n|poke|p2|Gallade, L50, M|\n|poke|p2|Basculegion, L50, M|\n|teampreview|4\n|inactive|Battle timer is ON: inactive players will automatically lose when time's up. (requested by Sammias)\n|j| Zahnpaster\n|inactive|Sammias has 60 seconds left.\n|inactive|Sammias has 30 seconds left.\n|\n|t:|1788381789\n|teamsize|p1|4\n|teamsize|p2|4\n|start\n|switch|p1a: Sneasler|Sneasler, L50, F|100/100\n|switch|p1b: Whimsicott|Whimsicott, L50, F, shiny|100/100\n|switch|p2a: Chandelure|Chandelure, L50, M|100/100\n|switch|p2b: Kangaskhan|Kangaskhan, L50, F|100/100\n|turn|1\n|inactive|fl4violinoVGC has 30 seconds left.\n|inactive|fl4violinoVGC has 20 seconds left.\n|\n|t:|1788381827\n|detailschange|p2b: Kangaskhan|Kangaskhan-Mega, L50, F\n|-mega|p2b: Kangaskhan|Kangaskhan|Kangaskhanite\n|move|p2b: Kangaskhan|Fake Out|p1a: Sneasler\n|-damage|p1a: Sneasler|61/100\n|-damage|p1a: Sneasler|52/100\n|-hitcount|p1a: Sneasler|2\n|move|p1b: Whimsicott|Encore|p2b: Kangaskhan\n|-start|p2b: Kangaskhan|Encore\n|cant|p1a: Sneasler|flinch\n|move|p2a: Chandelure|Heat Wave|p1a: Sneasler|[spread] p1a,p1b\n|-supereffective|p1b: Whimsicott|1\n|-damage|p1a: Sneasler|0 fnt\n|-enditem|p1b: Whimsicott|Focus Sash\n|-damage|p1b: Whimsicott|1/100\n|faint|p1a: Sneasler\n|\n|upkeep\n|\n|t:|1788381836\n|switch|p1a: Basculegion|Basculegion, L50, M|100/100\n|turn|2\n|inactive|fl4violinoVGC has 30 seconds left.\n|inactive|Sammias has 30 seconds left.\n|inactive|fl4violinoVGC has 20 seconds left.\n|\n|t:|1788381875\n|switch|p2b: Basculegion|Basculegion, L50, M|100/100\n|move|p2a: Chandelure|Protect|p2a: Chandelure\n|-singleturn|p2a: Chandelure|Protect\n|move|p1a: Basculegion|Last Respects|p2a: Chandelure\n|-activate|p2a: Chandelure|move: Protect\n|move|p1b: Whimsicott|Moonblast|p2a: Chandelure\n|-activate|p2a: Chandelure|move: Protect\n|\n|upkeep\n|turn|3\n|inactive|fl4violinoVGC has 30 seconds left.\n|\n|t:|1788381901\n|switch|p2a: Kingambit|Kingambit, L50, M|100/100\n|switch|p2b: Kangaskhan|Kangaskhan-Mega, L50, F|100/100\n|move|p1b: Whimsicott|Protect|p1b: Whimsicott\n|-singleturn|p1b: Whimsicott|Protect\n|move|p1a: Basculegion|Last Respects|p2b: Kangaskhan\n|-immune|p2b: Kangaskhan\n|\n|upkeep\n|turn|4\n|inactive|Sammias has 30 seconds left.\n|\n|t:|1788381927\n|switch|p1a: Floette|Floette-Eternal, L50, F|100/100\n|move|p2b: Kangaskhan|Fake Out|p1b: Whimsicott\n|-damage|p1b: Whimsicott|0 fnt\n|faint|p1b: Whimsicott\n|move|p2a: Kingambit|Kowtow Cleave|p1a: Floette\n|-resisted|p1a: Floette|1\n|-damage|p1a: Floette|67/100\n|\n|upkeep\n|\n|t:|1788381929\n|switch|p1b: Basculegion|Basculegion, L50, M|100/100\n|turn|5\n|\n|t:|1788381950\n|detailschange|p1a: Floette|Floette-Mega, L50, F\n|-mega|p1a: Floette|Floette|Floettite\n|-ability|p1a: Floette|Fairy Aura\n|move|p2a: Kingambit|Sucker Punch|p1b: Basculegion\n|-supereffective|p1b: Basculegion|1\n|-damage|p1b: Basculegion|0 fnt\n|faint|p1b: Basculegion\n|move|p1a: Floette|Light of Ruin|p2a: Kingambit\n|-damage|p2a: Kingambit|0 fnt\n|faint|p2a: Kingambit\n|-damage|p1a: Floette|4/100|[from] Recoil\n|move|p2b: Kangaskhan|Double-Edge|p1a: Floette\n|-damage|p1a: Floette|0 fnt\n|faint|p1a: Floette\n|-damage|p2b: Kangaskhan|99/100|[from] Recoil\n|\n|win|fl4violinoVGC\n|raw|Sammias's rating: 1695 &rarr; <strong>1679</strong><br />(-16 for losing)\n|raw|fl4violinoVGC's rating: 1768 &rarr; <strong>1784</strong><br />(+16 for winning)\n","uploadtime":1788381961,"views":"1","formatid":"gen9championsvgc2026regmb","rating":1679,"private":0,"password":null}