{"id":"gen9championsvgc2026regmb-2674139499","format":"[Gen 9 Champions] VGC 2026 Reg M-B","players":["HondourPoker","yungdundas"],"log":"|j|☆HondourPoker\n|j|☆yungdundas\n|t:|1788304977\n|gametype|doubles\n|player|p1|HondourPoker|170|\n|player|p2|yungdundas|265|\n|gen|9\n|tier|[Gen 9 Champions] VGC 2026 Reg M-B\n|rule|Species Clause: Limit one of each Pokémon\n|rule|Item Clause: Limit 1 of each item\n|clearpoke\n|poke|p1|Sableye, L50, F|\n|poke|p1|Gengar, L50, F|\n|poke|p1|Dragapult, L50, F|\n|poke|p1|Tinkaton, L50, F|\n|poke|p1|Incineroar, L50, M|\n|poke|p1|Primarina, L50, F|\n|poke|p2|Staraptor, L50, M|\n|poke|p2|Golurk, L50|\n|poke|p2|Palafin, L50, F|\n|poke|p2|Whimsicott, L50, M|\n|poke|p2|Heliolisk, L50, M|\n|poke|p2|Incineroar, L50, M|\n|teampreview|4\n|\n|t:|1788304986\n|teamsize|p1|4\n|teamsize|p2|4\n|start\n|switch|p1a: Gengar|Gengar, L50, F|100/100\n|switch|p1b: Incineroar|Incineroar, L50, M|100/100\n|switch|p2a: Palafin|Palafin, L50, F|100/100\n|switch|p2b: Incineroar|Incineroar, L50, M|100/100\n|-ability|p2b: Incineroar|Intimidate|boost\n|-unboost|p1a: Gengar|atk|1\n|-unboost|p1b: Incineroar|atk|1\n|-ability|p1b: Incineroar|Intimidate|boost\n|-unboost|p2a: Palafin|atk|1\n|-unboost|p2b: Incineroar|atk|1\n|turn|1\n|\n|t:|1788305035\n|switch|p1a: Primarina|Primarina, L50, F|100/100\n|move|p2a: Palafin|Flip Turn|p1b: Incineroar\n|-supereffective|p1b: Incineroar|1\n|-damage|p1b: Incineroar|75/100\n|\n|t:|1788305045\n|detailschange|p2a: Palafin|Palafin-Hero, L50, F\n|switch|p2a: Staraptor|Staraptor, L50, M|100/100|[from] Flip Turn\n|-ability|p2a: Staraptor|Intimidate|boost\n|-unboost|p1a: Primarina|atk|1\n|-unboost|p1b: Incineroar|atk|1\n|move|p2b: Incineroar|Throat Chop|p1a: Primarina\n|-resisted|p1a: Primarina|1\n|-damage|p1a: Primarina|88/100\n|-start|p1a: Primarina|Throat Chop|[silent]\n|move|p1b: Incineroar|Parting Shot|p2a: Staraptor\n|-unboost|p2a: Staraptor|atk|1\n|-unboost|p2a: Staraptor|spa|1\n|\n|t:|1788305066\n|switch|p1b: Dragapult|Dragapult, L50, F|100/100|[from] Parting Shot\n|\n|-heal|p1a: Primarina|94/100|[from] item: Leftovers\n|upkeep\n|turn|2\n|\n|t:|1788305095\n|detailschange|p2a: Staraptor|Staraptor-Mega, L50, M\n|-mega|p2a: Staraptor|Staraptor|Staraptite\n|move|p1b: Dragapult|Dragon Darts|p2a: Staraptor\n|-damage|p2a: Staraptor|73/100\n|-anim|p1b: Dragapult|Dragon Darts|p2b: Incineroar\n|-damage|p2b: Incineroar|74/100\n|move|p2a: Staraptor|Close Combat|p1a: Primarina\n|-resisted|p1a: Primarina|1\n|-damage|p1a: Primarina|70/100\n|-boost|p2a: Staraptor|def|1\n|-boost|p2a: Staraptor|spd|1\n|move|p2b: Incineroar|Parting Shot|p2a: Staraptor\n|-boost|p2a: Staraptor|atk|1\n|-boost|p2a: Staraptor|spa|1\n|\n|t:|1788305113\n|switch|p2b: Palafin|Palafin-Hero, L50, F|100/100|[from] Parting Shot\n|-activate|p2b: Palafin|ability: Zero to Hero\n|move|p1a: Primarina|Moonblast|p2a: Staraptor\n|-supereffective|p2a: Staraptor|1\n|-damage|p2a: Staraptor|16/100\n|\n|-heal|p1a: Primarina|76/100|[from] item: Leftovers\n|-end|p1a: Primarina|Throat Chop|[silent]\n|upkeep\n|turn|3\n|\n|t:|1788305138\n|move|p1b: Dragapult|Phantom Force||[still]\n|-prepare|p1b: Dragapult|Phantom Force\n|move|p2b: Palafin|Flip Turn|p1b: Dragapult|[miss]\n|-miss|p2b: Palafin|p1b: Dragapult\n|move|p2a: Staraptor|Roost|p2a: Staraptor\n|-heal|p2a: Staraptor|67/100\n|-singleturn|p2a: Staraptor|move: Roost\n|move|p1a: Primarina|Moonblast|p2a: Staraptor\n|-supereffective|p2a: Staraptor|1\n|-damage|p2a: Staraptor|7/100\n|\n|-heal|p1a: Primarina|82/100|[from] item: Leftovers\n|upkeep\n|turn|4\n|\n|t:|1788305156\n|move|p2b: Palafin|Protect|p2b: Palafin\n|-singleturn|p2b: Palafin|Protect\n|move|p2a: Staraptor|Protect|p2a: Staraptor\n|-singleturn|p2a: Staraptor|Protect\n|move|p1b: Dragapult|Phantom Force|p2b: Palafin|[from] lockedmove\n|-activate|p2b: Palafin|move: Phantom Force|[broken]\n|-crit|p2b: Palafin\n|-damage|p2b: Palafin|24/100\n|move|p1a: Primarina|Moonblast|p2a: Staraptor\n|-activate|p2a: Staraptor|move: Protect\n|\n|-heal|p1a: Primarina|88/100|[from] item: Leftovers\n|upkeep\n|turn|5\n|\n|t:|1788305178\n|move|p1b: Dragapult|Dragon Darts|p2b: Palafin\n|-damage|p2b: Palafin|0 fnt\n|-anim|p1b: Dragapult|Dragon Darts|p2a: Staraptor\n|-damage|p2a: Staraptor|0 fnt\n|faint|p2b: Palafin\n|faint|p2a: Staraptor\n|move|p1a: Primarina|Moonblast|p2: Staraptor|[notarget]\n|-fail|p1a: Primarina\n|\n|-heal|p1a: Primarina|94/100|[from] item: Leftovers\n|upkeep\n|\n|t:|1788305190\n|switch|p2b: Incineroar|Incineroar, L50, M|74/100\n|switch|p2a: Whimsicott|Whimsicott, L50, M|100/100\n|-ability|p2b: Incineroar|Intimidate|boost\n|-unboost|p1a: Primarina|atk|1\n|-fail|p1b: Dragapult|unboost|[from] ability: Clear Body|[of] p1b: Dragapult\n|turn|6\n|\n|t:|1788305213\n|move|p2b: Incineroar|Fake Out|p1a: Primarina\n|-damage|p1a: Primarina|80/100\n|move|p1b: Dragapult|Phantom Force||[still]\n|-prepare|p1b: Dragapult|Phantom Force\n|move|p2a: Whimsicott|Moonblast|p1b: Dragapult|[miss]\n|-miss|p2a: Whimsicott|p1b: Dragapult\n|cant|p1a: Primarina|flinch\n|\n|-heal|p1a: Primarina|86/100|[from] item: Leftovers\n|upkeep\n|turn|7\n|\n|t:|1788305236\n|move|p2a: Whimsicott|Encore|p1b: Dragapult|[miss]\n|-miss|p2a: Whimsicott|p1b: Dragapult\n|move|p1b: Dragapult|Phantom Force|p2a: Whimsicott|[from] lockedmove\n|-damage|p2a: Whimsicott|54/100\n|move|p2b: Incineroar|Throat Chop|p1a: Primarina\n|-resisted|p1a: Primarina|1\n|-damage|p1a: Primarina|65/100\n|-start|p1a: Primarina|Throat Chop|[silent]\n|cant|p1a: Primarina|move: Throat Chop\n|\n|-heal|p1a: Primarina|71/100|[from] item: Leftovers\n|upkeep\n|turn|8\n|\n|t:|1788305258\n|move|p1b: Dragapult|Phantom Force||[still]\n|-prepare|p1b: Dragapult|Phantom Force\n|move|p2a: Whimsicott|Moonblast|p1b: Dragapult|[miss]\n|-miss|p2a: Whimsicott|p1b: Dragapult\n|move|p2b: Incineroar|Flare Blitz|p1b: Dragapult|[miss]\n|-miss|p2b: Incineroar|p1b: Dragapult\n|move|p1a: Primarina|Moonblast|p2b: Incineroar\n|-crit|p2b: Incineroar\n|-damage|p2b: Incineroar|8/100\n|-enditem|p2b: Incineroar|Sitrus Berry|[eat]\n|-heal|p2b: Incineroar|33/100|[from] item: Sitrus Berry\n|\n|-heal|p1a: Primarina|77/100|[from] item: Leftovers\n|-end|p1a: Primarina|Throat Chop|[silent]\n|upkeep\n|turn|9\n|\n|t:|1788305280\n|move|p1b: Dragapult|Phantom Force|p2a: Whimsicott|[from] lockedmove\n|-damage|p2a: Whimsicott|12/100\n|move|p2a: Whimsicott|Moonblast|p1a: Primarina\n|-damage|p1a: Primarina|56/100\n|move|p2b: Incineroar|Parting Shot|p1a: Primarina\n|-unboost|p1a: Primarina|atk|1\n|-unboost|p1a: Primarina|spa|1\n|move|p1a: Primarina|Hyper Voice|p2b: Incineroar|[spread] p2a,p2b\n|-resisted|p2a: Whimsicott|1\n|-supereffective|p2b: Incineroar|1\n|-damage|p2a: Whimsicott|0 fnt\n|-damage|p2b: Incineroar|0 fnt\n|faint|p2a: Whimsicott\n|faint|p2b: Incineroar\n|\n|win|HondourPoker\n|l|☆yungdundas\n|player|p2|\n","uploadtime":1788305557,"views":"0","formatid":"gen9championsvgc2026regmb","rating":null,"private":0,"password":null}