{"id":"gen9championsvgc2026regmb-2673975778","format":"[Gen 9 Champions] VGC 2026 Reg M-B","players":["ShrimpGun","osssi03"],"log":"|j|☆ShrimpGun\n|j|☆osssi03\n|t:|1788283853\n|gametype|doubles\n|player|p1|ShrimpGun|fisherman-gen4|1262\n|player|p2|osssi03|170|1214\n|gen|9\n|tier|[Gen 9 Champions] VGC 2026 Reg M-B\n|rated|\n|rule|Species Clause: Limit one of each Pokémon\n|rule|Item Clause: Limit 1 of each item\n|clearpoke\n|poke|p1|Staraptor, L50, F|\n|poke|p1|Farigiraf, L50, F, shiny|\n|poke|p1|Clawitzer, L50, M|\n|poke|p1|Arcanine-Hisui, L50, M|\n|poke|p1|Sylveon, L50, F|\n|poke|p1|Kingambit, L50, F|\n|poke|p2|Garchomp, L50, F|\n|poke|p2|Venusaur, L50, M|\n|poke|p2|Incineroar, L50, F|\n|poke|p2|Charizard, L50, F|\n|poke|p2|Toxapex, L50, F|\n|poke|p2|Annihilape, L50, F|\n|teampreview|4\n|\n|t:|1788283887\n|teamsize|p1|4\n|teamsize|p2|4\n|start\n|switch|p1a: Staraptor|Staraptor, L50, F|100/100\n|switch|p1b: Old Yeller|Sylveon, L50, F|100/100\n|switch|p2a: Charizard|Charizard, L50, F|100/100\n|switch|p2b: Venusaur|Venusaur, L50, M|100/100\n|-ability|p1a: Staraptor|Intimidate|boost\n|-unboost|p2a: Charizard|atk|1\n|-unboost|p2b: Venusaur|atk|1\n|turn|1\n|\n|t:|1788283907\n|detailschange|p1a: Staraptor|Staraptor-Mega, L50, F\n|-mega|p1a: Staraptor|Staraptor|Staraptite\n|detailschange|p2a: Charizard|Charizard-Mega-Y, L50, F\n|-mega|p2a: Charizard|Charizard|Charizardite Y\n|-weather|SunnyDay|[from] ability: Drought|[of] p2a: Charizard\n|move|p2b: Venusaur|Sludge Bomb|p1a: Staraptor\n|-damage|p1a: Staraptor|42/100\n|-damage|p2b: Venusaur|90/100|[from] item: Life Orb\n|move|p1a: Staraptor|Tailwind|p1a: Staraptor\n|-sidestart|p1: ShrimpGun|move: Tailwind\n|move|p1b: Old Yeller|Yawn|p2b: Venusaur\n|-start|p2b: Venusaur|move: Yawn|[of] p1b: Old Yeller\n|move|p2a: Charizard|Heat Wave|p1b: Old Yeller|[spread] p1a,p1b\n|-damage|p1a: Staraptor|0 fnt\n|-damage|p1b: Old Yeller|51/100\n|faint|p1a: Staraptor\n|\n|-weather|SunnyDay|[upkeep]\n|upkeep\n|inactive|Battle timer is ON: inactive players will automatically lose when time's up. (requested by osssi03)\n|inactive|ShrimpGun has 60 seconds left.\n|\n|t:|1788284002\n|switch|p1a: Arcanine|Arcanine-Hisui, L50, M|100/100\n|turn|2\n|\n|t:|1788284020\n|switch|p2b: Incineroar|Incineroar, L50, F|100/100\n|-ability|p2b: Incineroar|Intimidate|boost\n|-unboost|p1a: Arcanine|atk|1\n|-unboost|p1b: Old Yeller|atk|1\n|move|p1a: Arcanine|Protect|p1a: Arcanine\n|-singleturn|p1a: Arcanine|Protect\n|move|p1b: Old Yeller|Detect|p1b: Old Yeller\n|-singleturn|p1b: Old Yeller|Protect\n|move|p2a: Charizard|Protect||[still]\n|-fail|p2a: Charizard\n|\n|-weather|SunnyDay|[upkeep]\n|upkeep\n|turn|3\n|\n|t:|1788284044\n|switch|p1b: Farigiraf|Farigiraf, L50, F, shiny|100/100\n|move|p2b: Incineroar|Fake Out||[still]\n|cant|p1b: Farigiraf|ability: Armor Tail|Fake Out|[of] p2b: Incineroar\n|move|p1a: Arcanine|Head Smash|p2a: Charizard\n|-supereffective|p2a: Charizard|2\n|-damage|p2a: Charizard|0 fnt\n|faint|p2a: Charizard\n|\n|-weather|SunnyDay|[upkeep]\n|upkeep\n|\n|t:|1788284056\n|switch|p2a: Venusaur|Venusaur, L50, M|90/100\n|turn|4\n|inactive|ShrimpGun has 30 seconds left.\n|\n|t:|1788284083\n|move|p2a: Venusaur|Protect|p2a: Venusaur\n|-singleturn|p2a: Venusaur|Protect\n|move|p1a: Arcanine|Flare Blitz|p2a: Venusaur\n|-activate|p2a: Venusaur|move: Protect\n|move|p2b: Incineroar|Throat Chop|p1b: Farigiraf\n|-supereffective|p1b: Farigiraf|1\n|-damage|p1b: Farigiraf|41/100\n|-start|p1b: Farigiraf|Throat Chop|[silent]\n|-enditem|p1b: Farigiraf|Sitrus Berry|[eat]\n|-heal|p1b: Farigiraf|66/100|[from] item: Sitrus Berry\n|move|p1b: Farigiraf|Trick Room|p1b: Farigiraf\n|-fieldstart|move: Trick Room|[of] p1b: Farigiraf\n|\n|-weather|SunnyDay|[upkeep]\n|-sideend|p1: ShrimpGun|move: Tailwind\n|upkeep\n|turn|5\n|inactive|osssi03 has 30 seconds left.\n|inactive|osssi03 has 20 seconds left.\n|\n|t:|1788284120\n|switch|p2a: Annihilape|Annihilape, L50, F|100/100\n|move|p2b: Incineroar|Throat Chop|p1b: Farigiraf\n|-supereffective|p1b: Farigiraf|1\n|-damage|p1b: Farigiraf|4/100\n|move|p1b: Farigiraf|Nasty Plot|p1b: Farigiraf\n|-boost|p1b: Farigiraf|spa|2\n|move|p1a: Arcanine|Flare Blitz|p2a: Annihilape\n|-damage|p2a: Annihilape|27/100\n|\n|-weather|none\n|-end|p1b: Farigiraf|Throat Chop|[silent]\n|upkeep\n|turn|6\n|\n|t:|1788284136\n|switch|p1a: Old Yeller|Sylveon, L50, F|51/100\n|move|p2a: Annihilape|Protect|p2a: Annihilape\n|-singleturn|p2a: Annihilape|Protect\n|move|p2b: Incineroar|Throat Chop|p1b: Farigiraf\n|-supereffective|p1b: Farigiraf|1\n|-damage|p1b: Farigiraf|0 fnt\n|faint|p1b: Farigiraf\n|\n|upkeep\n|\n|t:|1788284141\n|switch|p1b: Arcanine|Arcanine-Hisui, L50, M|100/100\n|turn|7\n|\n|t:|1788284158\n|move|p2b: Incineroar|Parting Shot|p1b: Arcanine\n|-unboost|p1b: Arcanine|atk|1\n|-unboost|p1b: Arcanine|spa|1\n|\n|t:|1788284162\n|switch|p2b: Venusaur|Venusaur, L50, M|90/100|[from] Parting Shot\n|move|p1a: Old Yeller|Hyper Beam|p2a: Annihilape\n|-supereffective|p2a: Annihilape|1\n|-damage|p2a: Annihilape|0 fnt\n|-mustrecharge|p1a: Old Yeller\n|faint|p2a: Annihilape\n|move|p1b: Arcanine|Head Smash|p2b: Venusaur\n|-damage|p2b: Venusaur|33/100\n|\n|upkeep\n|\n|t:|1788284171\n|switch|p2a: Incineroar|Incineroar, L50, F|100/100\n|-ability|p2a: Incineroar|Intimidate|boost\n|-unboost|p1a: Old Yeller|atk|1\n|-unboost|p1b: Arcanine|atk|1\n|turn|8\n|\n|t:|1788284191\n|move|p1b: Arcanine|Protect|p1b: Arcanine\n|-singleturn|p1b: Arcanine|Protect\n|move|p2a: Incineroar|Fake Out|p1b: Arcanine\n|-activate|p1b: Arcanine|move: Protect\n|cant|p1a: Old Yeller|recharge\n|move|p2b: Venusaur|Sludge Bomb|p1a: Old Yeller\n|-supereffective|p1a: Old Yeller|1\n|-crit|p1a: Old Yeller\n|-damage|p1a: Old Yeller|0 fnt\n|faint|p1a: Old Yeller\n|-damage|p2b: Venusaur|23/100|[from] item: Life Orb\n|\n|-fieldend|move: Trick Room\n|upkeep\n|turn|9\n|\n|t:|1788284214\n|move|p2b: Venusaur|Protect|p2b: Venusaur\n|-singleturn|p2b: Venusaur|Protect\n|move|p1b: Arcanine|Flare Blitz|p2b: Venusaur\n|-activate|p2b: Venusaur|move: Protect\n|move|p2a: Incineroar|Throat Chop|p1b: Arcanine\n|-damage|p1b: Arcanine|63/100\n|-start|p1b: Arcanine|Throat Chop|[silent]\n|\n|upkeep\n|turn|10\n|\n|t:|1788284229\n|move|p1b: Arcanine|Flare Blitz|p2b: Venusaur\n|-supereffective|p2b: Venusaur|1\n|-damage|p2b: Venusaur|0 fnt\n|faint|p2b: Venusaur\n|move|p2a: Incineroar|Throat Chop|p1b: Arcanine\n|-damage|p1b: Arcanine|22/100\n|\n|-end|p1b: Arcanine|Throat Chop|[silent]\n|upkeep\n|turn|11\n|\n|t:|1788284236\n|move|p1b: Arcanine|Head Smash|p2a: Incineroar\n|-supereffective|p2a: Incineroar|1\n|-damage|p2a: Incineroar|46/100\n|-enditem|p2a: Incineroar|Sitrus Berry|[eat]\n|-heal|p2a: Incineroar|71/100|[from] item: Sitrus Berry\n|move|p2a: Incineroar|Throat Chop|p1b: Arcanine\n|-damage|p1b: Arcanine|0 fnt\n|faint|p1b: Arcanine\n|\n|win|osssi03\n|raw|ShrimpGun's rating: 1262 &rarr; <strong>1234</strong><br />(-28 for losing)\n|raw|osssi03's rating: 1214 &rarr; <strong>1242</strong><br />(+28 for winning)\n","uploadtime":1788284240,"views":"2","formatid":"gen9championsvgc2026regmb","rating":1234,"private":0,"password":null}