{"id":"gen9championsvgc2026regmbbo3-2673494606","format":"[Gen 9 Champions] VGC 2026 Reg M-B (Bo3)","players":["PAZXD","GlitchXDGOAT"],"log":"|j|☆PAZXD\n|j|☆GlitchXDGOAT\n|html|<table width=\"100%\"><tr><td align=\"left\">PAZXD</td><td align=\"right\">GlitchXDGOAT</tr><tr><td align=\"left\"><i class=\"fa fa-circle-o\"></i> <i class=\"fa fa-circle-o\"></i> </td><td align=\"right\"><i class=\"fa fa-circle-o\"></i> <i class=\"fa fa-circle\"></i> </tr></table>\n|uhtml|bestof|<h2><strong>Game 2</strong> of <a href=\"/game-bestof3-gen9championsvgc2026regmbbo3-2673492734\">a best-of-3</a></h2>\n|t:|1788204595\n|gametype|doubles\n|player|p1|PAZXD|hilda-wonderlauncher|1102\n|player|p2|GlitchXDGOAT|266|1205\n|gen|9\n|tier|[Gen 9 Champions] VGC 2026 Reg M-B (Bo3)\n|rated|\n|rule|Species Clause: Limit one of each Pokémon\n|rule|Item Clause: Limit 1 of each item\n|clearpoke\n|poke|p1|Venusaur, L50, F|\n|poke|p1|Archaludon, L50, F|\n|poke|p1|Pelipper, L50, M|\n|poke|p1|Swampert, L50, M|\n|poke|p1|Grimmsnarl, L50, M|\n|poke|p1|Charizard, L50, M|\n|poke|p2|Annihilape, L50, M|\n|poke|p2|Incineroar, L50, M|\n|poke|p2|Basculegion, L50, M|\n|poke|p2|Glimmora, L50, M|\n|poke|p2|Raichu, L50, F|\n|poke|p2|Floette-Eternal, L50, F|\n|teampreview|4\n|showteam|p1|Venusaur||LifeOrb|Overgrow|LeafStorm,SleepPowder,SludgeBomb,Protect|Modest||F|||50|]Archaludon||Leftovers|Stamina|Protect,FlashCannon,ElectroShot,DracoMeteor|Timid||F|||50|]Pelipper||FocusSash|Drizzle|Tailwind,Hurricane,WeatherBall,WideGuard|Timid||M|||50|]Swampert||Swampertite|Torrent|WaveCrash,IcePunch,Earthquake,Protect|Adamant||M|||50|]Grimmsnarl||LightClay|Prankster|LightScreen,Reflect,PartingShot,SpiritBreak|Careful||M|||50|]Charizard||CharizarditeY|Blaze|WeatherBall,HeatWave,Hurricane,Protect|Modest||M|||50|\n|showteam|p2|Annihilape||ChoiceScarf|Defiant|CloseCombat,IcePunch,PoisonJab,RockTomb|Jolly||M|||50|]Incineroar||SitrusBerry|Intimidate|FakeOut,FlareBlitz,ThroatChop,PartingShot|Sassy||M|||50|]Basculegion||LifeOrb|Adaptability|WaveCrash,LastRespects,Protect,AquaJet|Jolly||M|||50|]Glimmora||FocusSash|ToxicDebris|SpikyShield,PowerGem,SludgeBomb,EarthPower|Timid||M|||50|]Raichu||RaichuniteY|LightningRod|FakeOut,ZapCannon,FocusBlast,Protect|Timid||F|||50|]Floette-Eternal||Floettite|FlowerVeil|Moonblast,DazzlingGleam,CalmMind,Protect|Timid||F|||50|\n|inactive|Battle timer is ON: inactive players will automatically lose when time's up. (requested by GlitchXDGOAT)\n|\n|t:|1788204620\n|teamsize|p1|4\n|teamsize|p2|4\n|start\n|switch|p1a: Charizard|Charizard, L50, M|100/100\n|switch|p1b: Grimmsnarl|Grimmsnarl, L50, M|100/100\n|switch|p2a: Raichu|Raichu, L50, F|100/100\n|switch|p2b: Basculegion|Basculegion, L50, M|100/100\n|turn|1\n|\n|t:|1788204635\n|detailschange|p2a: Raichu|Raichu-Mega-Y, L50, F\n|-mega|p2a: Raichu|Raichu|Raichunite Y\n|detailschange|p1a: Charizard|Charizard-Mega-Y, L50, M\n|-mega|p1a: Charizard|Charizard|Charizardite Y\n|-weather|SunnyDay|[from] ability: Drought|[of] p1a: Charizard\n|move|p1a: Charizard|Protect|p1a: Charizard\n|-singleturn|p1a: Charizard|Protect\n|move|p2a: Raichu|Fake Out|p1b: Grimmsnarl\n|-damage|p1b: Grimmsnarl|90/100\n|cant|p1b: Grimmsnarl|flinch\n|move|p2b: Basculegion|Wave Crash|p1b: Grimmsnarl\n|-damage|p1b: Grimmsnarl|27/100\n|-damage|p2b: Basculegion|78/100|[from] Recoil\n|-damage|p2b: Basculegion|68/100|[from] item: Life Orb\n|\n|-weather|SunnyDay|[upkeep]\n|upkeep\n|turn|2\n|inactive|PAZXD has 30 seconds left.\n|\n|t:|1788204662\n|move|p2b: Basculegion|Aqua Jet|p1b: Grimmsnarl\n|-damage|p1b: Grimmsnarl|9/100\n|-damage|p2b: Basculegion|58/100|[from] item: Life Orb\n|move|p1b: Grimmsnarl|Parting Shot|p2a: Raichu\n|-unboost|p2a: Raichu|atk|1\n|-unboost|p2a: Raichu|spa|1\n|\n|t:|1788204667\n|switch|p1b: Archaludon|Archaludon, L50, F|100/100|[from] Parting Shot\n|move|p2a: Raichu|Zap Cannon|p1a: Charizard\n|-supereffective|p1a: Charizard|1\n|-damage|p1a: Charizard|9/100\n|-status|p1a: Charizard|par\n|move|p1a: Charizard|Weather Ball|p2a: Raichu\n|-damage|p2a: Raichu|0 fnt\n|faint|p2a: Raichu\n|\n|-weather|SunnyDay|[upkeep]\n|upkeep\n|\n|t:|1788204673\n|switch|p2a: Annihilape|Annihilape, L50, M|100/100\n|turn|3\n|\n|t:|1788204679\n|switch|p1a: Pelipper|Pelipper, L50, M|100/100\n|-weather|RainDance|[from] ability: Drizzle|[of] p1a: Pelipper\n|move|p2b: Basculegion|Aqua Jet|p1a: Pelipper\n|-resisted|p1a: Pelipper|1\n|-damage|p1a: Pelipper|67/100\n|-damage|p2b: Basculegion|49/100|[from] item: Life Orb\n|move|p2a: Annihilape|Close Combat|p1b: Archaludon\n|-supereffective|p1b: Archaludon|1\n|-damage|p1b: Archaludon|6/100\n|-unboost|p2a: Annihilape|def|1\n|-unboost|p2a: Annihilape|spd|1\n|-ability|p1b: Archaludon|Stamina|boost\n|-boost|p1b: Archaludon|def|1\n|move|p1b: Archaludon|Electro Shot||[still]\n|-prepare|p1b: Archaludon|Electro Shot\n|-boost|p1b: Archaludon|spa|1\n|-anim|p1b: Archaludon|Electro Shot|p2b: Basculegion\n|-supereffective|p2b: Basculegion|1\n|-damage|p2b: Basculegion|0 fnt\n|faint|p2b: Basculegion\n|\n|-weather|RainDance|[upkeep]\n|-heal|p1b: Archaludon|12/100|[from] item: Leftovers\n|upkeep\n|\n|t:|1788204690\n|switch|p2b: Glimmora|Glimmora, L50, M|100/100\n|turn|4\n|\n|t:|1788204702\n|move|p1b: Archaludon|Protect|p1b: Archaludon\n|-singleturn|p1b: Archaludon|Protect\n|move|p2a: Annihilape|Close Combat|p1b: Archaludon\n|-activate|p1b: Archaludon|move: Protect\n|move|p2b: Glimmora|Power Gem|p1a: Pelipper\n|-supereffective|p1a: Pelipper|1\n|-damage|p1a: Pelipper|0 fnt\n|faint|p1a: Pelipper\n|\n|-weather|RainDance|[upkeep]\n|-heal|p1b: Archaludon|18/100|[from] item: Leftovers\n|upkeep\n|\n|t:|1788204710\n|switch|p1a: Grimmsnarl|Grimmsnarl, L50, M|9/100\n|turn|5\n|\n|t:|1788204734\n|move|p2a: Annihilape|Close Combat|p1b: Archaludon\n|-supereffective|p1b: Archaludon|1\n|-damage|p1b: Archaludon|0 fnt\n|-unboost|p2a: Annihilape|def|1\n|-unboost|p2a: Annihilape|spd|1\n|faint|p1b: Archaludon\n|move|p2b: Glimmora|Sludge Bomb|p1a: Grimmsnarl\n|-supereffective|p1a: Grimmsnarl|1\n|-damage|p1a: Grimmsnarl|0 fnt\n|faint|p1a: Grimmsnarl\n|\n|-weather|RainDance|[upkeep]\n|upkeep\n|-message|PAZXD forfeited.\n|\n|win|GlitchXDGOAT\n|raw|PAZXD's rating: 1102 &rarr; <strong>1084</strong><br />(-18 for losing)\n|raw|GlitchXDGOAT's rating: 1205 &rarr; <strong>1223</strong><br />(+18 for winning)\n|l|☆PAZXD\n|player|p1|\n|c|☆GlitchXDGOAT|GG\n","uploadtime":1788204764,"views":"1","formatid":"gen9championsvgc2026regmbbo3","rating":1084,"private":0,"password":null}