{"id":"gen9championsvgc2026regmbbo3-2674589450","format":"[Gen 9 Champions] VGC 2026 Reg M-B (Bo3)","players":["Cactusmax","R1ply"],"log":"|j|☆Cactusmax\n|j|☆R1ply\n|html|<table width=\"100%\"><tr><td align=\"left\">Cactusmax</td><td align=\"right\">R1ply</tr><tr><td align=\"left\"><i class=\"fa fa-circle\"></i> <i class=\"fa fa-circle-o\"></i> </td><td align=\"right\"><i class=\"fa fa-circle-o\"></i> <i class=\"fa fa-circle-o\"></i> </tr></table>\n|uhtml|bestof|<h2><strong>Game 2</strong> of <a href=\"/game-bestof3-gen9championsvgc2026regmbbo3-2674586568\">a best-of-3</a></h2>\n|t:|1788377430\n|gametype|doubles\n|player|p1|Cactusmax|ballguy|\n|player|p2|R1ply|acetrainer-gen4dp|\n|gen|9\n|tier|[Gen 9 Champions] VGC 2026 Reg M-B (Bo3)\n|rule|Species Clause: Limit one of each Pokémon\n|rule|Item Clause: Limit 1 of each item\n|clearpoke\n|poke|p1|Blastoise, L50, M|\n|poke|p1|Delphox, L50, M|\n|poke|p1|Sinistcha-Masterpiece, L50|\n|poke|p1|Sneasler, L50, F|\n|poke|p1|Kingambit, L50, M|\n|poke|p1|Incineroar, L50, M|\n|poke|p2|Raichu, L50, M|\n|poke|p2|Staraptor, L50, M|\n|poke|p2|Kingambit, L50, M|\n|poke|p2|Sylveon, L50, F|\n|poke|p2|Farigiraf, L50, M|\n|poke|p2|Arcanine-Hisui, L50, F|\n|teampreview|4\n|showteam|p1|Blastoise||Blastoisinite|RainDish|WaterSpout,DarkPulse,ShellSmash,Protect|Modest||M|||50|]Delphox||Delphoxite|Blaze|HeatWave,Psychic,NastyPlot,Protect|Timid||M|||50|]Sinistcha-Masterpiece||ColburBerry|Hospitality|MatchaGotcha,RagePowder,TrickRoom,Protect|Bold|||||50|]Sneasler||FocusSash|PoisonTouch|FakeOut,PoisonJab,CloseCombat,QuickGuard|Jolly||F|||50|]Kingambit||LifeOrb|Defiant|KowtowCleave,SuckerPunch,SwordsDance,Protect|Adamant||M|||50|]Incineroar||SitrusBerry|Intimidate|FakeOut,FlareBlitz,ThroatChop,PartingShot|Careful||M|||50|\n|showteam|p2|Raichu||RaichuniteY|LightningRod|FakeOut,ZapCannon,FocusBlast,Protect|Timid||M|||50|]Staraptor||Staraptite|Intimidate|DualWingbeat,CloseCombat,Tailwind,Protect|Jolly||M|||50|]Kingambit||LifeOrb|Defiant|SuckerPunch,KowtowCleave,SwordsDance,Protect|Adamant||M|||50|]Sylveon||FairyFeather|Pixilate|QuickAttack,HyperVoice,HyperBeam,Detect|Modest||F|||50|]Farigiraf||SitrusBerry|ArmorTail|Psychic,TrickRoom,HelpingHand,Protect|Calm||M|||50|]Arcanine-Hisui||FocusSash|RockHead|ExtremeSpeed,FlareBlitz,HeadSmash,Protect|Jolly||F|||50|\n|inactive|Battle timer is ON: inactive players will automatically lose when time's up. (requested by R1ply)\n|inactive|Cactusmax has 60 seconds left.\n|inactive|R1ply has 60 seconds left.\n|\n|t:|1788377490\n|teamsize|p1|4\n|teamsize|p2|4\n|start\n|switch|p1a: Blastoise|Blastoise, L50, M|100/100\n|switch|p1b: Sinistcha|Sinistcha-Masterpiece, L50|100/100\n|switch|p2a: Staraptor|Staraptor, L50, M|100/100\n|switch|p2b: Arcanine|Arcanine-Hisui, L50, F|100/100\n|-ability|p2a: Staraptor|Intimidate|boost\n|-unboost|p1a: Blastoise|atk|1\n|-unboost|p1b: Sinistcha|atk|1\n|turn|1\n|inactive|R1ply has 30 seconds left.\n|\n|t:|1788377519\n|detailschange|p2a: Staraptor|Staraptor-Mega, L50, M\n|-mega|p2a: Staraptor|Staraptor|Staraptite\n|move|p1b: Sinistcha|Rage Powder|p1b: Sinistcha\n|-singleturn|p1b: Sinistcha|move: Rage Powder\n|move|p2a: Staraptor|Tailwind|p2a: Staraptor\n|-sidestart|p2: R1ply|move: Tailwind\n|move|p2b: Arcanine|Flare Blitz|p1b: Sinistcha\n|-supereffective|p1b: Sinistcha|1\n|-damage|p1b: Sinistcha|14/100\n|move|p1a: Blastoise|Water Spout|p2b: Arcanine|[spread] p2a,p2b\n|-supereffective|p2b: Arcanine|2\n|-damage|p2a: Staraptor|48/100\n|-enditem|p2b: Arcanine|Focus Sash\n|-damage|p2b: Arcanine|1/100\n|\n|upkeep\n|turn|2\n|inactive|R1ply has 30 seconds left.\n|inactive|R1ply has 20 seconds left.\n|inactive|R1ply has 15 seconds left.\n|\n|t:|1788377562\n|move|p2a: Staraptor|Protect|p2a: Staraptor\n|-singleturn|p2a: Staraptor|Protect\n|move|p1a: Blastoise|Protect|p1a: Blastoise\n|-singleturn|p1a: Blastoise|Protect\n|move|p1b: Sinistcha|Protect|p1b: Sinistcha\n|-singleturn|p1b: Sinistcha|Protect\n|move|p2b: Arcanine|Flare Blitz|p1b: Sinistcha\n|-activate|p1b: Sinistcha|move: Protect\n|\n|upkeep\n|turn|3\n|inactive|Cactusmax has 30 seconds left.\n|inactive|R1ply has 30 seconds left.\n|inactive|R1ply has 20 seconds left.\n|\n|t:|1788377598\n|detailschange|p1a: Blastoise|Blastoise-Mega, L50, M\n|-mega|p1a: Blastoise|Blastoise|Blastoisinite\n|move|p1b: Sinistcha|Rage Powder|p1b: Sinistcha\n|-singleturn|p1b: Sinistcha|move: Rage Powder\n|move|p2a: Staraptor|Dual Wingbeat|p1b: Sinistcha\n|-supereffective|p1b: Sinistcha|1\n|-damage|p1b: Sinistcha|0 fnt\n|faint|p1b: Sinistcha\n|-hitcount|p1: Sinistcha|1\n|move|p2b: Arcanine|Head Smash|p1a: Blastoise\n|-damage|p1a: Blastoise|36/100\n|move|p1a: Blastoise|Water Spout|p2a: Staraptor|[spread] p2a,p2b\n|-supereffective|p2b: Arcanine|2\n|-damage|p2a: Staraptor|24/100\n|-damage|p2b: Arcanine|0 fnt\n|faint|p2b: Arcanine\n|\n|upkeep\n|\n|t:|1788377619\n|switch|p2b: Kingambit|Kingambit, L50, M|100/100\n|switch|p1b: Delphox|Delphox, L50, M|100/100\n|turn|4\n|inactive|R1ply has 30 seconds left.\n|inactive|R1ply has 20 seconds left.\n|\n|t:|1788377658\n|move|p1b: Delphox|Protect|p1b: Delphox\n|-singleturn|p1b: Delphox|Protect\n|move|p2a: Staraptor|Close Combat|p1a: Blastoise\n|-damage|p1a: Blastoise|0 fnt\n|-boost|p2a: Staraptor|def|1\n|-boost|p2a: Staraptor|spd|1\n|faint|p1a: Blastoise\n|move|p2b: Kingambit|Swords Dance|p2b: Kingambit\n|-boost|p2b: Kingambit|atk|2\n|\n|-sideend|p2: R1ply|move: Tailwind\n|upkeep\n|\n|t:|1788377663\n|switch|p1a: Sneasler|Sneasler, L50, F|100/100\n|turn|5\n|inactive|R1ply has 30 seconds left.\n|inactive|R1ply has 20 seconds left.\n|inactive|Cactusmax has 30 seconds left.\n|inactive|R1ply has 15 seconds left.\n|inactive|Cactusmax has 20 seconds left.\n|inactive|R1ply has 10 seconds left.\n|inactive|Cactusmax has 15 seconds left.\n|\n|t:|1788377721\n|move|p2b: Kingambit|Sucker Punch||[still]\n|-fail|p2b: Kingambit\n|move|p1a: Sneasler|Poison Jab|p2a: Staraptor\n|-damage|p2a: Staraptor|0 fnt\n|faint|p2a: Staraptor\n|move|p1b: Delphox|Nasty Plot|p1b: Delphox\n|-boost|p1b: Delphox|spa|2\n|\n|upkeep\n|\n|t:|1788377730\n|switch|p2a: Farigiraf|Farigiraf, L50, M|100/100\n|turn|6\n|inactive|Cactusmax has 30 seconds left.\n|\n|t:|1788377758\n|move|p2b: Kingambit|Protect|p2b: Kingambit\n|-singleturn|p2b: Kingambit|Protect\n|move|p1a: Sneasler|Close Combat|p2a: Farigiraf\n|-damage|p2a: Farigiraf|47/100\n|-unboost|p1a: Sneasler|def|1\n|-unboost|p1a: Sneasler|spd|1\n|-enditem|p2a: Farigiraf|Sitrus Berry|[eat]\n|-heal|p2a: Farigiraf|72/100|[from] item: Sitrus Berry\n|move|p1b: Delphox|Heat Wave|p2a: Farigiraf|[spread] p2a\n|-activate|p2b: Kingambit|move: Protect\n|-damage|p2a: Farigiraf|27/100\n|move|p2a: Farigiraf|Trick Room|p2a: Farigiraf\n|-fieldstart|move: Trick Room|[of] p2a: Farigiraf\n|\n|upkeep\n|turn|7\n|inactive|Cactusmax has 30 seconds left.\n|inactive|R1ply has 30 seconds left.\n|inactive|Cactusmax has 20 seconds left.\n|inactive|Cactusmax has 15 seconds left.\n|\n|t:|1788377799\n|move|p1b: Delphox|Protect|p1b: Delphox\n|-singleturn|p1b: Delphox|Protect\n|move|p2b: Kingambit|Kowtow Cleave|p1b: Delphox\n|-activate|p1b: Delphox|move: Protect\n|move|p2a: Farigiraf|Psychic|p1a: Sneasler\n|-supereffective|p1a: Sneasler|2\n|-enditem|p1a: Sneasler|Focus Sash\n|-damage|p1a: Sneasler|1/100\n|move|p1a: Sneasler|Close Combat|p2b: Kingambit\n|-supereffective|p2b: Kingambit|2\n|-damage|p2b: Kingambit|0 fnt\n|-unboost|p1a: Sneasler|def|1\n|-unboost|p1a: Sneasler|spd|1\n|faint|p2b: Kingambit\n|\n|upkeep\n|turn|8\n|\n|t:|1788377813\n|move|p2a: Farigiraf|Psychic|p1a: Sneasler\n|-supereffective|p1a: Sneasler|2\n|-damage|p1a: Sneasler|0 fnt\n|faint|p1a: Sneasler\n|move|p1b: Delphox|Heat Wave|p2a: Farigiraf\n|-damage|p2a: Farigiraf|0 fnt\n|faint|p2a: Farigiraf\n|\n|win|Cactusmax\n","uploadtime":1788377434,"views":"1","formatid":"gen9championsvgc2026regmbbo3","rating":null,"private":0,"password":null}