{"id":"gen9championsvgc2026regmb-2674200643","format":"[Gen 9 Champions] VGC 2026 Reg M-B","players":["puraviscute","ainilaob"],"log":"|j|☆puraviscute\n|j|☆ainilaob\n|t:|1788314455\n|gametype|doubles\n|player|p1|puraviscute|dragontamer|1026\n|player|p2|ainilaob|266|1079\n|gen|9\n|tier|[Gen 9 Champions] VGC 2026 Reg M-B\n|rated|\n|rule|Species Clause: Limit one of each Pokémon\n|rule|Item Clause: Limit 1 of each item\n|clearpoke\n|poke|p1|Raichu, L50, M, shiny|\n|poke|p1|Maushold-Four, L50, shiny|\n|poke|p1|Swampert, L50, F, shiny|\n|poke|p1|Sinistcha-Masterpiece, L50, shiny|\n|poke|p1|Kingambit, L50, M, shiny|\n|poke|p1|Delphox, L50, F, shiny|\n|poke|p2|Dragapult, L50, F|\n|poke|p2|Audino, L50, M|\n|poke|p2|Overqwil, L50, F|\n|poke|p2|Malamar, L50, M|\n|poke|p2|Chandelure, L50, M|\n|poke|p2|Whimsicott, L50, M|\n|teampreview|4\n|inactive|Battle timer is ON: inactive players will automatically lose when time's up. (requested by puraviscute)\npuraviscute rejected open team sheets.\n|inactive|ainilaob has 60 seconds left.\n|\n|t:|1788314508\n|teamsize|p1|4\n|teamsize|p2|4\n|start\n|switch|p1a: Delphox|Delphox, L50, F, shiny|100/100\n|switch|p1b: Maushold|Maushold-Four, L50, shiny|100/100\n|switch|p2a: Dragapult|Dragapult, L50, F|100/100\n|switch|p2b: Audino|Audino, L50, M|100/100\n|turn|1\n|\n|t:|1788314526\n|detailschange|p1a: Delphox|Delphox-Mega, L50, F, shiny\n|-mega|p1a: Delphox|Delphox|Delphoxite\n|move|p2b: Audino|Protect|p2b: Audino\n|-singleturn|p2b: Audino|Protect\n|move|p1b: Maushold|Follow Me|p1b: Maushold\n|-singleturn|p1b: Maushold|move: Follow Me\n|move|p2a: Dragapult|Light Screen|p2a: Dragapult\n|-sidestart|p2: ainilaob|move: Light Screen\n|move|p1a: Delphox|Nasty Plot|p1a: Delphox\n|-boost|p1a: Delphox|spa|2\n|\n|upkeep\n|turn|2\n|\n|t:|1788314548\n|move|p2a: Dragapult|Curse|p1a: Delphox\n|-start|p1a: Delphox|Curse|[of] p2a: Dragapult\n|-damage|p2a: Dragapult|50/100g\n|move|p1b: Maushold|Encore|p2b: Audino\n|-start|p2b: Audino|Encore\n|-enditem|p2b: Audino|Mental Herb\n|-end|p2b: Audino|Encore\n|move|p1a: Delphox|Psychic|p2a: Dragapult\n|-damage|p2a: Dragapult|0 fnt\n|-start|p1a: Delphox|Disable|Psychic|[from] ability: Cursed Body|[of] p2a: Dragapult\n|faint|p2a: Dragapult\n|move|p2b: Audino|Trick Room|p2b: Audino\n|-fieldstart|move: Trick Room|[of] p2b: Audino\n|\n|-damage|p1a: Delphox|75/100|[from] Curse\n|upkeep\n|\n|t:|1788314571\n|switch|p2a: Overqwil|Overqwil, L50, F|100/100\n|-ability|p2a: Overqwil|Intimidate|boost\n|-unboost|p1a: Delphox|atk|1\n|-unboost|p1b: Maushold|atk|1\n|turn|3\n|\n|t:|1788314580\n|move|p2b: Audino|Simple Beam|p2a: Overqwil\n|-ability|p2a: Overqwil|Simple|Intimidate|[from] move: Simple Beam\n|move|p2a: Overqwil|Minimize|p2a: Overqwil\n|-boost|p2a: Overqwil|evasion|4\n|move|p1a: Delphox|Flamethrower|p2a: Overqwil\n|-damage|p2a: Overqwil|45/100\n|move|p1b: Maushold|Population Bomb|p2a: Overqwil|[miss]\n|-miss|p1b: Maushold|p2a: Overqwil\n|\n|-heal|p2a: Overqwil|51/100|[from] item: Leftovers\n|-damage|p1a: Delphox|50/100g|[from] Curse\n|upkeep\n|turn|4\n|\n|t:|1788314605\n|move|p1b: Maushold|Follow Me|p1b: Maushold\n|-singleturn|p1b: Maushold|move: Follow Me\n|move|p2b: Audino|Heal Pulse|p1b: Maushold\n|-fail|p1b: Maushold|heal\n|move|p2a: Overqwil|Stockpile|p2a: Overqwil\n|-start|p2a: Overqwil|stockpile1\n|-boost|p2a: Overqwil|def|2\n|-boost|p2a: Overqwil|spd|2\n|move|p1a: Delphox|Flamethrower|p2a: Overqwil\n|-damage|p2a: Overqwil|19/100\n|\n|-heal|p2a: Overqwil|26/100|[from] item: Leftovers\n|-damage|p1a: Delphox|26/100|[from] Curse\n|upkeep\n|turn|5\n|\n|t:|1788314620\n|move|p1b: Maushold|Follow Me|p1b: Maushold\n|-singleturn|p1b: Maushold|move: Follow Me\n|move|p2b: Audino|Heal Pulse|p1b: Maushold\n|-fail|p1b: Maushold|heal\n|move|p2a: Overqwil|Minimize|p2a: Overqwil\n|-boost|p2a: Overqwil|evasion|2\n|move|p1a: Delphox|Flamethrower|p2a: Overqwil|[miss]\n|-miss|p1a: Delphox|p2a: Overqwil\n|\n|-heal|p2a: Overqwil|32/100|[from] item: Leftovers\n|-damage|p1a: Delphox|1/100|[from] Curse\n|-end|p1a: Delphox|Disable\n|upkeep\n|turn|6\n|\n|t:|1788314636\n|move|p1b: Maushold|Follow Me|p1b: Maushold\n|-singleturn|p1b: Maushold|move: Follow Me\n|move|p2b: Audino|Heal Pulse|p1b: Maushold\n|-fail|p1b: Maushold|heal\n|move|p2a: Overqwil|Stockpile|p2a: Overqwil\n|-start|p2a: Overqwil|stockpile2\n|-boost|p2a: Overqwil|def|2\n|-boost|p2a: Overqwil|spd|2\n|move|p1a: Delphox|Flamethrower|p2a: Overqwil|[miss]\n|-miss|p1a: Delphox|p2a: Overqwil\n|\n|-heal|p2a: Overqwil|38/100|[from] item: Leftovers\n|-damage|p1a: Delphox|0 fnt|[from] Curse\n|faint|p1a: Delphox\n|-fieldend|move: Trick Room\n|upkeep\n|c|☆puraviscute|fuh this disable shi\n|\n|t:|1788314655\n|switch|p1a: Kingambit|Kingambit, L50, M, shiny|100/100\n|turn|7\n|\n|t:|1788314664\n|move|p1b: Maushold|Follow Me|p1b: Maushold\n|-singleturn|p1b: Maushold|move: Follow Me\n|move|p2a: Overqwil|Swords Dance|p2a: Overqwil\n|-boost|p2a: Overqwil|atk|4\n|move|p1a: Kingambit|Kowtow Cleave|p2a: Overqwil\n|-resisted|p2a: Overqwil|1\n|-damage|p2a: Overqwil|30/100\n|move|p2b: Audino|Trick Room|p2b: Audino\n|-fieldstart|move: Trick Room|[of] p2b: Audino\n|\n|-heal|p2a: Overqwil|36/100|[from] item: Leftovers\n|upkeep\n|turn|8\n|\n|t:|1788314677\n|move|p2b: Audino|Protect|p2b: Audino\n|-singleturn|p2b: Audino|Protect\n|move|p1b: Maushold|Follow Me|p1b: Maushold\n|-singleturn|p1b: Maushold|move: Follow Me\n|move|p1a: Kingambit|Iron Head|p2a: Overqwil|[miss]\n|-miss|p1a: Kingambit|p2a: Overqwil\n|move|p2a: Overqwil|Throat Chop|p1b: Maushold\n|-damage|p1b: Maushold|0 fnt\n|faint|p1b: Maushold\n|\n|-heal|p2a: Overqwil|42/100|[from] item: Leftovers\n|-sideend|p2: ainilaob|move: Light Screen\n|upkeep\n|\n|t:|1788314688\n|switch|p1b: Sinistcha|Sinistcha-Masterpiece, L50, shiny|100/100\n|turn|9\n|\n|t:|1788314702\n|move|p2b: Audino|Heal Pulse|p2a: Overqwil\n|-heal|p2a: Overqwil|92/100\n|move|p1a: Kingambit|Iron Head|p2a: Overqwil|[miss]\n|-miss|p1a: Kingambit|p2a: Overqwil\n|move|p1b: Sinistcha|Shadow Ball|p2a: Overqwil|[miss]\n|-miss|p1b: Sinistcha|p2a: Overqwil\n|move|p2a: Overqwil|Throat Chop|p1b: Sinistcha\n|-supereffective|p1b: Sinistcha|1\n|-damage|p1b: Sinistcha|0 fnt\n|faint|p1b: Sinistcha\n|\n|-heal|p2a: Overqwil|98/100|[from] item: Leftovers\n|upkeep\n|turn|10\n|c|☆puraviscute|die in a hole bruh wtf is this :sob:\n|-message|puraviscute forfeited.\n|\n|win|ainilaob\n","uploadtime":1788314714,"views":"0","formatid":"gen9championsvgc2026regmb","rating":null,"private":0,"password":null}