{"id":"gen9championsvgc2026regmb-2674815870","format":"[Gen 9 Champions] VGC 2026 Reg M-B","players":["meobeoo","lmbibitor lunae"],"log":"|j|☆meobeoo\n|j|☆lmbibitor lunae\n|t:|1788412577\n|gametype|doubles\n|player|p1|meobeoo|n|\n|player|p2|lmbibitor lunae|rika-masters|\n|gen|9\n|tier|[Gen 9 Champions] VGC 2026 Reg M-B\n|rule|Species Clause: Limit one of each Pokémon\n|rule|Item Clause: Limit 1 of each item\n|clearpoke\n|poke|p1|Froslass, L50, F, shiny|\n|poke|p1|Sneasler, L50, M, shiny|\n|poke|p1|Basculegion, L50, M, shiny|\n|poke|p1|Dragonite, L50, F, shiny|\n|poke|p1|Garchomp, L50, F, shiny|\n|poke|p1|Kingambit, L50, F, shiny|\n|poke|p2|Sneasler, L50, M|\n|poke|p2|Basculegion, L50, M|\n|poke|p2|Garchomp, L50, M|\n|poke|p2|Floette-Eternal, L50, F|\n|poke|p2|Dragonite, L50, M|\n|poke|p2|Kingambit, L50, M|\n|teampreview|4\n|inactive|Battle timer is ON: inactive players will automatically lose when time's up. (requested by meobeoo)\n|inactive|meobeoo has 60 seconds left.\n|inactive|lmbibitor lunae has 60 seconds left.\n|\n|t:|1788412611\n|teamsize|p1|4\n|teamsize|p2|4\n|start\n|switch|p1a: Sneasler|Sneasler, L50, M, shiny|100/100\n|switch|p1b: Basculegion|Basculegion, L50, M, shiny|100/100\n|switch|p2a: Doreamon bt bay|Dragonite, L50, M|100/100\n|switch|p2b: Jing cha|Kingambit, L50, M|100/100\n|turn|1\n|inactive|meobeoo has 30 seconds left.\n|inactive|lmbibitor lunae has 30 seconds left.\n|\n|t:|1788412643\n|detailschange|p2a: Doreamon bt bay|Dragonite-Mega, L50, M\n|-mega|p2a: Doreamon bt bay|Dragonite|Dragoninite\n|move|p2a: Doreamon bt bay|Protect|p2a: Doreamon bt bay\n|-singleturn|p2a: Doreamon bt bay|Protect\n|move|p2b: Jing cha|Protect|p2b: Jing cha\n|-singleturn|p2b: Jing cha|Protect\n|move|p1a: Sneasler|Fake Out|p2b: Jing cha\n|-activate|p2b: Jing cha|move: Protect\n|move|p1b: Basculegion|Wave Crash|p2b: Jing cha\n|-activate|p2b: Jing cha|move: Protect\n|\n|upkeep\n|turn|2\n|\n|t:|1788412661\n|move|p1a: Sneasler|Quick Guard|p1a: Sneasler\n|-singleturn|p1a: Sneasler|Quick Guard\n|move|p2b: Jing cha|Sucker Punch|p1b: Basculegion\n|-activate|p1b: Basculegion|move: Quick Guard\n|move|p2a: Doreamon bt bay|Dragon Pulse|p1a: Sneasler\n|-damage|p1a: Sneasler|29/100\n|move|p1b: Basculegion|Wave Crash|p2b: Jing cha\n|-damage|p2b: Jing cha|27/100\n|-damage|p1b: Basculegion|74/100|[from] Recoil\n|\n|upkeep\n|turn|3\n|\n|t:|1788412680\n|move|p1b: Basculegion|Aqua Jet|p2b: Jing cha\n|-damage|p2b: Jing cha|1/100\n|move|p2b: Jing cha|Sucker Punch||[still]\n|-fail|p2b: Jing cha\n|move|p1a: Sneasler|Dire Claw|p2a: Doreamon bt bay\n|-damage|p2a: Doreamon bt bay|78/100\n|move|p2a: Doreamon bt bay|Heat Wave|p1a: Sneasler|[spread] p1a,p1b\n|-resisted|p1b: Basculegion|1\n|-damage|p1a: Sneasler|0 fnt\n|-damage|p1b: Basculegion|58/100\n|faint|p1a: Sneasler\n|\n|upkeep\n|\n|t:|1788412694\n|switch|p1a: Kingambit|Kingambit, L50, F, shiny|100/100\n|turn|4\n|\n|t:|1788412714\n|switch|p2b: Yan mắc cạn|Garchomp, L50, M|100/100\n|move|p1a: Kingambit|Sucker Punch|p2a: Doreamon bt bay\n|-damage|p2a: Doreamon bt bay|40/100\n|move|p2a: Doreamon bt bay|Heat Wave|p1a: Kingambit|[spread] p1a,p1b\n|-supereffective|p1a: Kingambit|1\n|-resisted|p1b: Basculegion|1\n|-damage|p1a: Kingambit|45/100\n|-damage|p1b: Basculegion|43/100\n|move|p1b: Basculegion|Wave Crash|p2b: Yan mắc cạn\n|-damage|p2b: Yan mắc cạn|0 fnt\n|-damage|p1b: Basculegion|30/100|[from] ability: Rough Skin|[of] p2b: Yan mắc cạn\n|faint|p2b: Yan mắc cạn\n|-damage|p1b: Basculegion|0 fnt|[from] Recoil\n|faint|p1b: Basculegion\n|\n|upkeep\n|\n|t:|1788412732\n|switch|p2b: Mèo đi hía|Sneasler, L50, M|100/100\n|switch|p1b: Froslass|Froslass, L50, F, shiny|100/100\n|turn|5\n|\n|t:|1788412751\n|detailschange|p1b: Froslass|Froslass-Mega, L50, F, shiny\n|-mega|p1b: Froslass|Froslass|Froslassite\n|-weather|Snowscape|[from] ability: Snow Warning|[of] p1b: Froslass\n|move|p2a: Doreamon bt bay|Protect|p2a: Doreamon bt bay\n|-singleturn|p2a: Doreamon bt bay|Protect\n|move|p1a: Kingambit|Sucker Punch||[still]\n|-fail|p1a: Kingambit\n|move|p1b: Froslass|Blizzard|p2b: Mèo đi hía|[spread] p2b\n|-activate|p2a: Doreamon bt bay|move: Protect\n|-damage|p2b: Mèo đi hía|40/100\n|move|p2b: Mèo đi hía|Close Combat|p1a: Kingambit\n|-supereffective|p1a: Kingambit|2\n|-enditem|p1a: Kingambit|Chople Berry|[eat]\n|-enditem|p1a: Kingambit|Chople Berry|[weaken]\n|-damage|p1a: Kingambit|0 fnt\n|-unboost|p2b: Mèo đi hía|def|1\n|-unboost|p2b: Mèo đi hía|spd|1\n|faint|p1a: Kingambit\n|-enditem|p2b: Mèo đi hía|White Herb\n|-clearnegativeboost|p2b: Mèo đi hía|[silent]\n|\n|-weather|Snowscape|[upkeep]\n|upkeep\n|turn|6\n|c|☆meobeoo|sozi\n|\n|t:|1788412775\n|move|p2b: Mèo đi hía|Dire Claw|p1b: Froslass\n|-resisted|p1b: Froslass|1\n|-damage|p1b: Froslass|77/100\n|move|p1b: Froslass|Blizzard|p2a: Doreamon bt bay|[spread] p2a,p2b\n|-supereffective|p2a: Doreamon bt bay|2\n|-damage|p2a: Doreamon bt bay|0 fnt\n|-damage|p2b: Mèo đi hía|0 fnt\n|faint|p2a: Doreamon bt bay\n|faint|p2b: Mèo đi hía\n|\n|-weather|Snowscape|[upkeep]\n|upkeep\n|c|☆meobeoo|-)\n|\n|t:|1788412787\n|switch|p2a: Jing cha|Kingambit, L50, M|1/100\n|turn|7\n|\n|t:|1788412810\n|move|p1b: Froslass|Protect|p1b: Froslass\n|-singleturn|p1b: Froslass|Protect\n|move|p2a: Jing cha|Sucker Punch||[still]\n|-fail|p2a: Jing cha\n|\n|-weather|Snowscape|[upkeep]\n|upkeep\n|turn|8\n|\n|t:|1788412828\n|move|p2a: Jing cha|Sucker Punch|p1b: Froslass\n|-supereffective|p1b: Froslass|1\n|-damage|p1b: Froslass|0 fnt\n|faint|p1b: Froslass\n|\n|win|lmbibitor lunae\n","uploadtime":1788412833,"views":"1","formatid":"gen9championsvgc2026regmb","rating":null,"private":0,"password":null}