{"id":"gen9championsvgc2026regmbbo3-2674207451","format":"[Gen 9 Champions] VGC 2026 Reg M-B (Bo3)","players":["Cheribat","cantchat_sorry"],"log":"|j|☆Cheribat\n|j|☆cantchat_sorry\n|html|<table width=\"100%\"><tr><td align=\"left\">Cheribat</td><td align=\"right\">cantchat_sorry</tr><tr><td align=\"left\"><i class=\"fa fa-circle\"></i> <i class=\"fa fa-circle-o\"></i> </td><td align=\"right\"><i class=\"fa fa-circle-o\"></i> <i class=\"fa fa-circle-o\"></i> </tr></table>\n|uhtml|bestof|<h2><strong>Game 2</strong> of <a href=\"/game-bestof3-gen9championsvgc2026regmbbo3-2674205705\">a best-of-3</a></h2>\n|t:|1788315536\n|gametype|doubles\n|player|p1|Cheribat|waitress-gen4|1081\n|player|p2|cantchat_sorry|clair|1136\n|gen|9\n|tier|[Gen 9 Champions] VGC 2026 Reg M-B (Bo3)\n|rated|\n|rule|Species Clause: Limit one of each Pokémon\n|rule|Item Clause: Limit 1 of each item\n|clearpoke\n|poke|p1|Metagross, L50|\n|poke|p1|Milotic, L50, F|\n|poke|p1|Volcarona, L50, F|\n|poke|p1|Sneasler, L50, F|\n|poke|p1|Hydreigon, L50, F|\n|poke|p1|Zoroark-Hisui, L50, F, shiny|\n|poke|p2|Garchomp, L50, F|\n|poke|p2|Tyranitar, L50, F|\n|poke|p2|Corviknight, L50, F, shiny|\n|poke|p2|Milotic, L50, F|\n|poke|p2|Sinistcha, L50|\n|poke|p2|Ceruledge, L50, F|\n|teampreview|4\n|showteam|p1|Metagross||Metagrossite|ClearBody|PsychicFangs,MeteorMash,StompingTantrum,Protect|Jolly|||||50|]Milotic||Leftovers|Competitive|Scald,IceBeam,Recover,Protect|Modest||F|||50|]Volcarona||SitrusBerry|FlameBody|RagePowder,StruggleBug,Tailwind,Flamethrower|Bold||F|||50|]Sneasler||WhiteHerb|Unburden|CloseCombat,DireClaw,FakeOut,Uturn|Adamant||F|||50|]Hydreigon||ChoiceScarf|Levitate|DracoMeteor,EarthPower,DarkPulse,FlashCannon|Modest||F|||50|]Zoroark-Hisui||FocusSash|Illusion|BitterMalice,Taunt,IcyWind,WillOWisp|Timid||F|||50|\n|showteam|p2|Garchomp||Garchompite|RoughSkin|EarthPower,DracoMeteor,PowerGem,Protect|Modest||F|||50|]Tyranitar||ChoiceScarf|SandStream|KnockOff,RockSlide,IcePunch,LowKick|Jolly||F|||50|]Corviknight||LifeOrb|MirrorArmor|BraveBird,IronHead,Tailwind,Protect|Jolly||F|||50|]Milotic||SitrusBerry|Competitive|Scald,IcyWind,Haze,Protect|Bold||F|||50|]Sinistcha||KasibBerry|Hospitality|MatchaGotcha,RagePowder,TrickRoom,Protect|Bold|||||50|]Ceruledge||ColburBerry|FlashFire|BitterBlade,ShadowSneak,BulkUp,Protect|Adamant||F|||50|\n|inactive|Battle timer is ON: inactive players will automatically lose when time's up. (requested by cantchat_sorry)\n|\n|t:|1788315581\n|teamsize|p1|4\n|teamsize|p2|4\n|start\n|switch|p1a: Milotic|Milotic, L50, F|100/100\n|switch|p1b: Sneasler|Sneasler, L50, F|100/100\n|switch|p2a: Tyranitar|Tyranitar, L50, F|100/100\n|switch|p2b: Corviknight|Corviknight, L50, F, shiny|100/100\n|-weather|Sandstorm|[from] ability: Sand Stream|[of] p2a: Tyranitar\n|turn|1\n|\n|t:|1788315597\n|switch|p2b: Milotic|Milotic, L50, F|100/100\n|move|p2a: Tyranitar|Knock Off|p1b: Sneasler\n|-supereffective|p1b: Sneasler|1\n|-enditem|p1b: Sneasler|Focus Sash\n|-damage|p1b: Sneasler|1/100\n|replace|p1b: Zoroark|Zoroark-Hisui, L50, F, shiny\n|-end|p1b: Zoroark|Illusion\n|move|p1b: Zoroark|Will-O-Wisp|p2b: Milotic\n|-status|p2b: Milotic|brn\n|move|p1a: Milotic|Scald|p2b: Milotic\n|-resisted|p2b: Milotic|1\n|-crit|p2b: Milotic\n|-damage|p2b: Milotic|80/100 brn\n|\n|-weather|Sandstorm|[upkeep]\n|-damage|p1b: Zoroark|0 fnt|[from] Sandstorm\n|-damage|p2b: Milotic|74/100 brn|[from] Sandstorm\n|-damage|p1a: Milotic|93/100|[from] Sandstorm\n|faint|p1b: Zoroark\n|-heal|p1a: Milotic|100/100|[from] item: Leftovers\n|-damage|p2b: Milotic|68/100 brn|[from] brn\n|upkeep\n|\n|t:|1788315616\n|switch|p1b: Metagross|Metagross, L50|100/100\n|turn|2\n|\n|t:|1788315631\n|detailschange|p1b: Metagross|Metagross-Mega, L50\n|-mega|p1b: Metagross|Metagross|Metagrossite\n|move|p2a: Tyranitar|Knock Off|p1a: Milotic\n|-damage|p1a: Milotic|50/100g\n|-enditem|p1a: Milotic|Leftovers|[from] move: Knock Off|[of] p2a: Tyranitar\n|move|p1b: Metagross|Meteor Mash|p2a: Tyranitar\n|-supereffective|p2a: Tyranitar|1\n|-damage|p2a: Tyranitar|0 fnt\n|faint|p2a: Tyranitar\n|move|p2b: Milotic|Scald|p1b: Metagross\n|-damage|p1b: Metagross|70/100\n|-status|p1b: Metagross|brn\n|move|p1a: Milotic|Scald|p2b: Milotic\n|-resisted|p2b: Milotic|1\n|-damage|p2b: Milotic|53/100 brn\n|\n|-weather|Sandstorm|[upkeep]\n|-damage|p2b: Milotic|48/100 brn|[from] Sandstorm\n|-damage|p1a: Milotic|44/100|[from] Sandstorm\n|-enditem|p2b: Milotic|Sitrus Berry|[eat]\n|-heal|p2b: Milotic|72/100 brn|[from] item: Sitrus Berry\n|-damage|p1b: Metagross|64/100 brn|[from] brn\n|-damage|p2b: Milotic|66/100 brn|[from] brn\n|upkeep\n|\n|t:|1788315650\n|switch|p2a: Sinistcha|Sinistcha, L50|100/100\n|-heal|p2b: Milotic|91/100 brn|[from] ability: Hospitality|[of] p2a: Sinistcha\n|turn|3\n|\n|t:|1788315661\n|move|p2a: Sinistcha|Protect|p2a: Sinistcha\n|-singleturn|p2a: Sinistcha|Protect\n|move|p1b: Metagross|Psychic Fangs|p2b: Milotic\n|-damage|p2b: Milotic|67/100 brn\n|move|p2b: Milotic|Scald|p1b: Metagross\n|-damage|p1b: Metagross|37/100 brn\n|move|p1a: Milotic|Ice Beam|p2a: Sinistcha\n|-activate|p2a: Sinistcha|move: Protect\n|\n|-weather|Sandstorm|[upkeep]\n|-damage|p2b: Milotic|61/100 brn|[from] Sandstorm\n|-damage|p1a: Milotic|38/100|[from] Sandstorm\n|-damage|p2a: Sinistcha|93/100|[from] Sandstorm\n|-damage|p1b: Metagross|31/100 brn|[from] brn\n|-damage|p2b: Milotic|55/100 brn|[from] brn\n|upkeep\n|turn|4\n|\n|t:|1788315677\n|switch|p2a: Corviknight|Corviknight, L50, F, shiny|100/100\n|move|p1b: Metagross|Psychic Fangs|p2b: Milotic\n|-damage|p2b: Milotic|31/100 brn\n|move|p2b: Milotic|Scald|p1b: Metagross\n|-damage|p1b: Metagross|1/100 brn\n|move|p1a: Milotic|Ice Beam|p2a: Corviknight\n|-damage|p2a: Corviknight|68/100\n|\n|-weather|Sandstorm|[upkeep]\n|-damage|p2b: Milotic|25/100 brn|[from] Sandstorm\n|-damage|p1a: Milotic|32/100|[from] Sandstorm\n|-damage|p1b: Metagross|0 fnt|[from] brn\n|faint|p1b: Metagross\n|-damage|p2b: Milotic|19/100 brn|[from] brn\n|upkeep\n|\n|t:|1788315691\n|switch|p1b: Sneasler|Sneasler, L50, F|100/100\n|turn|5\n|\n|t:|1788315702\n|move|p2a: Corviknight|Protect|p2a: Corviknight\n|-singleturn|p2a: Corviknight|Protect\n|move|p1b: Sneasler|Fake Out|p2a: Corviknight\n|-activate|p2a: Corviknight|move: Protect\n|move|p2b: Milotic|Scald|p1b: Sneasler\n|-damage|p1b: Sneasler|59/100\n|move|p1a: Milotic|Ice Beam|p2b: Milotic\n|-resisted|p2b: Milotic|1\n|-damage|p2b: Milotic|8/100 brn\n|\n|-weather|none\n|-damage|p2b: Milotic|2/100 brn|[from] brn\n|upkeep\n|turn|6\n|\n|t:|1788315722\n|switch|p2a: Sinistcha|Sinistcha, L50|93/100\n|-heal|p2b: Milotic|27/100 brn|[from] ability: Hospitality|[of] p2a: Sinistcha\n|move|p1b: Sneasler|Close Combat|p2a: Sinistcha\n|-immune|p2a: Sinistcha\n|move|p2b: Milotic|Scald|p1b: Sneasler\n|-damage|p1b: Sneasler|22/100\n|move|p1a: Milotic|Recover|p1a: Milotic\n|-heal|p1a: Milotic|82/100\n|\n|-damage|p2b: Milotic|21/100 brn|[from] brn\n|upkeep\n|turn|7\n|inactive|cantchat_sorry has 30 seconds left.\n|\n|t:|1788315752\n|move|p2a: Sinistcha|Protect|p2a: Sinistcha\n|-singleturn|p2a: Sinistcha|Protect\n|move|p1b: Sneasler|Close Combat|p2b: Milotic\n|-damage|p2b: Milotic|0 fnt\n|-unboost|p1b: Sneasler|def|1\n|-unboost|p1b: Sneasler|spd|1\n|faint|p2b: Milotic\n|-enditem|p1b: Sneasler|White Herb\n|-clearnegativeboost|p1b: Sneasler|[silent]\n|move|p1a: Milotic|Ice Beam|p2a: Sinistcha\n|-activate|p2a: Sinistcha|move: Protect\n|\n|upkeep\n|\n|t:|1788315756\n|switch|p2b: Corviknight|Corviknight, L50, F, shiny|68/100\n|turn|8\n|\n|t:|1788315778\n|move|p1b: Sneasler|Dire Claw|p2a: Sinistcha\n|-damage|p2a: Sinistcha|54/100\n|move|p2b: Corviknight|Tailwind|p2b: Corviknight\n|-sidestart|p2: cantchat_sorry|move: Tailwind\n|move|p2a: Sinistcha|Matcha Gotcha|p1a: Milotic|[spread] p1a,p1b\n|-supereffective|p1a: Milotic|1\n|-resisted|p1b: Sneasler|1\n|-damage|p1a: Milotic|40/100\n|-heal|p2a: Sinistcha|75/100|[from] drain|[of] p1a: Milotic\n|-damage|p1b: Sneasler|7/100\n|-heal|p2a: Sinistcha|82/100|[from] drain|[of] p1b: Sneasler\n|move|p1a: Milotic|Ice Beam|p2b: Corviknight\n|-damage|p2b: Corviknight|34/100\n|\n|upkeep\n|turn|9\n|inactive|Cheribat has 30 seconds left.\n|\n|t:|1788315806\n|move|p1b: Sneasler|Close Combat|p2b: Corviknight\n|-damage|p2b: Corviknight|0 fnt\n|-unboost|p1b: Sneasler|def|1\n|-unboost|p1b: Sneasler|spd|1\n|faint|p2b: Corviknight\n|move|p2a: Sinistcha|Matcha Gotcha|p1b: Sneasler|[spread] p1a,p1b\n|-supereffective|p1a: Milotic|1\n|-resisted|p1b: Sneasler|1\n|-damage|p1a: Milotic|3/100\n|-heal|p2a: Sinistcha|100/100|[from] drain|[of] p1a: Milotic\n|-damage|p1b: Sneasler|0 fnt\n|faint|p1b: Sneasler\n|move|p1a: Milotic|Ice Beam|p2a: Sinistcha\n|-supereffective|p2a: Sinistcha|1\n|-damage|p2a: Sinistcha|48/100\n|\n|upkeep\n|turn|10\n|\n|t:|1788315824\n|move|p2a: Sinistcha|Matcha Gotcha|p1a: Milotic\n|-supereffective|p1a: Milotic|1\n|-damage|p1a: Milotic|0 fnt\n|-heal|p2a: Sinistcha|49/100|[from] drain|[of] p1a: Milotic\n|faint|p1a: Milotic\n|\n|win|cantchat_sorry\n|inactive|Cheribat has 30 seconds to confirm battle start!\n|inactive|cantchat_sorry has 30 seconds to confirm battle start!\n||Cheribat is ready for game 3.\n||cantchat_sorry is ready for game 3.\n|uhtml|next|Next: <a href=\"/battle-gen9championsvgc2026regmbbo3-2674209325\"><strong>Game 3 of 3</strong></a>\n","uploadtime":1788315831,"views":"0","formatid":"gen9championsvgc2026regmbbo3","rating":null,"private":0,"password":null}