{"id":"gen9championsvgc2026regmbbo3-2674969802","format":"[Gen 9 Champions] VGC 2026 Reg M-B (Bo3)","players":["ZURUYO","ronansting"],"log":"|j|☆ZURUYO\n|j|☆ronansting\n|html|<table width=\"100%\"><tr><td align=\"left\">ZURUYO</td><td align=\"right\">ronansting</tr><tr><td align=\"left\"><i class=\"fa fa-circle\"></i> <i class=\"fa fa-circle-o\"></i> </td><td align=\"right\"><i class=\"fa fa-circle-o\"></i> <i class=\"fa fa-circle\"></i> </tr></table>\n|uhtml|bestof|<h2><strong>Game 3</strong> of <a href=\"/game-bestof3-gen9championsvgc2026regmbbo3-2674966568\">a best-of-3</a></h2>\n|t:|1788443465\n|gametype|doubles\n|player|p1|ZURUYO|roxie|1142\n|player|p2|ronansting|baker|1200\n|gen|9\n|tier|[Gen 9 Champions] VGC 2026 Reg M-B (Bo3)\n|rated|\n|rule|Species Clause: Limit one of each Pokémon\n|rule|Item Clause: Limit 1 of each item\n|clearpoke\n|poke|p1|Charizard, L50, F|\n|poke|p1|Whimsicott, L50, M|\n|poke|p1|Garchomp, L50, F|\n|poke|p1|Floette-Eternal, L50, F|\n|poke|p1|Basculegion, L50, M|\n|poke|p1|Kingambit, L50, F|\n|poke|p2|Delphox, L50, F|\n|poke|p2|Maushold, L50|\n|poke|p2|Whimsicott, L50, M|\n|poke|p2|Garchomp, L50, F|\n|poke|p2|Staraptor, L50, F|\n|poke|p2|Basculegion, L50, M|\n|teampreview|4\n|showteam|p1|Charizard||CharizarditeY|Blaze|HeatWave,WeatherBall,AncientPower,Protect|Timid||F|||50|]Whimsicott||FocusSash|Prankster|Moonblast,Tailwind,Encore,Protect|Timid||M|||50|]Garchomp||SitrusBerry|RoughSkin|DragonClaw,Earthquake,RockSlide,Protect|Jolly||F|||50|]Floette-Eternal||Floettite|FlowerVeil|Moonblast,DazzlingGleam,LightofRuin,Protect|Modest||F|||50|]Basculegion||LifeOrb|Adaptability|WaveCrash,LastRespects,AquaJet,Protect|Adamant||M|||50|]Kingambit||OccaBerry|Defiant|KowtowCleave,SuckerPunch,IronHead,LowKick|Adamant||F|||50|\n|showteam|p2|Delphox||Delphoxite|Blaze|HeatWave,Psyshock,NastyPlot,Protect|Timid||F|||50|]Maushold||WideLens|Technician|PopulationBomb,FollowMe,Encore,Protect|Jolly|||||50|]Whimsicott||FocusSash|Prankster|Moonblast,Charm,Tailwind,Protect|Timid||M|||50|]Garchomp||LifeOrb|RoughSkin|Earthquake,DragonClaw,RockSlide,Protect|Jolly||F|||50|]Staraptor||Staraptite|Intimidate|BraveBird,CloseCombat,Roost,Protect|Jolly||F|||50|]Basculegion||ChoiceScarf|Adaptability|WaveCrash,LastRespects,AquaJet,FlipTurn|Jolly||M|||50|\n|\n|t:|1788443501\n|teamsize|p1|4\n|teamsize|p2|4\n|start\n|switch|p1a: Floette|Floette-Eternal, L50, F|100/100\n|switch|p1b: Whimsicott|Whimsicott, L50, M|100/100\n|switch|p2a: Whimsicott|Whimsicott, L50, M|100/100\n|switch|p2b: Maushold|Maushold, L50|100/100\n|turn|1\n|\n|t:|1788443511\n|detailschange|p1a: Floette|Floette-Mega, L50, F\n|-mega|p1a: Floette|Floette|Floettite\n|-ability|p1a: Floette|Fairy Aura\n|move|p2a: Whimsicott|Tailwind|p2a: Whimsicott\n|-sidestart|p2: ronansting|move: Tailwind\n|move|p2b: Maushold|Population Bomb|p1a: Floette\n|-damage|p1a: Floette|88/100\n|-damage|p1a: Floette|75/100\n|-damage|p1a: Floette|62/100\n|-damage|p1a: Floette|49/100\n|-damage|p1a: Floette|36/100\n|-damage|p1a: Floette|23/100\n|-damage|p1a: Floette|11/100\n|-damage|p1a: Floette|0 fnt\n|faint|p1a: Floette\n|-hitcount|p1: Floette|8\n|move|p1b: Whimsicott|Moonblast|p2a: Whimsicott\n|-damage|p2a: Whimsicott|37/100\n|\n|upkeep\n|\n|t:|1788443525\n|switch|p1a: Kingambit|Kingambit, L50, F|100/100\n|turn|2\n|\n|t:|1788443533\n|move|p1b: Whimsicott|Tailwind|p1b: Whimsicott\n|-sidestart|p1: ZURUYO|move: Tailwind\n|move|p2a: Whimsicott|Moonblast|p1a: Kingambit\n|-damage|p1a: Kingambit|63/100\n|move|p2b: Maushold|Population Bomb|p1b: Whimsicott\n|-damage|p1b: Whimsicott|83/100\n|-damage|p1b: Whimsicott|68/100\n|-damage|p1b: Whimsicott|52/100\n|-damage|p1b: Whimsicott|37/100\n|-damage|p1b: Whimsicott|21/100\n|-damage|p1b: Whimsicott|4/100\n|-damage|p1b: Whimsicott|0 fnt\n|faint|p1b: Whimsicott\n|-hitcount|p1: Whimsicott|7\n|move|p1a: Kingambit|Iron Head|p2a: Whimsicott\n|-supereffective|p2a: Whimsicott|1\n|-damage|p2a: Whimsicott|0 fnt\n|faint|p2a: Whimsicott\n|\n|upkeep\n|\n|t:|1788443553\n|switch|p2a: Basculegion|Basculegion, L50, M|100/100\n|switch|p1b: Basculegion|Basculegion, L50, M|100/100\n|turn|3\n|\n|t:|1788443587\n|move|p1b: Basculegion|Protect|p1b: Basculegion\n|-singleturn|p1b: Basculegion|Protect\n|move|p1a: Kingambit|Sucker Punch|p2a: Basculegion\n|-supereffective|p2a: Basculegion|1\n|-crit|p2a: Basculegion\n|-damage|p2a: Basculegion|0 fnt\n|faint|p2a: Basculegion\n|move|p2b: Maushold|Population Bomb|p1a: Kingambit\n|-resisted|p1a: Kingambit|1\n|-damage|p1a: Kingambit|58/100\n|-resisted|p1a: Kingambit|1\n|-damage|p1a: Kingambit|53/100\n|-resisted|p1a: Kingambit|1\n|-damage|p1a: Kingambit|48/100\n|-resisted|p1a: Kingambit|1\n|-damage|p1a: Kingambit|44/100\n|-resisted|p1a: Kingambit|1\n|-damage|p1a: Kingambit|39/100\n|-resisted|p1a: Kingambit|1\n|-damage|p1a: Kingambit|35/100\n|-resisted|p1a: Kingambit|1\n|-damage|p1a: Kingambit|30/100\n|-resisted|p1a: Kingambit|1\n|-damage|p1a: Kingambit|25/100\n|-resisted|p1a: Kingambit|1\n|-damage|p1a: Kingambit|21/100\n|-resisted|p1a: Kingambit|1\n|-damage|p1a: Kingambit|16/100\n|-hitcount|p1a: Kingambit|10\n|\n|upkeep\n|\n|t:|1788443598\n|switch|p2a: Staraptor|Staraptor, L50, F|100/100\n|-ability|p2a: Staraptor|Intimidate|boost\n|-unboost|p1a: Kingambit|atk|1\n|-ability|p1a: Kingambit|Defiant|boost\n|-boost|p1a: Kingambit|atk|2\n|-unboost|p1b: Basculegion|atk|1\n|turn|4\n|\n|t:|1788443617\n|detailschange|p2a: Staraptor|Staraptor-Mega, L50, F\n|-mega|p2a: Staraptor|Staraptor|Staraptite\n|move|p2b: Maushold|Follow Me|p2b: Maushold\n|-singleturn|p2b: Maushold|move: Follow Me\n|move|p1a: Kingambit|Sucker Punch||[still]\n|-fail|p1a: Kingambit\n|move|p2a: Staraptor|Close Combat|p1a: Kingambit\n|-supereffective|p1a: Kingambit|2\n|-damage|p1a: Kingambit|0 fnt\n|-boost|p2a: Staraptor|def|1\n|-boost|p2a: Staraptor|spd|1\n|faint|p1a: Kingambit\n|move|p1b: Basculegion|Wave Crash|p2b: Maushold\n|-damage|p2b: Maushold|0 fnt\n|faint|p2b: Maushold\n|-damage|p1b: Basculegion|74/100|[from] Recoil\n|-damage|p1b: Basculegion|65/100|[from] item: Life Orb\n|\n|-sideend|p2: ronansting|move: Tailwind\n|upkeep\n|turn|5\n|\n|t:|1788443633\n|move|p2a: Staraptor|Protect|p2a: Staraptor\n|-singleturn|p2a: Staraptor|Protect\n|move|p1b: Basculegion|Last Respects|p2a: Staraptor\n|-activate|p2a: Staraptor|move: Protect\n|\n|-sideend|p1: ZURUYO|move: Tailwind\n|upkeep\n|turn|6\n|inactive|Battle timer is ON: inactive players will automatically lose when time's up. (requested by ZURUYO)\n|\n|t:|1788443702\n|move|p2a: Staraptor|Close Combat|p1b: Basculegion\n|-immune|p1b: Basculegion\n|move|p1b: Basculegion|Last Respects|p2a: Staraptor\n|-damage|p2a: Staraptor|29/100\n|-damage|p1b: Basculegion|55/100|[from] item: Life Orb\n|\n|upkeep\n|turn|7\n|\n|t:|1788443711\n|move|p2a: Staraptor|Brave Bird|p1b: Basculegion\n|-damage|p1b: Basculegion|0 fnt\n|faint|p1b: Basculegion\n|-damage|p2a: Staraptor|10/100|[from] Recoil\n|\n|win|ronansting\n|raw|ZURUYO's rating: 1142 &rarr; <strong>1121</strong><br />(-21 for losing)\n|raw|ronansting's rating: 1200 &rarr; <strong>1221</strong><br />(+21 for winning)\n|c|☆ronansting|gg\n","uploadtime":1788443730,"views":"3","formatid":"gen9championsvgc2026regmbbo3","rating":1121,"private":0,"password":null}