{"id":"gen9championsvgc2026regmbbo3-2674174940","format":"[Gen 9 Champions] VGC 2026 Reg M-B (Bo3)","players":["eldanger10","wizzcoaster"],"log":"|j|☆eldanger10\n|j|☆wizzcoaster\n|html|<table width=\"100%\"><tr><td align=\"left\">eldanger10</td><td align=\"right\">wizzcoaster</tr><tr><td align=\"left\"><i class=\"fa fa-circle\"></i> <i class=\"fa fa-circle-o\"></i> </td><td align=\"right\"><i class=\"fa fa-circle-o\"></i> <i class=\"fa fa-circle-o\"></i> </tr></table>\n|uhtml|bestof|<h2><strong>Game 2</strong> of <a href=\"/game-bestof3-gen9championsvgc2026regmbbo3-2674173959\">a best-of-3</a></h2>\n|t:|1788310418\n|gametype|doubles\n|player|p1|eldanger10|hilda|1273\n|player|p2|wizzcoaster|adaman-masters|1313\n|gen|9\n|tier|[Gen 9 Champions] VGC 2026 Reg M-B (Bo3)\n|rated|\n|rule|Species Clause: Limit one of each Pokémon\n|rule|Item Clause: Limit 1 of each item\n|clearpoke\n|poke|p1|Charizard, L50, F|\n|poke|p1|Whimsicott, L50, M|\n|poke|p1|Floette-Eternal, L50, F|\n|poke|p1|Garchomp, L50, M|\n|poke|p1|Basculegion, L50, M|\n|poke|p1|Kingambit, L50, M|\n|poke|p2|Sneasler, L50, F|\n|poke|p2|Basculegion, L50, M|\n|poke|p2|Kingambit, L50, M|\n|poke|p2|Dragonite, L50, M|\n|poke|p2|Floette-Eternal, L50, F|\n|poke|p2|Garchomp, L50, F|\n|teampreview|4\n|showteam|p1|Charizard||CharizarditeY|Blaze|HeatWave,WeatherBall,AncientPower,Protect|Timid||F|||50|]Whimsicott||FocusSash|Prankster|Moonblast,Tailwind,Encore,Protect|Timid||M|||50|]Floette-Eternal||Floettite|FlowerVeil|Moonblast,DazzlingGleam,LightofRuin,Protect|Modest||F|||50|]Garchomp||LifeOrb|RoughSkin|DragonClaw,Earthquake,RockSlide,Protect|Jolly||M|||50|]Basculegion||ColburBerry|SwiftSwim|WaveCrash,LastRespects,AquaJet,Protect|Adamant||M|||50|]Kingambit||OccaBerry|Defiant|KowtowCleave,SuckerPunch,IronHead,LowKick|Adamant||M|||50|\n|showteam|p2|Sneasler||FocusSash|PoisonTouch|FakeOut,CloseCombat,DireClaw,Feint|Jolly||F|||50|]Basculegion||LifeOrb|Adaptability|WaveCrash,LastRespects,AquaJet,Protect|Adamant||M|||50|]Kingambit||ChopleBerry|Defiant|KowtowCleave,SuckerPunch,LowKick,IronHead|Adamant||M|||50|]Dragonite||Dragoninite|Multiscale|DragonPulse,HeatWave,ExtremeSpeed,Protect|Modest||M|||50|]Floette-Eternal||Floettite|FlowerVeil|Moonblast,DazzlingGleam,LightofRuin,Protect|Timid||F|||50|]Garchomp||ChoiceScarf|RoughSkin|DragonClaw,StompingTantrum,RockSlide,Earthquake|Adamant||F|||50|\n|inactive|Battle timer is ON: inactive players will automatically lose when time's up. (requested by eldanger10)\n|\n|t:|1788310446\n|teamsize|p1|4\n|teamsize|p2|4\n|start\n|switch|p1a: Whimsicott|Whimsicott, L50, M|100/100\n|switch|p1b: Basculegion|Basculegion, L50, M|100/100\n|switch|p2a: Kingambit|Kingambit, L50, M|100/100\n|switch|p2b: Garchomp|Garchomp, L50, F|100/100\n|turn|1\n|inactive|wizzcoaster has 30 seconds left.\n|\n|t:|1788310480\n|move|p1a: Whimsicott|Tailwind|p1a: Whimsicott\n|-sidestart|p1: eldanger10|move: Tailwind\n|move|p2a: Kingambit|Sucker Punch|p1b: Basculegion\n|-supereffective|p1b: Basculegion|1\n|-enditem|p1b: Basculegion|Colbur Berry|[eat]\n|-enditem|p1b: Basculegion|Colbur Berry|[weaken]\n|-damage|p1b: Basculegion|61/100\n|move|p1b: Basculegion|Wave Crash|p2a: Kingambit\n|-damage|p2a: Kingambit|55/100\n|-damage|p1b: Basculegion|46/100|[from] Recoil\n|move|p2b: Garchomp|Rock Slide|p1a: Whimsicott|[spread] p1b\n|-miss|p2b: Garchomp|p1a: Whimsicott\n|-damage|p1b: Basculegion|23/100\n|\n|upkeep\n|turn|2\n|\n|t:|1788310495\n|move|p1b: Basculegion|Aqua Jet|p2a: Kingambit\n|-damage|p2a: Kingambit|40/100\n|move|p1a: Whimsicott|Moonblast|p2b: Garchomp\n|-supereffective|p2b: Garchomp|1\n|-damage|p2b: Garchomp|22/100\n|move|p2b: Garchomp|Rock Slide|p1a: Whimsicott|[spread] p1a,p1b\n|-damage|p1a: Whimsicott|69/100\n|-damage|p1b: Basculegion|1/100\n|move|p2a: Kingambit|Iron Head|p1a: Whimsicott\n|-supereffective|p1a: Whimsicott|1\n|-damage|p1a: Whimsicott|0 fnt\n|faint|p1a: Whimsicott\n|\n|upkeep\n|\n|t:|1788310506\n|switch|p1a: Floette|Floette-Eternal, L50, F|100/100\n|turn|3\n|\n|t:|1788310518\n|detailschange|p1a: Floette|Floette-Mega, L50, F\n|-mega|p1a: Floette|Floette|Floettite\n|-ability|p1a: Floette|Fairy Aura\n|move|p1b: Basculegion|Aqua Jet|p2a: Kingambit\n|-crit|p2a: Kingambit\n|-damage|p2a: Kingambit|18/100\n|move|p1a: Floette|Dazzling Gleam|p2b: Garchomp|[spread] p2a,p2b\n|-supereffective|p2b: Garchomp|1\n|-damage|p2a: Kingambit|0 fnt\n|-damage|p2b: Garchomp|0 fnt\n|faint|p2a: Kingambit\n|faint|p2b: Garchomp\n|\n|upkeep\n|\n|t:|1788310527\n|switch|p2b: Dragonite|Dragonite, L50, M|100/100\n|switch|p2a: Sneasler|Sneasler, L50, F|100/100\n|turn|4\n|\n|t:|1788310538\n|detailschange|p2b: Dragonite|Dragonite-Mega, L50, M\n|-mega|p2b: Dragonite|Dragonite|Dragoninite\n|move|p2a: Sneasler|Fake Out|p1a: Floette\n|-damage|p1a: Floette|84/100\n|cant|p1a: Floette|flinch\n|move|p1b: Basculegion|Last Respects|p2a: Sneasler\n|-damage|p2a: Sneasler|17/100\n|move|p2b: Dragonite|Heat Wave|p1a: Floette|[spread] p1a,p1b\n|-resisted|p1b: Basculegion|1\n|-damage|p1a: Floette|61/100\n|-damage|p1b: Basculegion|0 fnt\n|faint|p1b: Basculegion\n|\n|-sideend|p1: eldanger10|move: Tailwind\n|upkeep\n|\n|t:|1788310547\n|switch|p1b: Kingambit|Kingambit, L50, M|100/100\n|turn|5\n|inactive|wizzcoaster has 30 seconds left.\n|\n|t:|1788310573\n|move|p2a: Sneasler|Feint|p1a: Floette\n|-damage|p1a: Floette|49/100\n|move|p1b: Kingambit|Sucker Punch||[still]\n|-fail|p1b: Kingambit\n|move|p2b: Dragonite|Heat Wave|p1b: Kingambit|[spread] p1a,p1b\n|-supereffective|p1b: Kingambit|1\n|-enditem|p1b: Kingambit|Occa Berry|[eat]\n|-enditem|p1b: Kingambit|Occa Berry|[weaken]\n|-damage|p1a: Floette|29/100\n|-damage|p1b: Kingambit|68/100\n|move|p1a: Floette|Dazzling Gleam|p2a: Sneasler|[spread] p2a,p2b\n|-supereffective|p2b: Dragonite|1\n|-damage|p2a: Sneasler|0 fnt\n|-damage|p2b: Dragonite|57/100\n|faint|p2a: Sneasler\n|\n|upkeep\n|turn|6\n|\n|t:|1788310588\n|move|p1a: Floette|Protect|p1a: Floette\n|-singleturn|p1a: Floette|Protect\n|move|p1b: Kingambit|Sucker Punch|p2b: Dragonite\n|-damage|p2b: Dragonite|22/100\n|move|p2b: Dragonite|Heat Wave|p1b: Kingambit|[spread] p1b\n|-activate|p1a: Floette|move: Protect\n|-supereffective|p1b: Kingambit|1\n|-damage|p1b: Kingambit|14/100\n|\n|upkeep\n|turn|7\n|\n|t:|1788310600\n|move|p2b: Dragonite|Extreme Speed|p1a: Floette\n|-damage|p1a: Floette|7/100\n|move|p1b: Kingambit|Sucker Punch||[still]\n|-fail|p1b: Kingambit\n|move|p1a: Floette|Moonblast|p2b: Dragonite\n|-supereffective|p2b: Dragonite|1\n|-crit|p2b: Dragonite\n|-damage|p2b: Dragonite|0 fnt\n|faint|p2b: Dragonite\n|\n|win|eldanger10\n|raw|eldanger10's rating: 1273 &rarr; <strong>1301</strong><br />(+28 for winning)\n|raw|wizzcoaster's rating: 1313 &rarr; <strong>1291</strong><br />(-22 for losing)\n|l|☆wizzcoaster\n|player|p2|\n","uploadtime":1788310684,"views":"14","formatid":"gen9championsvgc2026regmbbo3","rating":1291,"private":0,"password":null}