{"id":"gen9championsvgc2026regmb-2674914417","format":"[Gen 9 Champions] VGC 2026 Reg M-B","players":["fdtubcdtun","looger02"],"log":"|j|☆fdtubcdtun\n|j|☆looger02\n|t:|1788435054\n|gametype|doubles\n|player|p1|fdtubcdtun|blue|1360\n|player|p2|looger02|gardenia|1311\n|gen|9\n|tier|[Gen 9 Champions] VGC 2026 Reg M-B\n|rated|\n|rule|Species Clause: Limit one of each Pokémon\n|rule|Item Clause: Limit 1 of each item\n|clearpoke\n|poke|p1|Salazzle, L50, F|\n|poke|p1|Gengar, L50, M|\n|poke|p1|Incineroar, L50, M|\n|poke|p1|Kingambit, L50, M|\n|poke|p1|Sinistcha, L50|\n|poke|p1|Rotom-Wash, L50|\n|poke|p2|Gyarados, L50, F, shiny|\n|poke|p2|Sinistcha, L50|\n|poke|p2|Weavile, L50, F|\n|poke|p2|Toxapex, L50, F, shiny|\n|poke|p2|Metagross, L50, shiny|\n|poke|p2|Kommo-o, L50, F, shiny|\n|teampreview|4\n|inactive|Battle timer is ON: inactive players will automatically lose when time's up. (requested by looger02)\nfdtubcdtun rejected open team sheets.\n|inactive|looger02 has 60 seconds left.\n|\n|t:|1788435110\n|teamsize|p1|4\n|teamsize|p2|4\n|start\n|switch|p1a: Gengar|Gengar, L50, M|100/100\n|switch|p1b: Incineroar|Incineroar, L50, M|100/100\n|switch|p2a: Metagross|Metagross, L50, shiny|100/100\n|switch|p2b: Kommo-o|Kommo-o, L50, F, shiny|100/100\n|-ability|p1b: Incineroar|Intimidate|boost\n|-fail|p2a: Metagross|unboost|[from] ability: Clear Body|[of] p2a: Metagross\n|-unboost|p2b: Kommo-o|atk|1\n|turn|1\n|\n|t:|1788435131\n|switch|p2a: Sinistcha|Sinistcha, L50|100/100\n|detailschange|p1a: Gengar|Gengar-Mega, L50, M\n|-mega|p1a: Gengar|Gengar|Gengarite\n|move|p1b: Incineroar|Fake Out|p2a: Sinistcha\n|-immune|p2a: Sinistcha\n|move|p1a: Gengar|Perish Song|p1a: Gengar\n|-start|p1a: Gengar|perish3|[silent]\n|-start|p1b: Incineroar|perish3|[silent]\n|-start|p2a: Sinistcha|perish3|[silent]\n|-start|p2b: Kommo-o|perish3|[silent]\n|-fieldactivate|move: Perish Song\n|move|p2b: Kommo-o|Aura Sphere|p1b: Incineroar\n|-supereffective|p1b: Incineroar|1\n|-damage|p1b: Incineroar|37/100\n|\n|-start|p1a: Gengar|perish3\n|-start|p2b: Kommo-o|perish3\n|-start|p2a: Sinistcha|perish3\n|-start|p1b: Incineroar|perish3\n|upkeep\n|turn|2\n|inactive|fdtubcdtun has 30 seconds left.\n|\n|t:|1788435158\n|switch|p2a: Metagross|Metagross, L50, shiny|100/100\n|move|p1a: Gengar|Shadow Ball|p2a: Metagross\n|-supereffective|p2a: Metagross|1\n|-damage|p2a: Metagross|0 fnt\n|faint|p2a: Metagross\n|move|p2b: Kommo-o|Clanging Scales|p1b: Incineroar|[spread] p1a,p1b\n|-damage|p1a: Gengar|61/100\n|-damage|p1b: Incineroar|8/100\n|-unboost|p2b: Kommo-o|def|1\n|move|p1b: Incineroar|Flare Blitz|p2b: Kommo-o\n|-resisted|p2b: Kommo-o|1\n|-damage|p2b: Kommo-o|71/100\n|-damage|p1b: Incineroar|1/100|[from] Recoil\n|\n|-start|p1a: Gengar|perish2\n|-start|p2b: Kommo-o|perish2\n|-start|p1b: Incineroar|perish2\n|upkeep\n|\n|t:|1788435178\n|switch|p2a: Weavile|Weavile, L50, F|100/100\n|turn|3\n|\n|t:|1788435194\n|move|p1a: Gengar|Protect|p1a: Gengar\n|-singleturn|p1a: Gengar|Protect\n|move|p2a: Weavile|Protect|p2a: Weavile\n|-singleturn|p2a: Weavile|Protect\n|move|p1b: Incineroar|Protect|p1b: Incineroar\n|-singleturn|p1b: Incineroar|Protect\n|move|p2b: Kommo-o|Clanging Scales|p1a: Gengar|[spread] \n|-activate|p1a: Gengar|move: Protect\n|-activate|p1b: Incineroar|move: Protect\n|\n|-start|p1a: Gengar|perish1\n|-start|p2b: Kommo-o|perish1\n|-start|p1b: Incineroar|perish1\n|upkeep\n|turn|4\n|inactive|fdtubcdtun has 30 seconds left.\n|inactive|looger02 has 30 seconds left.\n|\n|t:|1788435228\n|switch|p1a: Rotom|Rotom-Wash, L50|100/100\n|move|p2a: Weavile|Knock Off|p1a: Rotom\n|-damage|p1a: Rotom|55/100\n|-enditem|p1a: Rotom|Leftovers|[from] move: Knock Off|[of] p2a: Weavile\n|move|p2b: Kommo-o|Aura Sphere|p1b: Incineroar\n|-supereffective|p1b: Incineroar|1\n|-damage|p1b: Incineroar|0 fnt\n|faint|p1b: Incineroar\n|\n|-start|p2b: Kommo-o|perish0\n|upkeep\n|faint|p2b: Kommo-o\n|\n|t:|1788435238\n|switch|p2b: Sinistcha|Sinistcha, L50|100/100\n|switch|p1b: Gengar|Gengar-Mega, L50, M|61/100\n|turn|5\n|\n|t:|1788435252\n|move|p2b: Sinistcha|Rage Powder|p2b: Sinistcha\n|-singleturn|p2b: Sinistcha|move: Rage Powder\n|move|p1b: Gengar|Perish Song|p1b: Gengar\n|-start|p1a: Rotom|perish3|[silent]\n|-start|p1b: Gengar|perish3|[silent]\n|-start|p2a: Weavile|perish3|[silent]\n|-start|p2b: Sinistcha|perish3|[silent]\n|-fieldactivate|move: Perish Song\n|move|p2a: Weavile|Knock Off|p1b: Gengar\n|-supereffective|p1b: Gengar|1\n|-damage|p1b: Gengar|0 fnt\n|faint|p1b: Gengar\n|move|p1a: Rotom|Will-O-Wisp|p2b: Sinistcha\n|-status|p2b: Sinistcha|brn\n|\n|-damage|p2b: Sinistcha|93/100 brn|[from] brn\n|-start|p2a: Weavile|perish3\n|-start|p1a: Rotom|perish3\n|-start|p2b: Sinistcha|perish3\n|upkeep\n|\n|t:|1788435261\n|switch|p1b: Sinistcha|Sinistcha, L50|100/100\n|-heal|p1a: Rotom|80/100|[from] ability: Hospitality|[of] p1b: Sinistcha\n|turn|6\n|\n|t:|1788435282\n|move|p1a: Rotom|Protect|p1a: Rotom\n|-singleturn|p1a: Rotom|Protect\n|move|p1b: Sinistcha|Protect|p1b: Sinistcha\n|-singleturn|p1b: Sinistcha|Protect\n|move|p2b: Sinistcha|Rage Powder|p2b: Sinistcha\n|-singleturn|p2b: Sinistcha|move: Rage Powder\n|move|p2a: Weavile|Triple Axel|p1b: Sinistcha\n|-activate|p1b: Sinistcha|move: Protect\n|\n|-damage|p2b: Sinistcha|87/100 brn|[from] brn\n|-start|p2a: Weavile|perish2\n|-start|p1a: Rotom|perish2\n|-start|p2b: Sinistcha|perish2\n|upkeep\n|turn|7\n|inactive|fdtubcdtun has 30 seconds left.\n|inactive|fdtubcdtun has 20 seconds left.\n|inactive|fdtubcdtun has 15 seconds left.\n|\n|t:|1788435323\n|move|p2a: Weavile|Triple Axel|p1b: Sinistcha\n|-supereffective|p1b: Sinistcha|1\n|-damage|p1b: Sinistcha|78/100\n|-supereffective|p1b: Sinistcha|1\n|-damage|p1b: Sinistcha|37/100\n|-supereffective|p1b: Sinistcha|1\n|-damage|p1b: Sinistcha|0 fnt\n|faint|p1b: Sinistcha\n|-hitcount|p1: Sinistcha|3\n|move|p1a: Rotom|Hydro Pump|p2b: Sinistcha\n|-resisted|p2b: Sinistcha|1\n|-damage|p2b: Sinistcha|72/100 brn\n|move|p2b: Sinistcha|Matcha Gotcha|p1a: Rotom\n|-supereffective|p1a: Rotom|1\n|-damage|p1a: Rotom|25/100\n|-heal|p2b: Sinistcha|96/100 brn|[from] drain|[of] p1a: Rotom\n|-status|p1a: Rotom|brn\n|\n|-damage|p1a: Rotom|19/100 brn|[from] brn\n|-damage|p2b: Sinistcha|90/100 brn|[from] brn\n|-start|p2a: Weavile|perish1\n|-start|p1a: Rotom|perish1\n|-start|p2b: Sinistcha|perish1\n|upkeep\n|turn|8\n|inactive|looger02 has 30 seconds left.\n|\n|t:|1788435350\n|move|p1a: Rotom|Protect|p1a: Rotom\n|-singleturn|p1a: Rotom|Protect\n|move|p2a: Weavile|Knock Off|p1a: Rotom\n|-activate|p1a: Rotom|move: Protect\n|move|p2b: Sinistcha|Matcha Gotcha|p1a: Rotom\n|-activate|p1a: Rotom|move: Protect\n|\n|-damage|p1a: Rotom|14/100 brn|[from] brn\n|-damage|p2b: Sinistcha|84/100 brn|[from] brn\n|-start|p2a: Weavile|perish0\n|-start|p1a: Rotom|perish0\n|-start|p2b: Sinistcha|perish0\n|faint|p2a: Weavile\n|faint|p1a: Rotom\n|faint|p2b: Sinistcha\n|\n|win|looger02\n|raw|fdtubcdtun's rating: 1360 &rarr; <strong>1337</strong><br />(-23 for losing)\n|raw|looger02's rating: 1311 &rarr; <strong>1334</strong><br />(+23 for winning)\n","uploadtime":1788435360,"views":"1","formatid":"gen9championsvgc2026regmb","rating":1334,"private":0,"password":null}