{"id":"gen9championsvgc2026regmb-2674909968","format":"[Gen 9 Champions] VGC 2026 Reg M-B","players":["rayan04","looger02"],"log":"|j|☆rayan04\n|j|☆looger02\n|t:|1788434225\n|gametype|doubles\n|player|p1|rayan04|101|1329\n|player|p2|looger02|gardenia|1305\n|gen|9\n|tier|[Gen 9 Champions] VGC 2026 Reg M-B\n|rated|\n|rule|Species Clause: Limit one of each Pokémon\n|rule|Item Clause: Limit 1 of each item\n|clearpoke\n|poke|p1|Charizard, L50, M|\n|poke|p1|Aerodactyl, L50, F|\n|poke|p1|Farigiraf, L50, F|\n|poke|p1|Kingambit, L50, F|\n|poke|p1|Garchomp, L50, F|\n|poke|p1|Sylveon, L50, M|\n|poke|p2|Gyarados, L50, F, shiny|\n|poke|p2|Sinistcha, L50|\n|poke|p2|Weavile, L50, M|\n|poke|p2|Toxapex, L50, M, shiny|\n|poke|p2|Metagross, L50, shiny|\n|poke|p2|Kommo-o, L50, F, shiny|\n|teampreview|4\n|inactive|Battle timer is ON: inactive players will automatically lose when time's up. (requested by looger02)\n|\n|t:|1788434248\n|teamsize|p1|4\n|teamsize|p2|4\n|start\n|switch|p1a: Charizard|Charizard, L50, M|100/100\n|switch|p1b: Garchomp|Garchomp, L50, F|100/100\n|switch|p2a: Weavile|Weavile, L50, M|100/100\n|switch|p2b: Toxapex|Toxapex, L50, M, shiny|100/100\n|turn|1\n|\n|t:|1788434266\n|detailschange|p1a: Charizard|Charizard-Mega-Y, L50, M\n|-mega|p1a: Charizard|Charizard|Charizardite Y\n|-weather|SunnyDay|[from] ability: Drought|[of] p1a: Charizard\n|move|p2a: Weavile|Protect|p2a: Weavile\n|-singleturn|p2a: Weavile|Protect\n|move|p1b: Garchomp|Protect|p1b: Garchomp\n|-singleturn|p1b: Garchomp|Protect\n|move|p1a: Charizard|Protect|p1a: Charizard\n|-singleturn|p1a: Charizard|Protect\n|move|p2b: Toxapex|Toxic|p1a: Charizard\n|-activate|p1a: Charizard|move: Protect\n|\n|-weather|SunnyDay|[upkeep]\n|upkeep\n|turn|2\n|inactive|looger02 has 30 seconds left.\n|\n|t:|1788434301\n|switch|p2a: Kommo-o|Kommo-o, L50, F, shiny|100/100\n|switch|p1b: Kingambit|Kingambit, L50, F|100/100\n|move|p1a: Charizard|Weather Ball|p2a: Kommo-o\n|-immune|p2a: Kommo-o|[from] ability: Bulletproof\n|move|p2b: Toxapex|Toxic|p1a: Charizard\n|-status|p1a: Charizard|tox\n|\n|-weather|SunnyDay|[upkeep]\n|-damage|p1a: Charizard|94/100 tox|[from] psn\n|upkeep\n|turn|3\n|inactive|looger02 has 30 seconds left.\n|\n|t:|1788434328\n|switch|p1a: Sylveon|Sylveon, L50, M|100/100\n|move|p2a: Kommo-o|Protect|p2a: Kommo-o\n|-singleturn|p2a: Kommo-o|Protect\n|move|p1b: Kingambit|Kowtow Cleave|p2b: Toxapex\n|-damage|p2b: Toxapex|63/100\n|move|p2b: Toxapex|Infestation|p1a: Sylveon\n|-resisted|p1a: Sylveon|1\n|-damage|p1a: Sylveon|98/100\n|-activate|p1a: Sylveon|move: Infestation|[of] p2b: Toxapex\n|\n|-weather|SunnyDay|[upkeep]\n|-heal|p2b: Toxapex|69/100|[from] item: Leftovers\n|-damage|p1a: Sylveon|86/100|[from] move: Infestation|[partiallytrapped]\n|upkeep\n|turn|4\n|inactive|rayan04 has 30 seconds left.\n|inactive|looger02 has 30 seconds left.\n|inactive|looger02 has 20 seconds left.\n|inactive|looger02 has 15 seconds left.\n|\n|t:|1788434369\n|switch|p2a: Weavile|Weavile, L50, M|100/100\n|move|p1a: Sylveon|Quick Attack|p2a: Weavile\n|-supereffective|p2a: Weavile|1\n|-damage|p2a: Weavile|59/100\n|move|p1b: Kingambit|Iron Head|p2a: Weavile\n|-supereffective|p2a: Weavile|1\n|-damage|p2a: Weavile|0 fnt\n|faint|p2a: Weavile\n|move|p2b: Toxapex|Toxic|p1a: Sylveon\n|-status|p1a: Sylveon|tox\n|\n|-weather|SunnyDay|[upkeep]\n|-heal|p2b: Toxapex|75/100|[from] item: Leftovers\n|-damage|p1a: Sylveon|81/100 tox|[from] psn\n|-damage|p1a: Sylveon|69/100 tox|[from] move: Infestation|[partiallytrapped]\n|upkeep\n|\n|t:|1788434384\n|switch|p2a: Kommo-o|Kommo-o, L50, F, shiny|100/100\n|turn|5\n|\n|t:|1788434406\n|move|p2a: Kommo-o|Protect|p2a: Kommo-o\n|-singleturn|p2a: Kommo-o|Protect\n|move|p2b: Toxapex|Baneful Bunker|p2b: Toxapex\n|-singleturn|p2b: Toxapex|move: Protect\n|move|p1b: Kingambit|Kowtow Cleave|p2b: Toxapex\n|-activate|p2b: Toxapex|move: Protect\n|move|p1a: Sylveon|Hyper Voice|p2a: Kommo-o|[spread] \n|-activate|p2a: Kommo-o|move: Protect\n|-activate|p2b: Toxapex|move: Protect\n|\n|-weather|none\n|-heal|p2b: Toxapex|80/100|[from] item: Leftovers\n|-damage|p1a: Sylveon|57/100 tox|[from] psn\n|-damage|p1a: Sylveon|45/100 tox|[from] move: Infestation|[partiallytrapped]\n|upkeep\n|turn|6\n|\n|t:|1788434428\n|move|p2b: Toxapex|Wide Guard|p2b: Toxapex\n|-singleturn|p2b: Toxapex|Wide Guard\n|move|p2a: Kommo-o|Aura Sphere|p1b: Kingambit\n|-supereffective|p1b: Kingambit|2\n|-enditem|p1b: Kingambit|Focus Sash\n|-damage|p1b: Kingambit|1/100\n|move|p1b: Kingambit|Iron Head|p2b: Toxapex\n|-resisted|p2b: Toxapex|1\n|-damage|p2b: Toxapex|63/100\n|move|p1a: Sylveon|Hyper Voice|p2b: Toxapex|[spread] \n|-activate|p2a: Kommo-o|move: Wide Guard\n|-activate|p2b: Toxapex|move: Wide Guard\n|\n|-heal|p2b: Toxapex|69/100|[from] item: Leftovers\n|-damage|p1a: Sylveon|28/100 tox|[from] psn\n|-damage|p1a: Sylveon|16/100 tox|[from] move: Infestation|[partiallytrapped]\n|upkeep\n|turn|7\n|inactive|rayan04 has 30 seconds left.\n|inactive|looger02 has 30 seconds left.\n|inactive|looger02 has 20 seconds left.\n|\n|t:|1788434466\n|switch|p1b: Garchomp|Garchomp, L50, F|100/100\n|-heal|p2b: Toxapex|100/100|[from] ability: Regenerator|[silent]\n|switch|p2b: Gyarados|Gyarados, L50, F, shiny|100/100\n|-ability|p2b: Gyarados|Intimidate|boost\n|-unboost|p1a: Sylveon|atk|1\n|-unboost|p1b: Garchomp|atk|1\n|move|p2a: Kommo-o|Protect|p2a: Kommo-o\n|-singleturn|p2a: Kommo-o|Protect\n|move|p1a: Sylveon|Quick Attack|p2a: Kommo-o\n|-activate|p2a: Kommo-o|move: Protect\n|\n|-damage|p1a: Sylveon|0 fnt|[from] psn\n|faint|p1a: Sylveon\n|upkeep\n|\n|t:|1788434486\n|switch|p1a: Charizard|Charizard-Mega-Y, L50, M|94/100 tox\n|-weather|SunnyDay|[from] ability: Drought|[of] p1a: Charizard\n|turn|8\n|inactive|looger02 has 30 seconds left.\n|\n|t:|1788434514\n|switch|p2a: Toxapex|Toxapex, L50, M, shiny|100/100\n|detailschange|p2b: Gyarados|Gyarados-Mega, L50, F, shiny\n|-mega|p2b: Gyarados|Gyarados|Gyaradosite\n|-ability|p2b: Gyarados|Mold Breaker\n|move|p1b: Garchomp|Dragon Claw|p2a: Toxapex\n|-damage|p2a: Toxapex|75/100\n|-damage|p1b: Garchomp|90/100|[from] item: Life Orb\n|move|p1a: Charizard|Solar Beam||[still]\n|-prepare|p1a: Charizard|Solar Beam\n|-anim|p1a: Charizard|Solar Beam|p2b: Gyarados\n|-supereffective|p2b: Gyarados|1\n|-damage|p2b: Gyarados|31/100\n|move|p2b: Gyarados|Lash Out|p1a: Charizard\n|-damage|p1a: Charizard|49/100 tox\n|\n|-weather|SunnyDay|[upkeep]\n|-heal|p2a: Toxapex|80/100|[from] item: Leftovers\n|-damage|p1a: Charizard|43/100 tox|[from] psn\n|upkeep\n|turn|9\n|inactive|rayan04 has 30 seconds left.\n|inactive|looger02 has 30 seconds left.\n|\n|t:|1788434549\n|switch|p1b: Kingambit|Kingambit, L50, F|1/100\n|move|p2b: Gyarados|Protect|p2b: Gyarados\n|-singleturn|p2b: Gyarados|Protect\n|move|p1a: Charizard|Solar Beam||[still]\n|-prepare|p1a: Charizard|Solar Beam\n|-anim|p1a: Charizard|Solar Beam|p2b: Gyarados\n|-activate|p2b: Gyarados|move: Protect\n|move|p2a: Toxapex|Infestation|p1a: Charizard\n|-resisted|p1a: Charizard|2\n|-damage|p1a: Charizard|42/100 tox\n|-activate|p1a: Charizard|move: Infestation|[of] p2a: Toxapex\n|\n|-weather|SunnyDay|[upkeep]\n|-heal|p2a: Toxapex|86/100|[from] item: Leftovers\n|-damage|p1a: Charizard|31/100 tox|[from] psn\n|-damage|p1a: Charizard|19/100 tox|[from] move: Infestation|[partiallytrapped]\n|upkeep\n|turn|10\n|inactive|rayan04 has 30 seconds left.\n|inactive|looger02 has 30 seconds left.\n|inactive|looger02 has 20 seconds left.\n|inactive|looger02 has 15 seconds left.\n|\n|t:|1788434592\n|move|p1a: Charizard|Solar Beam||[still]\n|-prepare|p1a: Charizard|Solar Beam\n|-anim|p1a: Charizard|Solar Beam|p2b: Gyarados\n|-supereffective|p2b: Gyarados|1\n|-damage|p2b: Gyarados|0 fnt\n|faint|p2b: Gyarados\n|move|p1b: Kingambit|Kowtow Cleave|p2a: Toxapex\n|-damage|p2a: Toxapex|55/100\n|move|p2a: Toxapex|Infestation|p1b: Kingambit\n|-damage|p1b: Kingambit|0 fnt\n|faint|p1b: Kingambit\n|\n|-weather|SunnyDay|[upkeep]\n|-heal|p2a: Toxapex|61/100|[from] item: Leftovers\n|-damage|p1a: Charizard|2/100 tox|[from] psn\n|-damage|p1a: Charizard|0 fnt|[from] move: Infestation|[partiallytrapped]\n|faint|p1a: Charizard\n|upkeep\n|\n|t:|1788434610\n|switch|p2b: Kommo-o|Kommo-o, L50, F, shiny|100/100\n|switch|p1b: Garchomp|Garchomp, L50, F|90/100\n|turn|11\n|\n|t:|1788434620\n|move|p1b: Garchomp|Earthquake|p2b: Kommo-o|[spread] p2a,p2b\n|-supereffective|p2a: Toxapex|1\n|-damage|p2a: Toxapex|0 fnt\n|-damage|p2b: Kommo-o|54/100\n|faint|p2a: Toxapex\n|-damage|p1b: Garchomp|80/100|[from] item: Life Orb\n|move|p2b: Kommo-o|Clanging Scales|p1b: Garchomp\n|-supereffective|p1b: Garchomp|1\n|-damage|p1b: Garchomp|0 fnt\n|faint|p1b: Garchomp\n|\n|win|looger02\n|raw|rayan04's rating: 1329 &rarr; <strong>1308</strong><br />(-21 for losing)\n|raw|looger02's rating: 1305 &rarr; <strong>1326</strong><br />(+21 for winning)\n","uploadtime":1788434627,"views":"0","formatid":"gen9championsvgc2026regmb","rating":1308,"private":0,"password":null}