{"id":"gen9championsvgc2026regmb-2674705580","format":"[Gen 9 Champions] VGC 2026 Reg M-B","players":["ImSoCalamari","L1minuS"],"log":"|j|☆ImSoCalamari\n|j|☆L1minuS\n|t:|1788393394\n|gametype|doubles\n|player|p1|ImSoCalamari|aromalady|1151\n|player|p2|L1minuS|harlequin|1175\n|gen|9\n|tier|[Gen 9 Champions] VGC 2026 Reg M-B\n|rated|\n|rule|Species Clause: Limit one of each Pokémon\n|rule|Item Clause: Limit 1 of each item\n|clearpoke\n|poke|p1|Sylveon, L50, F|\n|poke|p1|Raichu, L50, F|\n|poke|p1|Staraptor, L50, M|\n|poke|p1|Arcanine-Hisui, L50, F|\n|poke|p1|Farigiraf, L50, F|\n|poke|p1|Kingambit, L50, F|\n|poke|p2|Primarina, L50, M|\n|poke|p2|Farigiraf, L50, F|\n|poke|p2|Scovillain, L50, M|\n|poke|p2|Kingambit, L50, M|\n|poke|p2|Dragonite, L50, F|\n|poke|p2|Pelipper, L50, M|\n|teampreview|4\n|\n|t:|1788393437\n|teamsize|p1|4\n|teamsize|p2|4\n|start\n|switch|p1a: Staraptor|Staraptor, L50, M|100/100\n|switch|p1b: Arcanine|Arcanine-Hisui, L50, F|100/100\n|switch|p2a: Farigiraf|Farigiraf, L50, F|100/100\n|switch|p2b: Scovillain|Scovillain, L50, M|100/100\n|-ability|p1a: Staraptor|Intimidate|boost\n|-unboost|p2a: Farigiraf|atk|1\n|-unboost|p2b: Scovillain|atk|1\n|turn|1\n|\n|t:|1788393467\n|switch|p1a: Sylveon|Sylveon, L50, F|100/100\n|detailschange|p2b: Scovillain|Scovillain-Mega, L50, M\n|-mega|p2b: Scovillain|Scovillain|Scovillainite\n|move|p2b: Scovillain|Rage Powder|p2b: Scovillain\n|-singleturn|p2b: Scovillain|move: Rage Powder\n|move|p1b: Arcanine|Head Smash|p2b: Scovillain\n|-supereffective|p2b: Scovillain|1\n|-damage|p2b: Scovillain|0 fnt\n|faint|p2b: Scovillain\n|move|p2a: Farigiraf|Trick Room|p2a: Farigiraf\n|-fieldstart|move: Trick Room|[of] p2a: Farigiraf\n|\n|upkeep\n|\n|t:|1788393478\n|switch|p2b: Primarina|Primarina, L50, M|100/100\n|turn|2\n|\n|t:|1788393520\n|move|p1a: Sylveon|Protect|p1a: Sylveon\n|-singleturn|p1a: Sylveon|Protect\n|move|p1b: Arcanine|Protect|p1b: Arcanine\n|-singleturn|p1b: Arcanine|Protect\n|move|p2b: Primarina|Hyper Voice|p1b: Arcanine|[spread] \n|-activate|p1a: Sylveon|move: Protect\n|-activate|p1b: Arcanine|move: Protect\n|move|p2a: Farigiraf|Thunderbolt|p1b: Arcanine\n|-activate|p1b: Arcanine|move: Protect\n|\n|upkeep\n|turn|3\n|\n|t:|1788393540\n|switch|p1b: Raichu|Raichu, L50, F|100/100\n|move|p2a: Farigiraf|Psychic|p1b: Raichu\n|-damage|p1b: Raichu|53/100\n|move|p2b: Primarina|Hyper Voice|p1b: Raichu|[spread] p1a,p1b\n|-damage|p1a: Sylveon|63/100\n|-damage|p1b: Raichu|0 fnt\n|faint|p1b: Raichu\n|-damage|p2b: Primarina|90/100|[from] item: Life Orb\n|move|p1a: Sylveon|Hyper Voice|p2b: Primarina|[spread] p2a,p2b\n|-damage|p2a: Farigiraf|57/100\n|-damage|p2b: Primarina|52/100\n|\n|upkeep\n|\n|t:|1788393556\n|switch|p1b: Arcanine|Arcanine-Hisui, L50, F|100/100\n|turn|4\n|\n|t:|1788393569\n|switch|p2a: Kingambit|Kingambit, L50, M|100/100\n|move|p1b: Arcanine|Protect|p1b: Arcanine\n|-singleturn|p1b: Arcanine|Protect\n|move|p2b: Primarina|Hyper Voice|p1b: Arcanine|[spread] p1a\n|-activate|p1b: Arcanine|move: Protect\n|-damage|p1a: Sylveon|24/100\n|-damage|p2b: Primarina|43/100|[from] item: Life Orb\n|move|p1a: Sylveon|Hyper Beam|p2b: Primarina\n|-damage|p2b: Primarina|0 fnt\n|-mustrecharge|p1a: Sylveon\n|faint|p2b: Primarina\n|\n|upkeep\n|\n|t:|1788393580\n|switch|p2b: Farigiraf|Farigiraf, L50, F|57/100\n|turn|5\n|\n|t:|1788393599\n|switch|p1b: Staraptor|Staraptor, L50, M|100/100\n|-ability|p1b: Staraptor|Intimidate|boost\n|-unboost|p2a: Kingambit|atk|1\n|-ability|p2a: Kingambit|Defiant|boost\n|-boost|p2a: Kingambit|atk|2\n|-unboost|p2b: Farigiraf|atk|1\n|move|p2a: Kingambit|Kowtow Cleave|p1b: Staraptor\n|-damage|p1b: Staraptor|0 fnt\n|faint|p1b: Staraptor\n|move|p2b: Farigiraf|Psychic|p1a: Sylveon\n|-crit|p1a: Sylveon\n|-damage|p1a: Sylveon|0 fnt\n|faint|p1a: Sylveon\n|\n|-fieldend|move: Trick Room\n|upkeep\n|\n|t:|1788393604\n|switch|p1b: Arcanine|Arcanine-Hisui, L50, F|100/100\n|turn|6\n|\n|t:|1788393631\n|move|p2a: Kingambit|Sucker Punch|p1b: Arcanine\n|-damage|p1b: Arcanine|20/100y\n|move|p1b: Arcanine|Flare Blitz|p2a: Kingambit\n|-supereffective|p2a: Kingambit|1\n|-damage|p2a: Kingambit|13/100\n|move|p2b: Farigiraf|Trick Room|p2b: Farigiraf\n|-fieldstart|move: Trick Room|[of] p2b: Farigiraf\n|\n|upkeep\n|turn|7\n|-message|ImSoCalamari forfeited.\n|\n|win|L1minuS\n|raw|ImSoCalamari's rating: 1151 &rarr; <strong>1128</strong><br />(-23 for losing)\n|raw|L1minuS's rating: 1175 &rarr; <strong>1198</strong><br />(+23 for winning)\n|l|☆L1minuS\n|player|p2|\n","uploadtime":1788393653,"views":"1","formatid":"gen9championsvgc2026regmb","rating":1128,"private":0,"password":null}