{"id":"gen9championsvgc2026regmb-2674330246","format":"[Gen 9 Champions] VGC 2026 Reg M-B","players":["thekog416","lexabmoob"],"log":"|j|☆thekog416\n|j|☆lexabmoob\n|t:|1788342444\n|gametype|doubles\n|player|p1|thekog416|hilda|1517\n|player|p2|lexabmoob|170|1543\n|gen|9\n|tier|[Gen 9 Champions] VGC 2026 Reg M-B\n|rated|\n|rule|Species Clause: Limit one of each Pokémon\n|rule|Item Clause: Limit 1 of each item\n|clearpoke\n|poke|p1|Weavile, L50, M|\n|poke|p1|Palafin, L50, M|\n|poke|p1|Dragalge, L50, F|\n|poke|p1|Kingambit, L50, F|\n|poke|p1|Ninetales-Alola, L50, M|\n|poke|p1|Sableye, L50, M|\n|poke|p2|Blastoise, L50, F|\n|poke|p2|Altaria, L50, M|\n|poke|p2|Basculegion, L50, M|\n|poke|p2|Farigiraf, L50, M|\n|poke|p2|Zoroark-Hisui, L50, M|\n|poke|p2|Lucario, L50, F|\n|teampreview|4\n|\n|t:|1788342481\n|teamsize|p1|4\n|teamsize|p2|4\n|start\n|switch|p1a: Palafin|Palafin, L50, M|100/100\n|switch|p1b: Dragalge|Dragalge, L50, F|100/100\n|switch|p2a: Blastoise|Blastoise, L50, F|100/100\n|switch|p2b: Farigiraf|Farigiraf, L50, M|100/100\n|turn|1\n|\n|t:|1788342504\n|detailschange|p2a: Blastoise|Blastoise-Mega, L50, F\n|-mega|p2a: Blastoise|Blastoise|Blastoisinite\n|detailschange|p1b: Dragalge|Dragalge-Mega, L50, F\n|-mega|p1b: Dragalge|Dragalge|Dragalgite\n|move|p2b: Farigiraf|Hyper Voice|p1b: Dragalge|[spread] p1a,p1b\n|-damage|p1a: Palafin|31/100\n|-damage|p1b: Dragalge|69/100\n|-damage|p2b: Farigiraf|90/100|[from] item: Life Orb\n|move|p1a: Palafin|Flip Turn|p2b: Farigiraf\n|-damage|p2b: Farigiraf|48/100\n|replace|p2b: Zoroark|Zoroark-Hisui, L50, M\n|-end|p2b: Zoroark|Illusion\n|\n|t:|1788342520\n|detailschange|p1a: Palafin|Palafin-Hero, L50, M\n|switch|p1a: Weavile|Weavile, L50, M|100/100|[from] Flip Turn\n|move|p2a: Blastoise|Ice Beam|p1b: Dragalge\n|-supereffective|p1b: Dragalge|1\n|-damage|p1b: Dragalge|22/100\n|move|p1b: Dragalge|Sludge Bomb|p2b: Zoroark\n|-resisted|p2b: Zoroark|1\n|-damage|p2b: Zoroark|0 fnt\n|faint|p2b: Zoroark\n|\n|upkeep\n|\n|t:|1788342537\n|switch|p2b: Farigiraf|Farigiraf, L50, M|100/100\n|turn|2\n|\n|t:|1788342576\n|-heal|p1b: Dragalge|55/100|[from] ability: Regenerator|[silent]\n|switch|p1b: Kingambit|Kingambit, L50, F|100/100\n|move|p1a: Weavile|Psycho Cut|p2a: Blastoise\n|-damage|p2a: Blastoise|79/100\n|move|p2a: Blastoise|Dark Pulse|p1b: Kingambit\n|-resisted|p1b: Kingambit|1\n|-damage|p1b: Kingambit|78/100\n|move|p2b: Farigiraf|Thunderbolt|p1a: Weavile\n|-damage|p1a: Weavile|62/100\n|\n|upkeep\n|turn|3\n|\n|t:|1788342608\n|switch|p1a: Dragalge|Dragalge-Mega, L50, F|55/100\n|move|p2a: Blastoise|Aura Sphere|p1b: Kingambit\n|-supereffective|p1b: Kingambit|2\n|-enditem|p1b: Kingambit|Chople Berry|[eat]\n|-enditem|p1b: Kingambit|Chople Berry|[weaken]\n|-damage|p1b: Kingambit|1/100\n|move|p2b: Farigiraf|Thunderbolt|p1a: Dragalge\n|-resisted|p1a: Dragalge|1\n|-damage|p1a: Dragalge|45/100\n|move|p1b: Kingambit|Kowtow Cleave|p2b: Farigiraf\n|-supereffective|p2b: Farigiraf|1\n|-crit|p2b: Farigiraf\n|-enditem|p2b: Farigiraf|Colbur Berry|[eat]\n|-enditem|p2b: Farigiraf|Colbur Berry|[weaken]\n|-damage|p2b: Farigiraf|33/100\n|\n|upkeep\n|turn|4\n|\n|t:|1788342637\n|-heal|p1a: Dragalge|78/100|[from] ability: Regenerator|[silent]\n|switch|p1a: Weavile|Weavile, L50, M|62/100\n|move|p2a: Blastoise|Aura Sphere|p1b: Kingambit\n|-supereffective|p1b: Kingambit|2\n|-damage|p1b: Kingambit|0 fnt\n|faint|p1b: Kingambit\n|move|p2b: Farigiraf|Psychic|p1a: Weavile\n|-immune|p1a: Weavile\n|\n|upkeep\n|\n|t:|1788342649\n|switch|p1b: Dragalge|Dragalge-Mega, L50, F|78/100\n|turn|5\n|\n|t:|1788342670\n|move|p1a: Weavile|Triple Axel|p2b: Farigiraf\n|-damage|p2b: Farigiraf|23/100\n|-damage|p2b: Farigiraf|4/100\n|-damage|p2b: Farigiraf|0 fnt\n|faint|p2b: Farigiraf\n|-hitcount|p2: Farigiraf|3\n|move|p2a: Blastoise|Aura Sphere|p1a: Weavile\n|-supereffective|p1a: Weavile|2\n|-damage|p1a: Weavile|0 fnt\n|faint|p1a: Weavile\n|move|p1b: Dragalge|Sludge Bomb|p2a: Blastoise\n|-damage|p2a: Blastoise|30/100\n|\n|upkeep\n|\n|t:|1788342684\n|switch|p1a: Palafin|Palafin-Hero, L50, M|31/100\n|switch|p2b: Basculegion|Basculegion, L50, M|100/100\n|-activate|p1a: Palafin|ability: Zero to Hero\n|turn|6\n|\n|t:|1788342699\n|move|p2a: Blastoise|Protect|p2a: Blastoise\n|-singleturn|p2a: Blastoise|Protect\n|move|p1a: Palafin|Close Combat|p2a: Blastoise\n|-activate|p2a: Blastoise|move: Protect\n|move|p2b: Basculegion|Last Respects|p1a: Palafin\n|-damage|p1a: Palafin|0 fnt\n|faint|p1a: Palafin\n|move|p1b: Dragalge|Scald|p2b: Basculegion\n|-resisted|p2b: Basculegion|1\n|-damage|p2b: Basculegion|82/100\n|\n|upkeep\n|turn|7\n|\n|t:|1788342719\n|move|p2b: Basculegion|Last Respects|p1b: Dragalge\n|-damage|p1b: Dragalge|0 fnt\n|faint|p1b: Dragalge\n|\n|win|lexabmoob\n|raw|thekog416's rating: 1517 &rarr; <strong>1498</strong><br />(-19 for losing)\n|raw|lexabmoob's rating: 1543 &rarr; <strong>1562</strong><br />(+19 for winning)\n|l|☆thekog416\n|player|p1|\n","uploadtime":1788342818,"views":"1","formatid":"gen9championsvgc2026regmb","rating":1498,"private":0,"password":null}