{"id":"gen9championsvgc2026regmb-2674846536","format":"[Gen 9 Champions] VGC 2026 Reg M-B","players":["weyman808","nanouqj"],"log":"|j|☆weyman808\n|j|☆nanouqj\n|t:|1788420027\n|gametype|doubles\n|player|p1|weyman808|266|1457\n|player|p2|nanouqj|steven|1449\n|gen|9\n|tier|[Gen 9 Champions] VGC 2026 Reg M-B\n|rated|\n|rule|Species Clause: Limit one of each Pokémon\n|rule|Item Clause: Limit 1 of each item\n|clearpoke\n|poke|p1|Charizard, L50, F|\n|poke|p1|Whimsicott, L50, M|\n|poke|p1|Garchomp, L50, F|\n|poke|p1|Floette-Eternal, L50, F|\n|poke|p1|Basculegion, L50, M|\n|poke|p1|Kingambit, L50, F|\n|poke|p2|Floette-Eternal, L50, F|\n|poke|p2|Excadrill, L50, M|\n|poke|p2|Whimsicott, L50, M|\n|poke|p2|Garchomp, L50, F|\n|poke|p2|Kingambit, L50, M|\n|poke|p2|Delphox, L50, F|\n|teampreview|4\n|inactive|Battle timer is ON: inactive players will automatically lose when time's up. (requested by weyman808)\n|inactive|nanouqj also wants the timer to be on.\n|inactive|weyman808 has 60 seconds left.\n|\n|t:|1788420078\n|teamsize|p1|4\n|teamsize|p2|4\n|start\n|switch|p1a: Floette|Floette-Eternal, L50, F|100/100\n|switch|p1b: Whimsicott|Whimsicott, L50, M|100/100\n|switch|p2a: 是好女孩吗？|Whimsicott, L50, M|100/100\n|switch|p2b: 三冠王！|Garchomp, L50, F|100/100\n|turn|1\n|\n|t:|1788420102\n|detailschange|p1a: Floette|Floette-Mega, L50, F\n|-mega|p1a: Floette|Floette|Floettite\n|-ability|p1a: Floette|Fairy Aura\n|move|p1b: Whimsicott|Tailwind|p1b: Whimsicott\n|-sidestart|p1: weyman808|move: Tailwind\n|move|p2a: 是好女孩吗？|Tailwind|p2a: 是好女孩吗？\n|-sidestart|p2: nanouqj|move: Tailwind\n|move|p2b: 三冠王！|Rock Slide|p1a: Floette|[spread] p1a,p1b\n|-damage|p1a: Floette|79/100\n|-damage|p1b: Whimsicott|70/100\n|move|p1a: Floette|Dazzling Gleam|p2a: 是好女孩吗？|[spread] p2a,p2b\n|-supereffective|p2b: 三冠王！|1\n|-damage|p2a: 是好女孩吗？|14/100\n|-damage|p2b: 三冠王！|1/100\n|-enditem|p2b: 三冠王！|Sitrus Berry|[eat]\n|-heal|p2b: 三冠王！|25/100|[from] item: Sitrus Berry\n|\n|upkeep\n|turn|2\n|inactive|weyman808 has 30 seconds left.\n|\n|t:|1788420129\n|switch|p1b: Basculegion|Basculegion, L50, M|100/100\n|move|p2a: 是好女孩吗？|Encore||[still]\n|-fail|p2a: 是好女孩吗？\n|move|p2b: 三冠王！|Rock Slide|p1a: Floette|[spread] p1a,p1b\n|-damage|p1a: Floette|57/100\n|-damage|p1b: Basculegion|76/100\n|move|p1a: Floette|Dazzling Gleam|p2b: 三冠王！|[spread] p2a,p2b\n|-supereffective|p2b: 三冠王！|1\n|-damage|p2a: 是好女孩吗？|0 fnt\n|-damage|p2b: 三冠王！|0 fnt\n|faint|p2a: 是好女孩吗？\n|faint|p2b: 三冠王！\n|\n|upkeep\n|\n|t:|1788420134\n|switch|p2a: 突袭不突袭突袭|Kingambit, L50, M|100/100\n|switch|p2b: 发姐之后的妖精荣光！|Floette-Eternal, L50, F|100/100\n|turn|3\n|inactive|weyman808 has 30 seconds left.\n|\n|t:|1788420160\n|detailschange|p2b: 发姐之后的妖精荣光！|Floette-Mega, L50, F\n|-mega|p2b: 发姐之后的妖精荣光！|Floette|Floettite\n|-ability|p2b: 发姐之后的妖精荣光！|Fairy Aura\n|move|p2a: 突袭不突袭突袭|Sucker Punch|p1b: Basculegion\n|-supereffective|p1b: Basculegion|1\n|-damage|p1b: Basculegion|0 fnt\n|faint|p1b: Basculegion\n|move|p2b: 发姐之后的妖精荣光！|Light of Ruin|p1a: Floette\n|-damage|p1a: Floette|0 fnt\n|faint|p1a: Floette\n|-damage|p2b: 发姐之后的妖精荣光！|68/100|[from] Recoil\n|\n|upkeep\n|\n|t:|1788420168\n|switch|p1a: Whimsicott|Whimsicott, L50, M|70/100\n|switch|p1b: Garchomp|Garchomp, L50, F|100/100\n|turn|4\n|\n|t:|1788420182\n|move|p1a: Whimsicott|Protect|p1a: Whimsicott\n|-singleturn|p1a: Whimsicott|Protect\n|move|p1b: Garchomp|Protect|p1b: Garchomp\n|-singleturn|p1b: Garchomp|Protect\n|move|p2a: 突袭不突袭突袭|Sucker Punch||[still]\n|-fail|p2a: 突袭不突袭突袭\n|move|p2b: 发姐之后的妖精荣光！|Dazzling Gleam|p1b: Garchomp|[spread] \n|-activate|p1a: Whimsicott|move: Protect\n|-activate|p1b: Garchomp|move: Protect\n|\n|-sideend|p2: nanouqj|move: Tailwind\n|-sideend|p1: weyman808|move: Tailwind\n|upkeep\n|turn|5\n|\n|t:|1788420196\n|move|p2a: 突袭不突袭突袭|Sucker Punch|p1b: Garchomp\n|-damage|p1b: Garchomp|64/100\n|-damage|p2a: 突袭不突袭突袭|87/100|[from] ability: Rough Skin|[of] p1b: Garchomp\n|move|p1a: Whimsicott|Moonblast|p2b: 发姐之后的妖精荣光！\n|-damage|p2b: 发姐之后的妖精荣光！|32/100\n|move|p2b: 发姐之后的妖精荣光！|Dazzling Gleam|p1b: Garchomp|[spread] p1a,p1b\n|-supereffective|p1b: Garchomp|1\n|-damage|p1a: Whimsicott|0 fnt\n|-damage|p1b: Garchomp|0 fnt\n|faint|p1a: Whimsicott\n|faint|p1b: Garchomp\n|\n|win|nanouqj\n|raw|weyman808's rating: 1457 &rarr; <strong>1437</strong><br />(-20 for losing)\n|raw|nanouqj's rating: 1449 &rarr; <strong>1469</strong><br />(+20 for winning)\n|l|☆weyman808\n|player|p1|\n","uploadtime":1788420223,"views":"1","formatid":"gen9championsvgc2026regmb","rating":1437,"private":0,"password":null}