{"id":"gen9championsvgc2026regmbbo3-2674434612","format":"[Gen 9 Champions] VGC 2026 Reg M-B (Bo3)","players":["renatogaucho","ejb14q"],"log":"|j|☆renatogaucho\n|j|‽ejb14q\n|html|<table width=\"100%\"><tr><td align=\"left\">renatogaucho</td><td align=\"right\">ejb14q</tr><tr><td align=\"left\"><i class=\"fa fa-circle\"></i> <i class=\"fa fa-circle-o\"></i> </td><td align=\"right\"><i class=\"fa fa-circle-o\"></i> <i class=\"fa fa-circle-o\"></i> </tr></table>\n|uhtml|bestof|<h2><strong>Game 2</strong> of <a href=\"/game-bestof3-gen9championsvgc2026regmbbo3-2674432052\">a best-of-3</a></h2>\n|t:|1788359401\n|gametype|doubles\n|player|p1|renatogaucho|rosa|1085\n|player|p2|ejb14q|2|1032\n|gen|9\n|tier|[Gen 9 Champions] VGC 2026 Reg M-B (Bo3)\n|rated|\n|rule|Species Clause: Limit one of each Pokémon\n|rule|Item Clause: Limit 1 of each item\n|clearpoke\n|poke|p1|Oranguru, L50, F|\n|poke|p1|Scovillain, L50, M|\n|poke|p1|Torkoal, L50, M|\n|poke|p1|Sylveon, L50, F|\n|poke|p1|Kommo-o, L50, F|\n|poke|p1|Gholdengo, L50|\n|poke|p2|Raichu, L50, F|\n|poke|p2|Aerodactyl, L50, F|\n|poke|p2|Garchomp, L50, M|\n|poke|p2|Basculegion, L50, M|\n|poke|p2|Incineroar, L50, M|\n|poke|p2|Delphox, L50, M, shiny|\n|teampreview|4\n|showteam|p1|Oranguru||SitrusBerry|InnerFocus|Instruct,Psychic,Encore,TrickRoom|Bold||F|||50|]Scovillain||Scovillainite|Moody|GigaDrain,Flamethrower,Protect,RagePowder|Bold||M|||50|]Torkoal||Charcoal|Drought|Eruption,WeatherBall,EarthPower,Protect|Quiet||M|||50|]Sylveon||FairyFeather|Pixilate|HyperVoice,CalmMind,Detect,Moonblast|Quiet||F|||50|]Kommo-o||LifeOrb|Soundproof|ClangingScales,AuraSphere,FlashCannon,Protect|Modest||F|||50|]Gholdengo||ChoiceScarf|GoodasGold|PowerGem,MakeItRain,ShadowBall,Thunderbolt|Timid|||||50|\n|showteam|p2|Raichu||RaichuniteY|LightningRod|FakeOut,ZapCannon,Protect,FocusBlast|Hasty||F|||50|]Aerodactyl||Aerodactylite|Unnerve|DualWingbeat,RockSlide,WideGuard,Tailwind|Jolly||F|||50|]Garchomp||LifeOrb|RoughSkin|Earthquake,DragonClaw,Protect,RockSlide|Jolly||M|||50|]Basculegion||ChoiceScarf|Adaptability|LastRespects,FlipTurn,WaveCrash,AquaJet|Jolly||M|||50|]Incineroar||SitrusBerry|Intimidate|FakeOut,PartingShot,FlareBlitz,ThroatChop|Adamant||M|||50|]Delphox||Delphoxite|Blaze|HeatWave,Psychic,Protect,NastyPlot|Timid||M|||50|\n|inactive|Battle timer is ON: inactive players will automatically lose when time's up. (requested by renatogaucho)\n|inactive|renatogaucho has 60 seconds left.\n|inactive|ejb14q has 60 seconds left.\n|\n|t:|1788359438\n|teamsize|p1|4\n|teamsize|p2|4\n|start\n|switch|p1a: Kommo-o|Kommo-o, L50, F|100/100\n|switch|p1b: Scovillain|Scovillain, L50, M|100/100\n|switch|p2a: Aerodactyl|Aerodactyl, L50, F|100/100\n|switch|p2b: Basculegion|Basculegion, L50, M|100/100\n|-ability|p2a: Aerodactyl|Unnerve\n|turn|1\n|\n|t:|1788359455\n|detailschange|p2a: Aerodactyl|Aerodactyl-Mega, L50, F\n|-mega|p2a: Aerodactyl|Aerodactyl|Aerodactylite\n|detailschange|p1b: Scovillain|Scovillain-Mega, L50, M\n|-mega|p1b: Scovillain|Scovillain|Scovillainite\n|move|p1b: Scovillain|Rage Powder|p1b: Scovillain\n|-singleturn|p1b: Scovillain|move: Rage Powder\n|move|p2b: Basculegion|Flip Turn|p1b: Scovillain\n|-damage|p1b: Scovillain|68/100\n|-status|p2b: Basculegion|brn|[from] ability: Spicy Spray|[of] p1b: Scovillain\n|\n|t:|1788359465\n|switch|p2b: Garchomp|Garchomp, L50, M|100/100|[from] Flip Turn\n|move|p2a: Aerodactyl|Dual Wingbeat|p1b: Scovillain\n|-supereffective|p1b: Scovillain|1\n|-damage|p1b: Scovillain|29/100\n|-status|p2a: Aerodactyl|brn|[from] ability: Spicy Spray|[of] p1b: Scovillain\n|-supereffective|p1b: Scovillain|1\n|-damage|p1b: Scovillain|6/100\n|-hitcount|p1b: Scovillain|2\n|move|p1a: Kommo-o|Flash Cannon|p2a: Aerodactyl\n|-supereffective|p2a: Aerodactyl|1\n|-damage|p2a: Aerodactyl|33/100 brn\n|-damage|p1a: Kommo-o|90/100|[from] item: Life Orb\n|\n|-damage|p2a: Aerodactyl|27/100 brn|[from] brn\n|upkeep\n|turn|2\n|\n|t:|1788359486\n|move|p1a: Kommo-o|Protect|p1a: Kommo-o\n|-singleturn|p1a: Kommo-o|Protect\n|move|p1b: Scovillain|Rage Powder|p1b: Scovillain\n|-singleturn|p1b: Scovillain|move: Rage Powder\n|move|p2a: Aerodactyl|Rock Slide|p1a: Kommo-o|[spread] p1b\n|-activate|p1a: Kommo-o|move: Protect\n|-supereffective|p1b: Scovillain|1\n|-damage|p1b: Scovillain|0 fnt\n|faint|p1b: Scovillain\n|move|p2b: Garchomp|Dragon Claw|p1a: Kommo-o\n|-activate|p1a: Kommo-o|move: Protect\n|\n|-damage|p2a: Aerodactyl|21/100 brn|[from] brn\n|upkeep\n|\n|t:|1788359501\n|switch|p1b: Oranguru|Oranguru, L50, F|100/100\n|turn|3\n|\n|t:|1788359519\n|switch|p2a: Incineroar|Incineroar, L50, M|100/100\n|-ability|p2a: Incineroar|Intimidate|boost\n|-unboost|p1a: Kommo-o|atk|1\n|-fail|p1b: Oranguru|unboost|atk|[from] ability: Inner Focus|[of] p1b: Oranguru\n|switch|p1a: Sylveon|Sylveon, L50, F|100/100\n|move|p2b: Garchomp|Dragon Claw|p1a: Sylveon\n|-immune|p1a: Sylveon\n|move|p1b: Oranguru|Trick Room|p1b: Oranguru\n|-fieldstart|move: Trick Room|[of] p1b: Oranguru\n|\n|upkeep\n|turn|4\n|inactive|renatogaucho has 30 seconds left.\n|\n|t:|1788359551\n|move|p1a: Sylveon|Detect|p1a: Sylveon\n|-singleturn|p1a: Sylveon|Protect\n|move|p2b: Garchomp|Protect|p2b: Garchomp\n|-singleturn|p2b: Garchomp|Protect\n|move|p1b: Oranguru|Encore|p2b: Garchomp\n|-activate|p2b: Garchomp|move: Protect\n|move|p2a: Incineroar|Throat Chop|p1b: Oranguru\n|-supereffective|p1b: Oranguru|1\n|-damage|p1b: Oranguru|31/100\n|-start|p1b: Oranguru|Throat Chop|[silent]\n|-enditem|p1b: Oranguru|Sitrus Berry|[eat]\n|-heal|p1b: Oranguru|56/100|[from] item: Sitrus Berry\n|\n|upkeep\n|turn|5\n|inactive|renatogaucho has 30 seconds left.\n|inactive|ejb14q has 30 seconds left.\n|\n|t:|1788359579\n|switch|p2b: Basculegion|Basculegion, L50, M|100/100 brn\n|move|p1a: Sylveon|Hyper Voice|p2b: Basculegion|[spread] p2a,p2b\n|-damage|p2a: Incineroar|52/100\n|-damage|p2b: Basculegion|41/100 brn\n|move|p2a: Incineroar|Throat Chop|p1b: Oranguru\n|-supereffective|p1b: Oranguru|1\n|-damage|p1b: Oranguru|0 fnt\n|faint|p1b: Oranguru\n|\n|-damage|p2b: Basculegion|34/100 brn|[from] brn\n|upkeep\n|\n|t:|1788359589\n|switch|p1b: Kommo-o|Kommo-o, L50, F|90/100\n|turn|6\n|\n|t:|1788359609\n|move|p1a: Sylveon|Hyper Voice|p2a: Incineroar|[spread] p2a,p2b\n|-damage|p2a: Incineroar|5/100\n|-damage|p2b: Basculegion|0 fnt\n|-enditem|p2a: Incineroar|Sitrus Berry|[eat]\n|-heal|p2a: Incineroar|30/100|[from] item: Sitrus Berry\n|faint|p2b: Basculegion\n|move|p2a: Incineroar|Throat Chop|p1a: Sylveon\n|-resisted|p1a: Sylveon|1\n|-crit|p1a: Sylveon\n|-damage|p1a: Sylveon|57/100\n|-start|p1a: Sylveon|Throat Chop|[silent]\n|move|p1b: Kommo-o|Clanging Scales|p2a: Incineroar\n|-damage|p2a: Incineroar|0 fnt\n|faint|p2a: Incineroar\n|-unboost|p1b: Kommo-o|def|1\n|-damage|p1b: Kommo-o|80/100|[from] item: Life Orb\n|\n|upkeep\n|\n|t:|1788359620\n|switch|p2a: Aerodactyl|Aerodactyl-Mega, L50, F|21/100 brn\n|switch|p2b: Garchomp|Garchomp, L50, M|100/100\n|turn|7\n|\n|t:|1788359633\n|move|p1a: Sylveon|Moonblast|p2b: Garchomp\n|-supereffective|p2b: Garchomp|1\n|-damage|p2b: Garchomp|0 fnt\n|faint|p2b: Garchomp\n|move|p1b: Kommo-o|Clanging Scales|p2a: Aerodactyl\n|-crit|p2a: Aerodactyl\n|-damage|p2a: Aerodactyl|0 fnt\n|faint|p2a: Aerodactyl\n|-damage|p1b: Kommo-o|70/100|[from] item: Life Orb\n|\n|win|renatogaucho\n|raw|renatogaucho's rating: 1085 &rarr; <strong>1108</strong><br />(+23 for winning)\n|raw|ejb14q's rating: 1032 &rarr; <strong>1019</strong><br />(-13 for losing)\n|l|‽ejb14q\n|player|p2|\n","uploadtime":1788359667,"views":"13","formatid":"gen9championsvgc2026regmbbo3","rating":1019,"private":0,"password":null}