{"id":"gen9championsvgc2026regmbbo3-2674069188","format":"[Gen 9 Champions] VGC 2026 Reg M-B (Bo3)","players":["That_Leek","Madzisbadz"],"log":"|j|☆That_Leek\n|j|☆Madzisbadz\n|html|<table width=\"100%\"><tr><td align=\"left\">That_Leek</td><td align=\"right\">Madzisbadz</tr><tr><td align=\"left\"><i class=\"fa fa-circle\"></i> <i class=\"fa fa-circle-o\"></i> </td><td align=\"right\"><i class=\"fa fa-circle-o\"></i> <i class=\"fa fa-circle-o\"></i> </tr></table>\n|uhtml|bestof|<h2><strong>Game 2</strong> of <a href=\"/game-bestof3-gen9championsvgc2026regmbbo3-2674066897\">a best-of-3</a></h2>\n|t:|1788294959\n|gametype|doubles\n|player|p1|That_Leek|blue-masters|1127\n|player|p2|Madzisbadz|102|1278\n|gen|9\n|tier|[Gen 9 Champions] VGC 2026 Reg M-B (Bo3)\n|rated|\n|rule|Species Clause: Limit one of each Pokémon\n|rule|Item Clause: Limit 1 of each item\n|clearpoke\n|poke|p1|Raichu, L50, M|\n|poke|p1|Kingambit, L50, F|\n|poke|p1|Dragonite, L50, M|\n|poke|p1|Ninetales-Alola, L50, F|\n|poke|p1|Sylveon, L50, F|\n|poke|p1|Incineroar, L50, F|\n|poke|p2|Froslass, L50, F|\n|poke|p2|Basculegion, L50, M, shiny|\n|poke|p2|Sneasler, L50, F|\n|poke|p2|Lycanroc-Dusk, L50, M|\n|poke|p2|Talonflame, L50, F|\n|poke|p2|Kingambit, L50, M|\n|teampreview|4\n|showteam|p1|Raichu||RaichuniteY|LightningRod|FakeOut,ZapCannon,FocusBlast,Protect|Timid||M|||50|]Kingambit||BlackGlasses|Defiant|KowtowCleave,SuckerPunch,Protect,SwordsDance|Adamant||F|||50|]Dragonite||LifeOrb|InnerFocus|DragonClaw,Tailwind,Superpower,Protect|Adamant||M|||50|]Ninetales-Alola||FocusSash|SnowWarning|Blizzard,IcyWind,Protect,FreezeDry|Timid||F|||50|]Sylveon||FairyFeather|Pixilate|HyperVoice,QuickAttack,CalmMind,Detect|Modest||F|||50|]Incineroar||LumBerry|Intimidate|FakeOut,FlareBlitz,PartingShot,ThroatChop|Impish||F|||50|\n|showteam|p2|Froslass||Froslassite|CursedBody|Blizzard,ShadowBall,Taunt,Protect|Timid||F|||50|]Basculegion||ChoiceScarf|Adaptability|WaveCrash,LastRespects,AquaJet,FlipTurn|Jolly||M|||50|]Sneasler||WhiteHerb|Unburden|DireClaw,CloseCombat,FakeOut,Protect|Adamant||F|||50|]Lycanroc-Dusk||FocusSash|ToughClaws|Protect,Accelerock,RockSlide,CloseCombat|Adamant||M|||50|]Talonflame||LifeOrb|GaleWings|Protect,Tailwind,BraveBird,Overheat|Naive||F|||50|]Kingambit||ChopleBerry|Defiant|Protect,IronHead,KowtowCleave,SuckerPunch|Adamant||M|||50|\n|\n|t:|1788294979\n|teamsize|p1|4\n|teamsize|p2|4\n|start\n|switch|p1a: Dragonite|Dragonite, L50, M|100/100\n|switch|p1b: Raichu|Raichu, L50, M|100/100\n|switch|p2a: Talonflame|Talonflame, L50, F|100/100\n|switch|p2b: Basculegion|Basculegion, L50, M, shiny|100/100\n|turn|1\n|\n|t:|1788295012\n|detailschange|p1b: Raichu|Raichu-Mega-Y, L50, M\n|-mega|p1b: Raichu|Raichu|Raichunite Y\n|move|p1b: Raichu|Protect|p1b: Raichu\n|-singleturn|p1b: Raichu|Protect\n|move|p2a: Talonflame|Tailwind|p2a: Talonflame\n|-sidestart|p2: Madzisbadz|move: Tailwind\n|move|p2b: Basculegion|Wave Crash|p1b: Raichu\n|-activate|p1b: Raichu|move: Protect\n|move|p1a: Dragonite|Tailwind|p1a: Dragonite\n|-sidestart|p1: That_Leek|move: Tailwind\n|\n|upkeep\n|turn|2\n|\n|t:|1788295034\n|switch|p1b: Sylveon|Sylveon, L50, F|100/100\n|move|p2a: Talonflame|Brave Bird|p1a: Dragonite\n|-damage|p1a: Dragonite|41/100\n|-damage|p2a: Talonflame|76/100|[from] Recoil\n|-damage|p2a: Talonflame|66/100|[from] item: Life Orb\n|move|p2b: Basculegion|Wave Crash|p1b: Sylveon\n|-damage|p1b: Sylveon|17/100\n|-damage|p2b: Basculegion|76/100|[from] Recoil\n|move|p1a: Dragonite|Dragon Claw|p2a: Talonflame\n|-damage|p2a: Talonflame|0 fnt\n|faint|p2a: Talonflame\n|-damage|p1a: Dragonite|32/100|[from] item: Life Orb\n|\n|upkeep\n|\n|t:|1788295053\n|switch|p2a: Froslass|Froslass, L50, F|100/100\n|turn|3\n|\n|t:|1788295073\n|switch|p1b: Kingambit|Kingambit, L50, F|100/100\n|detailschange|p2a: Froslass|Froslass-Mega, L50, F\n|-mega|p2a: Froslass|Froslass|Froslassite\n|-weather|Snowscape|[from] ability: Snow Warning|[of] p2a: Froslass\n|move|p1a: Dragonite|Protect|p1a: Dragonite\n|-singleturn|p1a: Dragonite|Protect\n|move|p2b: Basculegion|Wave Crash|p1a: Dragonite\n|-activate|p1a: Dragonite|move: Protect\n|move|p2a: Froslass|Blizzard|p1b: Kingambit|[spread] p1b\n|-activate|p1a: Dragonite|move: Protect\n|-resisted|p1b: Kingambit|1\n|-damage|p1b: Kingambit|79/100\n|\n|-weather|Snowscape|[upkeep]\n|upkeep\n|turn|4\n|\n|t:|1788295103\n|move|p2a: Froslass|Protect|p2a: Froslass\n|-singleturn|p2a: Froslass|Protect\n|move|p1b: Kingambit|Sucker Punch|p2b: Basculegion\n|-supereffective|p2b: Basculegion|1\n|-damage|p2b: Basculegion|0 fnt\n|faint|p2b: Basculegion\n|move|p1a: Dragonite|Dragon Claw|p2a: Froslass\n|-activate|p2a: Froslass|move: Protect\n|\n|-weather|Snowscape|[upkeep]\n|-sideend|p2: Madzisbadz|move: Tailwind\n|-sideend|p1: That_Leek|move: Tailwind\n|upkeep\n|\n|t:|1788295115\n|switch|p2b: Sneasler|Sneasler, L50, F|100/100\n|turn|5\n|\n|t:|1788295147\n|move|p1a: Dragonite|Protect|p1a: Dragonite\n|-singleturn|p1a: Dragonite|Protect\n|move|p1b: Kingambit|Protect|p1b: Kingambit\n|-singleturn|p1b: Kingambit|Protect\n|move|p2a: Froslass|Taunt|p1a: Dragonite\n|-activate|p1a: Dragonite|move: Protect\n|move|p2b: Sneasler|Close Combat|p1b: Kingambit\n|-activate|p1b: Kingambit|move: Protect\n|\n|-weather|Snowscape|[upkeep]\n|upkeep\n|turn|6\n|\n|t:|1788295164\n|move|p1b: Kingambit|Sucker Punch|p2a: Froslass\n|-supereffective|p2a: Froslass|1\n|-damage|p2a: Froslass|0 fnt\n|faint|p2a: Froslass\n|move|p2b: Sneasler|Close Combat|p1b: Kingambit\n|-supereffective|p1b: Kingambit|2\n|-damage|p1b: Kingambit|0 fnt\n|-unboost|p2b: Sneasler|def|1\n|-unboost|p2b: Sneasler|spd|1\n|faint|p1b: Kingambit\n|-enditem|p2b: Sneasler|White Herb\n|-clearnegativeboost|p2b: Sneasler|[silent]\n|move|p1a: Dragonite|Dragon Claw|p2b: Sneasler\n|-damage|p2b: Sneasler|31/100\n|-damage|p1a: Dragonite|22/100|[from] item: Life Orb\n|\n|-weather|Snowscape|[upkeep]\n|upkeep\n|\n|t:|1788295168\n|switch|p1b: Raichu|Raichu-Mega-Y, L50, M|100/100\n|turn|7\n|-message|Madzisbadz forfeited.\n|raw|That_Leek's rating: 1127 &rarr; <strong>1162</strong><br />(+35 for winning)\n|raw|Madzisbadz's rating: 1278 &rarr; <strong>1243</strong><br />(-35 for losing)\n|\n|win|That_Leek\n|l|☆Madzisbadz\n|player|p2|\n","uploadtime":1788295191,"views":"6","formatid":"gen9championsvgc2026regmbbo3","rating":1162,"private":0,"password":null}