{"id":"gen9championsvgc2026regmb-2674132817","format":"[Gen 9 Champions] VGC 2026 Reg M-B","players":["rawbraines","DLoTR"],"log":"|j|☆rawbraines\n|j|☆DLoTR\n|t:|1788303953\n|gametype|doubles\n|player|p1|rawbraines|1|1245\n|player|p2|DLoTR|hilbert-wonderlauncher|1241\n|gen|9\n|tier|[Gen 9 Champions] VGC 2026 Reg M-B\n|rated|\n|rule|Species Clause: Limit one of each Pokémon\n|rule|Item Clause: Limit 1 of each item\n|clearpoke\n|poke|p1|Annihilape, L50, F|\n|poke|p1|Sinistcha, L50|\n|poke|p1|Camerupt, L50, F|\n|poke|p1|Toxapex, L50, F|\n|poke|p1|Kommo-o, L50, M|\n|poke|p1|Incineroar, L50, M|\n|poke|p2|Staraptor, L50, F|\n|poke|p2|Blaziken, L50, F|\n|poke|p2|Dragonite, L50, M|\n|poke|p2|Glimmora, L50, M|\n|poke|p2|Gholdengo, L50|\n|poke|p2|Sinistcha, L50|\n|teampreview|4\nrawbraines rejected open team sheets.\n|\n|t:|1788303988\n|teamsize|p1|4\n|teamsize|p2|4\n|start\n|switch|p1a: Annihilape|Annihilape, L50, F|100/100\n|switch|p1b: Sinistcha|Sinistcha, L50|100/100\n|switch|p2a: Blaziken|Blaziken, L50, F|100/100\n|switch|p2b: Glimmora|Glimmora, L50, M|100/100\n|turn|1\n|\n|t:|1788304021\n|detailschange|p2a: Blaziken|Blaziken-Mega, L50, F\n|-mega|p2a: Blaziken|Blaziken|Blazikenite\n|move|p2a: Blaziken|Protect|p2a: Blaziken\n|-singleturn|p2a: Blaziken|Protect\n|move|p1a: Annihilape|Close Combat|p2b: Glimmora\n|-damage|p2b: Glimmora|36/100\n|-unboost|p1a: Annihilape|def|1\n|-unboost|p1a: Annihilape|spd|1\n|-activate|p2b: Glimmora|ability: Toxic Debris\n|-sidestart|p1: rawbraines|move: Toxic Spikes\n|move|p2b: Glimmora|Mortal Spin|p1a: Annihilape|[spread] p1a,p1b\n|-resisted|p1a: Annihilape|1\n|-damage|p1a: Annihilape|96/100\n|-damage|p1b: Sinistcha|96/100\n|-status|p1a: Annihilape|psn\n|-status|p1b: Sinistcha|psn\n|move|p1b: Sinistcha|Trick Room|p1b: Sinistcha\n|-fieldstart|move: Trick Room|[of] p1b: Sinistcha\n|\n|-damage|p1b: Sinistcha|84/100 psn|[from] psn\n|-damage|p1a: Annihilape|83/100 psn|[from] psn\n|-ability|p2a: Blaziken|Speed Boost|boost\n|-boost|p2a: Blaziken|spe|1\n|upkeep\n|turn|2\n|\n|t:|1788304054\n|switch|p2a: Sinistcha|Sinistcha, L50|100/100\n|-heal|p2b: Glimmora|61/100|[from] ability: Hospitality|[of] p2a: Sinistcha\n|switch|p1a: Toxapex|Toxapex, L50, F|100/100\n|-sideend|p1: rawbraines|move: Toxic Spikes|[of] p1a: Toxapex\n|move|p1b: Sinistcha|Shadow Ball|p2b: Glimmora\n|-damage|p2b: Glimmora|26/100\n|move|p2b: Glimmora|Sludge Bomb|p1b: Sinistcha\n|-damage|p1b: Sinistcha|33/100 psn\n|-enditem|p1b: Sinistcha|Sitrus Berry|[eat]\n|-heal|p1b: Sinistcha|58/100 psn|[from] item: Sitrus Berry\n|\n|-damage|p1b: Sinistcha|46/100 psn|[from] psn\n|upkeep\n|turn|3\n|\n|t:|1788304080\n|move|p1a: Toxapex|Toxic|p2a: Sinistcha\n|-status|p2a: Sinistcha|tox\n|move|p2a: Sinistcha|Matcha Gotcha|p1b: Sinistcha|[spread] p1a,p1b\n|-resisted|p1b: Sinistcha|1\n|-damage|p1a: Toxapex|77/100\n|-damage|p1b: Sinistcha|31/100 psn\n|move|p1b: Sinistcha|Shadow Ball|p2a: Sinistcha\n|-supereffective|p2a: Sinistcha|1\n|-damage|p2a: Sinistcha|31/100 tox\n|-enditem|p2a: Sinistcha|Sitrus Berry|[eat]\n|-heal|p2a: Sinistcha|56/100 tox|[from] item: Sitrus Berry\n|move|p2b: Glimmora|Sludge Bomb|p1b: Sinistcha\n|-damage|p1b: Sinistcha|0 fnt\n|faint|p1b: Sinistcha\n|\n|-damage|p2a: Sinistcha|50/100y tox|[from] psn\n|upkeep\n|\n|t:|1788304098\n|switch|p1b: Camerupt|Camerupt, L50, F|100/100\n|turn|4\n|\n|t:|1788304114\n|switch|p2a: Blaziken|Blaziken-Mega, L50, F|100/100\n|detailschange|p1b: Camerupt|Camerupt-Mega, L50, F\n|-mega|p1b: Camerupt|Camerupt|Cameruptite\n|move|p2b: Glimmora|Spiky Shield|p2b: Glimmora\n|-singleturn|p2b: Glimmora|move: Protect\n|move|p1b: Camerupt|Heat Wave|p2a: Blaziken|[spread] p2a\n|-activate|p2b: Glimmora|move: Protect\n|-resisted|p2a: Blaziken|1\n|-damage|p2a: Blaziken|68/100\n|move|p1a: Toxapex|Infestation|p2a: Blaziken\n|-resisted|p2a: Blaziken|2\n|-damage|p2a: Blaziken|68/100\n|-activate|p2a: Blaziken|move: Infestation|[of] p1a: Toxapex\n|\n|-damage|p2a: Blaziken|55/100|[from] move: Infestation|[partiallytrapped]\n|upkeep\n|turn|5\n|\n|t:|1788304140\n|move|p2b: Glimmora|Spiky Shield|p2b: Glimmora\n|-singleturn|p2b: Glimmora|move: Protect\n|move|p2a: Blaziken|Protect|p2a: Blaziken\n|-singleturn|p2a: Blaziken|Protect\n|move|p1b: Camerupt|Earth Power|p2b: Glimmora\n|-activate|p2b: Glimmora|move: Protect\n|move|p1a: Toxapex|Toxic|p2a: Blaziken\n|-activate|p2a: Blaziken|move: Protect\n|\n|-damage|p2a: Blaziken|43/100|[from] move: Infestation|[partiallytrapped]\n|-fieldend|move: Trick Room\n|-ability|p2a: Blaziken|Speed Boost|boost\n|-boost|p2a: Blaziken|spe|1\n|upkeep\n|turn|6\n|\n|t:|1788304164\n|move|p1b: Camerupt|Protect|p1b: Camerupt\n|-singleturn|p1b: Camerupt|Protect\n|move|p2a: Blaziken|Close Combat|p1b: Camerupt\n|-activate|p1b: Camerupt|move: Protect\n|move|p2b: Glimmora|Power Gem|p1b: Camerupt\n|-activate|p1b: Camerupt|move: Protect\n|move|p1a: Toxapex|Toxic|p2a: Blaziken\n|-status|p2a: Blaziken|tox\n|\n|-damage|p2a: Blaziken|37/100 tox|[from] psn\n|-damage|p2a: Blaziken|25/100 tox|[from] move: Infestation|[partiallytrapped]\n|-ability|p2a: Blaziken|Speed Boost|boost\n|-boost|p2a: Blaziken|spe|1\n|upkeep\n|turn|7\n|\n|t:|1788304184\n|move|p1a: Toxapex|Baneful Bunker|p1a: Toxapex\n|-singleturn|p1a: Toxapex|move: Protect\n|move|p2a: Blaziken|Close Combat|p1b: Camerupt\n|-damage|p1b: Camerupt|23/100\n|-unboost|p2a: Blaziken|def|1\n|-unboost|p2a: Blaziken|spd|1\n|move|p2b: Glimmora|Power Gem|p1b: Camerupt\n|-damage|p1b: Camerupt|0 fnt\n|faint|p1b: Camerupt\n|\n|-damage|p2a: Blaziken|12/100 tox|[from] psn\n|-damage|p2a: Blaziken|1/100 tox|[from] move: Infestation|[partiallytrapped]\n|-ability|p2a: Blaziken|Speed Boost|boost\n|-boost|p2a: Blaziken|spe|1\n|upkeep\n|\n|t:|1788304194\n|switch|p1b: Annihilape|Annihilape, L50, F|83/100 psn\n|turn|8\n|\n|t:|1788304214\n|move|p2b: Glimmora|Spiky Shield|p2b: Glimmora\n|-singleturn|p2b: Glimmora|move: Protect\n|move|p2a: Blaziken|Poison Jab|p1b: Annihilape\n|-resisted|p1b: Annihilape|1\n|-damage|p1b: Annihilape|66/100 psn\n|move|p1b: Annihilape|Shadow Claw|p2b: Glimmora\n|-activate|p2b: Glimmora|move: Protect\n|-damage|p1b: Annihilape|54/100 psn|[from] Spiky Shield|[of] p2b: Glimmora\n|move|p1a: Toxapex|Infestation|p2b: Glimmora\n|-activate|p2b: Glimmora|move: Protect\n|-damage|p1a: Toxapex|64/100|[from] Spiky Shield|[of] p2b: Glimmora\n|\n|-damage|p2a: Blaziken|0 fnt|[from] psn\n|faint|p2a: Blaziken\n|-damage|p1b: Annihilape|41/100 psn|[from] psn\n|upkeep\n|\n|t:|1788304222\n|switch|p2a: Sinistcha|Sinistcha, L50|50/100y tox\n|-heal|p2b: Glimmora|51/100|[from] ability: Hospitality|[of] p2a: Sinistcha\n|turn|9\n|\n|t:|1788304238\n|move|p1b: Annihilape|Shadow Claw|p2b: Glimmora\n|-damage|p2b: Glimmora|19/100\n|-activate|p2b: Glimmora|ability: Toxic Debris\n|-sidestart|p1: rawbraines|move: Toxic Spikes\n|move|p2b: Glimmora|Sludge Bomb|p1b: Annihilape\n|-resisted|p1b: Annihilape|1\n|-damage|p1b: Annihilape|16/100 psn\n|move|p2a: Sinistcha|Life Dew|p2a: Sinistcha|[spread] p2a,p2b\n|-heal|p2a: Sinistcha|75/100 tox\n|-heal|p2b: Glimmora|44/100\n|move|p1a: Toxapex|Infestation|p2a: Sinistcha\n|-damage|p2a: Sinistcha|71/100 tox\n|-activate|p2a: Sinistcha|move: Infestation|[of] p1a: Toxapex\n|\n|-damage|p1b: Annihilape|4/100 psn|[from] psn\n|-damage|p2a: Sinistcha|65/100 tox|[from] psn\n|-damage|p2a: Sinistcha|53/100 tox|[from] move: Infestation|[partiallytrapped]\n|upkeep\n|turn|10\n|\n|t:|1788304278\n|move|p1b: Annihilape|Shadow Claw|p2a: Sinistcha\n|-supereffective|p2a: Sinistcha|1\n|-damage|p2a: Sinistcha|0 fnt\n|faint|p2a: Sinistcha\n|move|p2b: Glimmora|Power Gem|p1a: Toxapex\n|-damage|p1a: Toxapex|32/100\n|move|p1a: Toxapex|Infestation|p2b: Glimmora\n|-resisted|p2b: Glimmora|1\n|-damage|p2b: Glimmora|43/100\n|-activate|p2b: Glimmora|move: Infestation|[of] p1a: Toxapex\n|\n|-damage|p1b: Annihilape|0 fnt|[from] psn\n|faint|p1b: Annihilape\n|-damage|p2b: Glimmora|31/100|[from] move: Infestation|[partiallytrapped]\n|upkeep\n|\n|t:|1788304288\n|switch|p2a: Gholdengo|Gholdengo, L50|100/100\n|turn|11\n|-message|rawbraines forfeited.\n|\n|win|DLoTR\n|raw|rawbraines's rating: 1245 &rarr; <strong>1220</strong><br />(-25 for losing)\n|raw|DLoTR's rating: 1241 &rarr; <strong>1266</strong><br />(+25 for winning)\n|l|☆rawbraines\n|player|p1|\n","uploadtime":1788304296,"views":"2","formatid":"gen9championsvgc2026regmb","rating":1220,"private":0,"password":null}