{"id":"gen9championsvgc2026regmb-2674348928","format":"[Gen 9 Champions] VGC 2026 Reg M-B","players":["CarotaMan","bgh_sinnoh4"],"log":"|j|☆CarotaMan\n|j|☆bgh_sinnoh4\n|t:|1788346479\n|gametype|doubles\n|player|p1|CarotaMan|fisherman-gen4|1183\n|player|p2|bgh_sinnoh4|cyrus|1246\n|gen|9\n|tier|[Gen 9 Champions] VGC 2026 Reg M-B\n|rated|\n|rule|Species Clause: Limit one of each Pokémon\n|rule|Item Clause: Limit 1 of each item\n|clearpoke\n|poke|p1|Charizard, L50, M|\n|poke|p1|Incineroar, L50, F, shiny|\n|poke|p1|Pelipper, L50, F|\n|poke|p1|Archaludon, L50, M, shiny|\n|poke|p1|Kingambit, L50, M|\n|poke|p1|Garchomp, L50, M|\n|poke|p2|Skarmory, L50, M|\n|poke|p2|Garchomp, L50, M|\n|poke|p2|Incineroar, L50, M|\n|poke|p2|Basculegion, L50, M, shiny|\n|poke|p2|Meowscarada, L50, M, shiny|\n|poke|p2|Raichu, L50, F, shiny|\n|teampreview|4\nCarotaMan has agreed to open team sheets.\n|inactive|Battle timer is ON: inactive players will automatically lose when time's up. (requested by CarotaMan)\n|\n|t:|1788346592\n|teamsize|p1|4\n|teamsize|p2|4\n|start\n|switch|p1a: Incineroar|Incineroar, L50, F, shiny|100/100\n|switch|p1b: Kingambit|Kingambit, L50, M|100/100\n|switch|p2a: Anime waifu|Raichu, L50, F, shiny|100/100\n|switch|p2b: N|Meowscarada, L50, M, shiny|100/100\n|-ability|p1a: Incineroar|Intimidate|boost\n|-unboost|p2a: Anime waifu|atk|1\n|-unboost|p2b: N|atk|1\n|turn|1\n|inactive|bgh_sinnoh4 has 30 seconds left.\n|inactive|bgh_sinnoh4 has 20 seconds left.\n|inactive|bgh_sinnoh4 has 15 seconds left.\n|inactive|bgh_sinnoh4 has 10 seconds left.\n|\n|t:|1788346639\n|switch|p2a: Mr. Phish|Basculegion, L50, M, shiny|100/100\n|move|p1a: Incineroar|Fake Out|p2a: Mr. Phish\n|-immune|p2a: Mr. Phish\n|move|p2b: N|Low Kick|p1b: Kingambit\n|-supereffective|p1b: Kingambit|2\n|-enditem|p1b: Kingambit|Chople Berry|[eat]\n|-enditem|p1b: Kingambit|Chople Berry|[weaken]\n|-damage|p1b: Kingambit|65/100\n|move|p1b: Kingambit|Low Kick|p2b: N\n|-supereffective|p2b: N|1\n|-damage|p2b: N|45/100\n|\n|upkeep\n|turn|2\n|inactive|CarotaMan has 30 seconds left.\n|inactive|bgh_sinnoh4 has 30 seconds left.\n|inactive|CarotaMan has 20 seconds left.\n|inactive|bgh_sinnoh4 has 20 seconds left.\n|inactive|CarotaMan has 15 seconds left.\n|inactive|bgh_sinnoh4 has 15 seconds left.\n|inactive|CarotaMan has 10 seconds left.\n|inactive|CarotaMan has 5 seconds left.\n|\n|t:|1788346694\n|switch|p2b: Cynthia's pet|Garchomp, L50, M|100/100\n|move|p2a: Mr. Phish|Protect|p2a: Mr. Phish\n|-singleturn|p2a: Mr. Phish|Protect\n|move|p1a: Incineroar|Parting Shot|p2b: Cynthia's pet\n|-unboost|p2b: Cynthia's pet|atk|1\n|-unboost|p2b: Cynthia's pet|spa|1\n|\n|t:|1788346702\n|switch|p1a: Pelipper|Pelipper, L50, F|100/100|[from] Parting Shot\n|-weather|RainDance|[from] ability: Drizzle|[of] p1a: Pelipper\n|move|p1b: Kingambit|Kowtow Cleave|p2a: Mr. Phish\n|-activate|p2a: Mr. Phish|move: Protect\n|\n|-weather|RainDance|[upkeep]\n|upkeep\n|turn|3\n|inactive|CarotaMan has 30 seconds left.\n|inactive|bgh_sinnoh4 has 30 seconds left.\n|\n|t:|1788346736\n|switch|p2a: N|Meowscarada, L50, M, shiny|45/100\n|move|p1a: Pelipper|Wide Guard|p1a: Pelipper\n|-singleturn|p1a: Pelipper|Wide Guard\n|move|p2b: Cynthia's pet|Stomping Tantrum|p1b: Kingambit\n|-supereffective|p1b: Kingambit|1\n|-damage|p1b: Kingambit|21/100\n|move|p1b: Kingambit|Kowtow Cleave|p2b: Cynthia's pet\n|-damage|p2b: Cynthia's pet|60/100\n|-damage|p1b: Kingambit|9/100|[from] ability: Rough Skin|[of] p2b: Cynthia's pet\n|\n|-weather|RainDance|[upkeep]\n|upkeep\n|turn|4\n|inactive|CarotaMan has 30 seconds left.\n|\n|t:|1788346767\n|switch|p1a: Incineroar|Incineroar, L50, F, shiny|100/100\n|-ability|p1a: Incineroar|Intimidate|boost\n|-unboost|p2a: N|atk|1\n|-unboost|p2b: Cynthia's pet|atk|1\n|move|p1b: Kingambit|Sucker Punch|p2a: N\n|-resisted|p2a: N|1\n|-damage|p2a: N|21/100\n|move|p2b: Cynthia's pet|Stomping Tantrum|p1b: Kingambit\n|-supereffective|p1b: Kingambit|1\n|-damage|p1b: Kingambit|0 fnt\n|faint|p1b: Kingambit\n|move|p2a: N|Flower Trick|p1a: Incineroar\n|-resisted|p1a: Incineroar|1\n|-crit|p1a: Incineroar\n|-damage|p1a: Incineroar|69/100\n|\n|-weather|RainDance|[upkeep]\n|upkeep\n|\n|t:|1788346779\n|switch|p1b: Pelipper|Pelipper, L50, F|100/100\n|turn|5\n|\n|t:|1788346796\n|switch|p2b: Mr. Phish|Basculegion, L50, M, shiny|100/100\n|move|p2a: N|Protect|p2a: N\n|-singleturn|p2a: N|Protect\n|move|p1a: Incineroar|Fake Out|p2a: N\n|-activate|p2a: N|move: Protect\n|move|p1b: Pelipper|Tailwind|p1b: Pelipper\n|-sidestart|p1: CarotaMan|move: Tailwind\n|\n|-weather|RainDance|[upkeep]\n|upkeep\n|turn|6\n|\n|t:|1788346820\n|move|p2b: Mr. Phish|Aqua Jet|p1a: Incineroar\n|-supereffective|p1a: Incineroar|1\n|-enditem|p1a: Incineroar|Passho Berry|[eat]\n|-enditem|p1a: Incineroar|Passho Berry|[weaken]\n|-damage|p1a: Incineroar|25/100\n|-damage|p2b: Mr. Phish|90/100|[from] item: Life Orb\n|move|p1b: Pelipper|Hurricane|p2b: Mr. Phish\n|-damage|p2b: Mr. Phish|38/100\n|move|p1a: Incineroar|Flare Blitz|p2a: N\n|-supereffective|p2a: N|1\n|-damage|p2a: N|0 fnt\n|faint|p2a: N\n|-damage|p1a: Incineroar|19/100|[from] Recoil\n|\n|-weather|none\n|upkeep\n|\n|t:|1788346836\n|switch|p2a: Cynthia's pet|Garchomp, L50, M|60/100\n|turn|7\n|\n|t:|1788346858\n|switch|p1b: Garchomp|Garchomp, L50, M|100/100\n|move|p2b: Mr. Phish|Aqua Jet|p1b: Garchomp\n|-damage|p1b: Garchomp|63/100\n|-damage|p2b: Mr. Phish|25/100|[from] ability: Rough Skin|[of] p1b: Garchomp\n|-damage|p2b: Mr. Phish|16/100|[from] item: Life Orb\n|move|p2a: Cynthia's pet|Rock Slide|p1b: Garchomp|[spread] p1a,p1b\n|-supereffective|p1a: Incineroar|1\n|-resisted|p1b: Garchomp|1\n|-crit|p1b: Garchomp\n|-damage|p1a: Incineroar|0 fnt\n|-damage|p1b: Garchomp|46/100\n|faint|p1a: Incineroar\n|\n|upkeep\n|\n|t:|1788346869\n|switch|p1a: Pelipper|Pelipper, L50, F|100/100\n|-weather|RainDance|[from] ability: Drizzle|[of] p1a: Pelipper\n|turn|8\n|\n|t:|1788346883\n|move|p2b: Mr. Phish|Protect|p2b: Mr. Phish\n|-singleturn|p2b: Mr. Phish|Protect\n|move|p1b: Garchomp|Stomping Tantrum|p2b: Mr. Phish\n|-activate|p2b: Mr. Phish|move: Protect\n|move|p1a: Pelipper|Weather Ball|p2a: Cynthia's pet\n|-damage|p2a: Cynthia's pet|0 fnt\n|faint|p2a: Cynthia's pet\n|\n|-weather|RainDance|[upkeep]\n|-sideend|p1: CarotaMan|move: Tailwind\n|upkeep\n|\n|t:|1788346896\n|switch|p2a: Anime waifu|Raichu, L50, F, shiny|100/100\n|turn|9\n|\n|t:|1788346910\n|detailschange|p2a: Anime waifu|Raichu-Mega-Y, L50, F, shiny\n|-mega|p2a: Anime waifu|Raichu|Raichunite Y\n|move|p2b: Mr. Phish|Aqua Jet|p1b: Garchomp\n|-damage|p1b: Garchomp|0 fnt\n|-damage|p2b: Mr. Phish|4/100|[from] ability: Rough Skin|[of] p1b: Garchomp\n|faint|p1b: Garchomp\n|-damage|p2b: Mr. Phish|0 fnt|[from] item: Life Orb\n|faint|p2b: Mr. Phish\n|move|p2a: Anime waifu|Zap Cannon|p1a: Pelipper\n|-supereffective|p1a: Pelipper|2\n|-damage|p1a: Pelipper|0 fnt\n|faint|p1a: Pelipper\n|\n|win|bgh_sinnoh4\n|raw|CarotaMan's rating: 1183 &rarr; <strong>1162</strong><br />(-21 for losing)\n|raw|bgh_sinnoh4's rating: 1246 &rarr; <strong>1267</strong><br />(+21 for winning)\n|l|☆CarotaMan\n|player|p1|\n","uploadtime":1788346953,"views":"15","formatid":"gen9championsvgc2026regmb","rating":1162,"private":0,"password":null}