{"id":"gen9championsvgc2026regmb-2673927372","format":"[Gen 9 Champions] VGC 2026 Reg M-B","players":["tung cubed","IronSerpentFan"],"log":"|j|☆tung cubed\n|j|☆IronSerpentFan\n|html|<table width=\"100%\"><tr><td align=\"left\">tung cubed</td><td align=\"right\">IronSerpentFan</tr><tr><td align=\"left\"><i class=\"fa fa-circle\"></i> <i class=\"fa fa-circle-o\"></i> </td><td align=\"right\"><i class=\"fa fa-circle-o\"></i> <i class=\"fa fa-circle\"></i> </tr></table>\n|uhtml|bestof|<h2><strong>Game 3</strong> of <a href=\"/game-bestof3-gen9championsvgc2026regmb-2673922513\">a best-of-3</a></h2>\n|t:|1788278094\n|gametype|doubles\n|player|p1|tung cubed|skyla|\n|player|p2|IronSerpentFan|schoolkid-gen4|\n|gen|9\n|tier|[Gen 9 Champions] VGC 2026 Reg M-B\n|rated|Tournament battle\n|rule|Species Clause: Limit one of each Pokémon\n|rule|Item Clause: Limit 1 of each item\n|raw|<div class=\"infobox\"><details class=\"readmore\" open><summary><strong>2 custom rules:</strong></summary> Force Open Team Sheets, Best of = 3</details></div>\n|clearpoke\n|poke|p1|Floette-Eternal, L50, F|\n|poke|p1|Charizard, L50, M|\n|poke|p1|Kingambit, L50, F|\n|poke|p1|Whimsicott, L50, M|\n|poke|p1|Basculegion, L50, M|\n|poke|p1|Garchomp, L50, M|\n|poke|p2|Raichu, L50, M|\n|poke|p2|Gengar, L50, M|\n|poke|p2|Politoed, L50, M|\n|poke|p2|Incineroar, L50, F|\n|poke|p2|Sinistcha, L50|\n|poke|p2|Palafin, L50, M|\n|teampreview|4\n|showteam|p1|Floette-Eternal||Floettite|FlowerVeil|Protect,LightofRuin,Moonblast,DazzlingGleam|Timid||F|||50|]Charizard||CharizarditeY|Blaze|SolarBeam,HeatWave,WeatherBall,Protect|Modest||M|||50|]Kingambit||BlackGlasses|Defiant|IronHead,Protect,KowtowCleave,SuckerPunch|Adamant||F|||50|]Whimsicott||FocusSash|Prankster|Moonblast,Tailwind,Encore,Protect|Timid||M|||50|]Basculegion||MysticWater|Adaptability|WaveCrash,Protect,LastRespects,AquaJet|Adamant||M|||50|]Garchomp||LifeOrb|RoughSkin|Earthquake,RockSlide,Protect,DragonClaw|Jolly||M|||50|\n|showteam|p2|Raichu||RaichuniteY|LightningRod|Protect,Thunder,Electroweb,FocusBlast|Timid||M|||50|]Gengar||Gengarite|CursedBody|Protect,Disable,ShadowBall,SludgeBomb|Timid||M|||50|]Politoed||SitrusBerry|Drizzle|Protect,Encore,WeatherBall,PerishSong|Calm||M|||50|]Incineroar||PasshoBerry|Intimidate|Protect,FakeOut,ThroatChop,PartingShot|Sassy||F|||50|]Sinistcha||ColburBerry|Hospitality|Protect,RagePowder,MatchaGotcha,TrickRoom|Sassy|||||50|]Palafin||MysticWater|ZerotoHero|Protect,WaveCrash,JetPunch,CloseCombat|Jolly||M|||50|\n|inactive|Battle timer is ON: inactive players will automatically lose when time's up. (requested by tung cubed)\n|j| busterbunner\n|inactive|IronSerpentFan also wants the timer to be on.\n|inactive|tung cubed has 60 seconds left.\n|\n|t:|1788278134\n|teamsize|p1|4\n|teamsize|p2|4\n|start\n|switch|p1a: Kingambit|Kingambit, L50, F|100/100\n|switch|p1b: Garchomp|Garchomp, L50, M|100/100\n|switch|p2a: Incineroar|Incineroar, L50, F|100/100\n|switch|p2b: Gengar|Gengar, L50, M|100/100\n|-ability|p2a: Incineroar|Intimidate|boost\n|-unboost|p1a: Kingambit|atk|1\n|-ability|p1a: Kingambit|Defiant|boost\n|-boost|p1a: Kingambit|atk|2\n|-unboost|p1b: Garchomp|atk|1\n|turn|1\n|\n|t:|1788278154\n|detailschange|p2b: Gengar|Gengar-Mega, L50, M\n|-mega|p2b: Gengar|Gengar|Gengarite\n|move|p2b: Gengar|Protect|p2b: Gengar\n|-singleturn|p2b: Gengar|Protect\n|move|p1a: Kingambit|Protect|p1a: Kingambit\n|-singleturn|p1a: Kingambit|Protect\n|move|p1b: Garchomp|Dragon Claw|p2b: Gengar\n|-activate|p2b: Gengar|move: Protect\n|move|p2a: Incineroar|Parting Shot|p1b: Garchomp\n|-unboost|p1b: Garchomp|atk|1\n|-unboost|p1b: Garchomp|spa|1\n|\n|t:|1788278161\n|switch|p2a: Politoed|Politoed, L50, M|100/100|[from] Parting Shot\n|-weather|RainDance|[from] ability: Drizzle|[of] p2a: Politoed\n|\n|-weather|RainDance|[upkeep]\n|upkeep\n|turn|2\n|\n|t:|1788278174\n|move|p2b: Gengar|Shadow Ball|p1b: Garchomp\n|-damage|p1b: Garchomp|44/100\n|move|p1b: Garchomp|Dragon Claw|p2a: Politoed\n|-damage|p2a: Politoed|70/100\n|-damage|p1b: Garchomp|35/100|[from] item: Life Orb\n|move|p2a: Politoed|Encore|p1a: Kingambit\n|-start|p1a: Kingambit|Encore\n|move|p1a: Kingambit|Protect||[still]\n|-fail|p1a: Kingambit\n|\n|-weather|RainDance|[upkeep]\n|upkeep\n|turn|3\n|inactive|IronSerpentFan has 30 seconds left.\n|\n|t:|1788278202\n|switch|p2a: Incineroar|Incineroar, L50, F|100/100\n|-ability|p2a: Incineroar|Intimidate|boost\n|-unboost|p1a: Kingambit|atk|1\n|-ability|p1a: Kingambit|Defiant|boost\n|-boost|p1a: Kingambit|atk|2\n|-unboost|p1b: Garchomp|atk|1\n|move|p2b: Gengar|Protect|p2b: Gengar\n|-singleturn|p2b: Gengar|Protect\n|move|p1a: Kingambit|Protect|p1a: Kingambit\n|-singleturn|p1a: Kingambit|Protect\n|move|p1b: Garchomp|Earthquake|p2b: Gengar|[spread] p2a\n|-activate|p1a: Kingambit|move: Protect\n|-activate|p2b: Gengar|move: Protect\n|-supereffective|p2a: Incineroar|1\n|-damage|p2a: Incineroar|63/100\n|-damage|p1b: Garchomp|25/100|[from] item: Life Orb\n|\n|-weather|RainDance|[upkeep]\n|upkeep\n|turn|4\n|\n|t:|1788278213\n|move|p1a: Kingambit|Protect||[still]\n|-fail|p1a: Kingambit\n|move|p2a: Incineroar|Fake Out|p1b: Garchomp\n|-damage|p1b: Garchomp|14/100\n|-damage|p2a: Incineroar|51/100|[from] ability: Rough Skin|[of] p1b: Garchomp\n|move|p2b: Gengar|Disable|p1a: Kingambit\n|-start|p1a: Kingambit|Disable|Protect\n|cant|p1b: Garchomp|flinch\n|\n|-weather|RainDance|[upkeep]\n|-end|p1a: Kingambit|Encore\n|upkeep\n|turn|5\n|inactive|IronSerpentFan has 30 seconds left.\n|c|☆IronSerpentFan|i didnt time that well\n|inactive|IronSerpentFan has 20 seconds left.\n|c|☆IronSerpentFan|gg\n|inactive|IronSerpentFan has 15 seconds left.\n|inactive|IronSerpentFan has 10 seconds left.\n|inactive|IronSerpentFan has 5 seconds left.\n|\n|t:|1788278266\n|switch|p2b: Politoed|Politoed, L50, M|70/100\n|move|p1b: Garchomp|Earthquake|p2b: Politoed|[spread] p1a,p2a,p2b\n|-supereffective|p1a: Kingambit|1\n|-supereffective|p2a: Incineroar|1\n|-damage|p1a: Kingambit|72/100\n|-damage|p2a: Incineroar|12/100\n|-damage|p2b: Politoed|46/100\n|-enditem|p2b: Politoed|Sitrus Berry|[eat]\n|-heal|p2b: Politoed|71/100|[from] item: Sitrus Berry\n|-damage|p1b: Garchomp|4/100|[from] item: Life Orb\n|move|p2a: Incineroar|Parting Shot|p1a: Kingambit\n|-unboost|p1a: Kingambit|atk|1\n|-ability|p1a: Kingambit|Defiant|boost\n|-boost|p1a: Kingambit|atk|2\n|-unboost|p1a: Kingambit|spa|1\n|-ability|p1a: Kingambit|Defiant|boost\n|-boost|p1a: Kingambit|atk|2\n|\n|t:|1788278269\n|switch|p2a: Sinistcha|Sinistcha, L50|100/100|[from] Parting Shot\n|-heal|p2b: Politoed|96/100|[from] ability: Hospitality|[of] p2a: Sinistcha\n|move|p1a: Kingambit|Kowtow Cleave|p2a: Sinistcha\n|-supereffective|p2a: Sinistcha|1\n|-enditem|p2a: Sinistcha|Colbur Berry|[eat]\n|-enditem|p2a: Sinistcha|Colbur Berry|[weaken]\n|-damage|p2a: Sinistcha|0 fnt\n|faint|p2a: Sinistcha\n|\n|-weather|none\n|upkeep\n|\n|t:|1788278271\n|switch|p2a: Incineroar|Incineroar, L50, F|12/100\n|-ability|p2a: Incineroar|Intimidate|boost\n|-unboost|p1a: Kingambit|atk|1\n|-ability|p1a: Kingambit|Defiant|boost\n|-boost|p1a: Kingambit|atk|2\n|-unboost|p1b: Garchomp|atk|1\n|turn|6\n|c|☆IronSerpentFan|+6 kingambit sweep\n|\n|t:|1788278288\n|switch|p1b: Whimsicott|Whimsicott, L50, M|100/100\n|move|p2a: Incineroar|Fake Out|p2b: Politoed\n|-damage|p2b: Politoed|84/100\n|cant|p2b: Politoed|flinch\n|move|p1a: Kingambit|Kowtow Cleave|p2b: Politoed\n|-damage|p2b: Politoed|0 fnt\n|faint|p2b: Politoed\n|\n|upkeep\n|\n|t:|1788278292\n|switch|p2b: Gengar|Gengar-Mega, L50, M|100/100\n|turn|7\n|j| pokemonpengu\n|c|☆IronSerpentFan|+6 32+ Atk Black Glasses Kingambit Kowtow Cleave (102 BP) vs. 2 HP / 0 Def Gengar-Mega: 942-1110 (687.5 - 810.2%) -- guaranteed OHKO\n|c| pokemonpengu|ew big six\n|inactive|IronSerpentFan has 30 seconds left.\n|\n|t:|1788278322\n|move|p2b: Gengar|Shadow Ball|p2a: Incineroar\n|-resisted|p2a: Incineroar|1\n|-damage|p2a: Incineroar|0 fnt\n|faint|p2a: Incineroar\n|move|p1b: Whimsicott|Moonblast|p2b: Gengar\n|-resisted|p2b: Gengar|1\n|-damage|p2b: Gengar|76/100\n|move|p1a: Kingambit|Kowtow Cleave|p2b: Gengar\n|-supereffective|p2b: Gengar|1\n|-damage|p2b: Gengar|0 fnt\n|faint|p2b: Gengar\n|\n|win|tung cubed\n|l|☆tung cubed\n|player|p1|\n","uploadtime":1788278335,"views":"0","formatid":"gen9championsvgc2026regmb","rating":null,"private":0,"password":null}