{"id":"gen9championsvgc2026regmb-2674006763","format":"[Gen 9 Champions] VGC 2026 Reg M-B","players":["dibble03","ethalem77"],"log":"|j|☆dibble03\n|j|☆ethalem77\n|t:|1788287439\n|gametype|doubles\n|player|p1|dibble03|brock|1648\n|player|p2|ethalem77|acetrainer-gen4dp|1564\n|gen|9\n|tier|[Gen 9 Champions] VGC 2026 Reg M-B\n|rated|\n|rule|Species Clause: Limit one of each Pokémon\n|rule|Item Clause: Limit 1 of each item\n|clearpoke\n|poke|p1|Blastoise, L50, F|\n|poke|p1|Whimsicott, L50, M|\n|poke|p1|Kingambit, L50, F|\n|poke|p1|Basculegion, L50, M|\n|poke|p1|Sinistcha, L50|\n|poke|p1|Maushold, L50|\n|poke|p2|Dragonite, L50, M|\n|poke|p2|Sneasler, L50, M|\n|poke|p2|Basculegion, L50, M|\n|poke|p2|Kingambit, L50, F|\n|poke|p2|Garchomp, L50, M|\n|poke|p2|Floette-Eternal, L50, F|\n|teampreview|4\n|inactive|Battle timer is ON: inactive players will automatically lose when time's up. (requested by ethalem77)\n|\n|t:|1788287456\n|teamsize|p1|4\n|teamsize|p2|4\n|start\n|switch|p1a: Blastoise|Blastoise, L50, F|100/100\n|switch|p1b: Maushold|Maushold, L50|100/100\n|switch|p2a: Sneasler|Sneasler, L50, M|100/100\n|switch|p2b: Floette|Floette-Eternal, L50, F|100/100\n|turn|1\n|inactive|dibble03 has 30 seconds left.\n|inactive|dibble03 has 20 seconds left.\n|inactive|dibble03 has 15 seconds left.\n|inactive|dibble03 has 10 seconds left.\n|\n|t:|1788287506\n|switch|p1a: Whimsicott|Whimsicott, L50, M|100/100\n|detailschange|p2b: Floette|Floette-Mega, L50, F\n|-mega|p2b: Floette|Floette|Floettite\n|-ability|p2b: Floette|Fairy Aura\n|move|p1b: Maushold|Protect|p1b: Maushold\n|-singleturn|p1b: Maushold|Protect\n|move|p2a: Sneasler|Feint|p1a: Whimsicott\n|-damage|p1a: Whimsicott|84/100\n|move|p2b: Floette|Dazzling Gleam|p1b: Maushold|[spread] p1a\n|-activate|p1b: Maushold|move: Protect\n|-damage|p1a: Whimsicott|5/100\n|\n|upkeep\n|turn|2\n|\n|t:|1788287528\n|switch|p1a: Kingambit|Kingambit, L50, F|100/100\n|move|p2a: Sneasler|Feint|p1a: Kingambit\n|-resisted|p1a: Kingambit|1\n|-damage|p1a: Kingambit|95/100\n|move|p1b: Maushold|Population Bomb|p2b: Floette\n|-damage|p2b: Floette|87/100\n|-damage|p2b: Floette|73/100\n|-damage|p2b: Floette|61/100\n|-crit|p2b: Floette\n|-damage|p2b: Floette|41/100\n|-damage|p2b: Floette|29/100\n|-damage|p2b: Floette|15/100\n|-damage|p2b: Floette|1/100\n|-damage|p2b: Floette|0 fnt\n|faint|p2b: Floette\n|-hitcount|p2: Floette|8\n|\n|upkeep\n|\n|t:|1788287545\n|switch|p2b: Kingambit|Kingambit, L50, F|100/100\n|turn|3\n|\n|t:|1788287567\n|move|p1b: Maushold|Protect|p1b: Maushold\n|-singleturn|p1b: Maushold|Protect\n|move|p2a: Sneasler|Close Combat|p1b: Maushold\n|-activate|p1b: Maushold|move: Protect\n|move|p1a: Kingambit|Low Kick|p2b: Kingambit\n|-supereffective|p2b: Kingambit|2\n|-enditem|p2b: Kingambit|Chople Berry|[eat]\n|-enditem|p2b: Kingambit|Chople Berry|[weaken]\n|-damage|p2b: Kingambit|45/100\n|move|p2b: Kingambit|Low Kick|p1a: Kingambit\n|-supereffective|p1a: Kingambit|2\n|-enditem|p1a: Kingambit|Chople Berry|[eat]\n|-enditem|p1a: Kingambit|Chople Berry|[weaken]\n|-damage|p1a: Kingambit|31/100\n|\n|upkeep\n|turn|4\n|\n|t:|1788287589\n|switch|p1b: Whimsicott|Whimsicott, L50, M|5/100\n|move|p2b: Kingambit|Sucker Punch||[still]\n|-fail|p2b: Kingambit\n|move|p2a: Sneasler|Close Combat|p1b: Whimsicott\n|-resisted|p1b: Whimsicott|1\n|-damage|p1b: Whimsicott|0 fnt\n|-unboost|p2a: Sneasler|def|1\n|-unboost|p2a: Sneasler|spd|1\n|faint|p1b: Whimsicott\n|move|p1a: Kingambit|Low Kick|p2b: Kingambit\n|-supereffective|p2b: Kingambit|2\n|-damage|p2b: Kingambit|0 fnt\n|faint|p2b: Kingambit\n|\n|upkeep\n|\n|t:|1788287600\n|switch|p1b: Blastoise|Blastoise, L50, F|100/100\n|switch|p2b: Basculegion|Basculegion, L50, M|100/100\n|turn|5\n|\n|t:|1788287624\n|detailschange|p1b: Blastoise|Blastoise-Mega, L50, F\n|-mega|p1b: Blastoise|Blastoise|Blastoisinite\n|move|p1b: Blastoise|Fake Out|p2a: Sneasler\n|-damage|p2a: Sneasler|77/100\n|move|p2b: Basculegion|Aqua Jet|p1a: Kingambit\n|-damage|p1a: Kingambit|4/100\n|-damage|p2b: Basculegion|90/100|[from] item: Life Orb\n|cant|p2a: Sneasler|flinch\n|move|p1a: Kingambit|Iron Head|p2a: Sneasler\n|-damage|p2a: Sneasler|0 fnt\n|faint|p2a: Sneasler\n|\n|upkeep\n|turn|6\n|\n|t:|1788287641\n|move|p2b: Basculegion|Aqua Jet|p1a: Kingambit\n|-damage|p1a: Kingambit|0 fnt\n|faint|p1a: Kingambit\n|-damage|p2b: Basculegion|80/100|[from] item: Life Orb\n|move|p1b: Blastoise|Dark Pulse|p2b: Basculegion\n|-supereffective|p2b: Basculegion|1\n|-damage|p2b: Basculegion|0 fnt\n|faint|p2b: Basculegion\n|\n|win|dibble03\n|raw|dibble03's rating: 1648 &rarr; <strong>1663</strong><br />(+15 for winning)\n|raw|ethalem77's rating: 1564 &rarr; <strong>1549</strong><br />(-15 for losing)\n","uploadtime":1788287643,"views":"0","formatid":"gen9championsvgc2026regmb","rating":1549,"private":0,"password":null}