{"id":"gen9championsvgc2026regmb-2674623860","format":"[Gen 9 Champions] VGC 2026 Reg M-B","players":["gundham tinuk","L3goSquirtle"],"log":"|j|☆gundham tinuk\n|j|☆L3goSquirtle\n|t:|1788381644\n|gametype|doubles\n|player|p1|gundham tinuk|medium|1113\n|player|p2|L3goSquirtle|acetrainer-gen4dp|1039\n|gen|9\n|tier|[Gen 9 Champions] VGC 2026 Reg M-B\n|rated|\n|rule|Species Clause: Limit one of each Pokémon\n|rule|Item Clause: Limit 1 of each item\n|clearpoke\n|poke|p1|Gengar, L50, M, shiny|\n|poke|p1|Swampert, L50, M|\n|poke|p1|Vivillon-Elegant, L50, M|\n|poke|p1|Archaludon, L50, F, shiny|\n|poke|p1|Politoed, L50, F|\n|poke|p1|Incineroar, L50, F, shiny|\n|poke|p2|Charizard, L50, F, shiny|\n|poke|p2|Grimmsnarl, L50, M, shiny|\n|poke|p2|Archaludon, L50, F, shiny|\n|poke|p2|Pelipper, L50, M, shiny|\n|poke|p2|Venusaur, L50, M, shiny|\n|poke|p2|Swampert, L50, M, shiny|\n|teampreview|4\nL3goSquirtle has agreed to open team sheets.\n|\n|t:|1788381681\n|teamsize|p1|4\n|teamsize|p2|4\n|start\n|switch|p1a: Gengar|Gengar, L50, M, shiny|100/100\n|switch|p1b: Incineroar|Incineroar, L50, F, shiny|100/100\n|switch|p2a: Charizard|Charizard, L50, F, shiny|100/100\n|switch|p2b: Venusaur|Venusaur, L50, M, shiny|100/100\n|-ability|p1b: Incineroar|Intimidate|boost\n|-unboost|p2a: Charizard|atk|1\n|-unboost|p2b: Venusaur|atk|1\n|turn|1\n|\n|t:|1788381704\n|detailschange|p1a: Gengar|Gengar-Mega, L50, M, shiny\n|-mega|p1a: Gengar|Gengar|Gengarite\n|detailschange|p2a: Charizard|Charizard-Mega-Y, L50, F, shiny\n|-mega|p2a: Charizard|Charizard|Charizardite Y\n|-weather|SunnyDay|[from] ability: Drought|[of] p2a: Charizard\n|move|p1b: Incineroar|Fake Out|p2a: Charizard\n|-damage|p2a: Charizard|88/100\n|move|p2b: Venusaur|Sleep Powder|p1a: Gengar|[miss]\n|-miss|p2b: Venusaur|p1a: Gengar\n|move|p1a: Gengar|Perish Song|p1a: Gengar\n|-start|p1a: Gengar|perish3|[silent]\n|-start|p1b: Incineroar|perish3|[silent]\n|-start|p2a: Charizard|perish3|[silent]\n|-start|p2b: Venusaur|perish3|[silent]\n|-fieldactivate|move: Perish Song\n|cant|p2a: Charizard|flinch\n|\n|-weather|SunnyDay|[upkeep]\n|-start|p2b: Venusaur|perish3\n|-start|p1a: Gengar|perish3\n|-start|p2a: Charizard|perish3\n|-start|p1b: Incineroar|perish3\n|upkeep\n|turn|2\n|\n|t:|1788381738\n|move|p1a: Gengar|Protect|p1a: Gengar\n|-singleturn|p1a: Gengar|Protect\n|move|p1b: Incineroar|Protect|p1b: Incineroar\n|-singleturn|p1b: Incineroar|Protect\n|move|p2b: Venusaur|Sleep Powder|p1b: Incineroar\n|-activate|p1b: Incineroar|move: Protect\n|move|p2a: Charizard|Heat Wave|p1a: Gengar|[spread] \n|-activate|p1a: Gengar|move: Protect\n|-activate|p1b: Incineroar|move: Protect\n|\n|-weather|SunnyDay|[upkeep]\n|-start|p2b: Venusaur|perish2\n|-start|p1a: Gengar|perish2\n|-start|p2a: Charizard|perish2\n|-start|p1b: Incineroar|perish2\n|upkeep\n|turn|3\n|\n|t:|1788381769\n|switch|p1a: Politoed|Politoed, L50, F|100/100\n|-weather|RainDance|[from] ability: Drizzle|[of] p1a: Politoed\n|move|p2a: Charizard|Heat Wave|p1b: Incineroar|[spread] p1a,p1b\n|-resisted|p1a: Politoed|1\n|-resisted|p1b: Incineroar|1\n|-damage|p1a: Politoed|93/100\n|-damage|p1b: Incineroar|93/100\n|move|p2b: Venusaur|Sleep Powder|p1b: Incineroar\n|-status|p1b: Incineroar|slp|[from] move: Sleep Powder\n|cant|p1b: Incineroar|slp\n|\n|-weather|RainDance|[upkeep]\n|-start|p2a: Charizard|perish1\n|-start|p2b: Venusaur|perish1\n|-start|p1b: Incineroar|perish1\n|upkeep\n|turn|4\n|\n|t:|1788381790\n|switch|p2a: Swampert|Swampert, L50, M, shiny|100/100\n|switch|p2b: Archaludon|Archaludon, L50, F, shiny|100/100\n|switch|p1b: Archaludon|Archaludon, L50, F, shiny|100/100\n|move|p1a: Politoed|Muddy Water|p2b: Archaludon|[spread] p2a,p2b\n|-resisted|p2b: Archaludon|1\n|-damage|p2a: Swampert|67/100\n|-damage|p2b: Archaludon|83/100\n|-ability|p2b: Archaludon|Stamina|boost\n|-boost|p2b: Archaludon|def|1\n|\n|-weather|RainDance|[upkeep]\n|-heal|p2b: Archaludon|89/100|[from] item: Leftovers\n|upkeep\n|turn|5\n|\n|t:|1788381826\n|move|p1b: Archaludon|Protect|p1b: Archaludon\n|-singleturn|p1b: Archaludon|Protect\n|move|p2a: Swampert|Protect|p2a: Swampert\n|-singleturn|p2a: Swampert|Protect\n|move|p2b: Archaludon|Electro Shot||[still]\n|-prepare|p2b: Archaludon|Electro Shot\n|-boost|p2b: Archaludon|spa|1\n|-anim|p2b: Archaludon|Electro Shot|p1a: Politoed\n|-supereffective|p1a: Politoed|1\n|-damage|p1a: Politoed|23/100\n|-enditem|p1a: Politoed|Sitrus Berry|[eat]\n|-heal|p1a: Politoed|48/100|[from] item: Sitrus Berry\n|move|p1a: Politoed|Perish Song|p1a: Politoed\n|-start|p1a: Politoed|perish3|[silent]\n|-start|p1b: Archaludon|perish3|[silent]\n|-start|p2a: Swampert|perish3|[silent]\n|-start|p2b: Archaludon|perish3|[silent]\n|-fieldactivate|move: Perish Song\n|\n|-weather|RainDance|[upkeep]\n|-heal|p2b: Archaludon|95/100|[from] item: Leftovers\n|-start|p1b: Archaludon|perish3\n|-start|p2b: Archaludon|perish3\n|-start|p2a: Swampert|perish3\n|-start|p1a: Politoed|perish3\n|upkeep\n|turn|6\n|\n|t:|1788381867\n|switch|p2a: Charizard|Charizard-Mega-Y, L50, F, shiny|88/100\n|-weather|SunnyDay|[from] ability: Drought|[of] p2a: Charizard\n|move|p1b: Archaludon|Dragon Pulse|p2a: Charizard\n|-damage|p2a: Charizard|46/100\n|move|p2b: Archaludon|Dragon Pulse|p1b: Archaludon\n|-damage|p1b: Archaludon|22/100\n|-ability|p1b: Archaludon|Stamina|boost\n|-boost|p1b: Archaludon|def|1\n|move|p1a: Politoed|Encore||[still]\n|-fail|p1a: Politoed\n|\n|-weather|SunnyDay|[upkeep]\n|-heal|p1b: Archaludon|28/100|[from] item: Leftovers\n|-heal|p2b: Archaludon|100/100|[from] item: Leftovers\n|-start|p1b: Archaludon|perish2\n|-start|p2b: Archaludon|perish2\n|-start|p1a: Politoed|perish2\n|upkeep\n|turn|7\n|\n|t:|1788381910\n|move|p1b: Archaludon|Protect|p1b: Archaludon\n|-singleturn|p1b: Archaludon|Protect\n|move|p2a: Charizard|Heat Wave|p1a: Politoed|[spread] p1a\n|-activate|p1b: Archaludon|move: Protect\n|-resisted|p1a: Politoed|1\n|-damage|p1a: Politoed|28/100\n|move|p2b: Archaludon|Dragon Pulse|p1a: Politoed\n|-damage|p1a: Politoed|0 fnt\n|faint|p1a: Politoed\n|\n|-weather|SunnyDay|[upkeep]\n|-heal|p1b: Archaludon|34/100|[from] item: Leftovers\n|-start|p1b: Archaludon|perish1\n|-start|p2b: Archaludon|perish1\n|upkeep\n|\n|t:|1788381923\n|switch|p1a: Gengar|Gengar-Mega, L50, M, shiny|100/100\n|turn|8\n|\n|t:|1788381933\n|switch|p1b: Incineroar|Incineroar, L50, F, shiny|93/100 slp\n|-ability|p1b: Incineroar|Intimidate|boost\n|-unboost|p2a: Charizard|atk|1\n|-unboost|p2b: Archaludon|atk|1\n|move|p1a: Gengar|Perish Song|p1a: Gengar\n|-start|p1a: Gengar|perish3|[silent]\n|-start|p1b: Incineroar|perish3|[silent]\n|-start|p2a: Charizard|perish3|[silent]\n|-fieldactivate|move: Perish Song\n|move|p2a: Charizard|Weather Ball|p1a: Gengar\n|-damage|p1a: Gengar|0 fnt\n|faint|p1a: Gengar\n|move|p2b: Archaludon|Dragon Pulse|p1b: Incineroar\n|-damage|p1b: Incineroar|58/100 slp\n|\n|-weather|SunnyDay|[upkeep]\n|-start|p2a: Charizard|perish3\n|-start|p2b: Archaludon|perish0\n|-start|p1b: Incineroar|perish3\n|faint|p2b: Archaludon\n|upkeep\n|\n|t:|1788381949\n|switch|p1a: Archaludon|Archaludon, L50, F, shiny|34/100\n|switch|p2b: Swampert|Swampert, L50, M, shiny|67/100\n|turn|9\n|\n|t:|1788381965\n|-curestatus|p1b: Incineroar|slp|[msg]\n|move|p1b: Incineroar|Fake Out|p2b: Swampert\n|-crit|p2b: Swampert\n|-damage|p2b: Swampert|53/100\n|move|p1a: Archaludon|Dragon Pulse|p2a: Charizard\n|-damage|p2a: Charizard|7/100\n|move|p2a: Charizard|Weather Ball|p1a: Archaludon\n|-damage|p1a: Archaludon|0 fnt\n|faint|p1a: Archaludon\n|cant|p2b: Swampert|flinch\n|\n|-weather|SunnyDay|[upkeep]\n|-start|p2a: Charizard|perish2\n|-start|p1b: Incineroar|perish2\n|upkeep\n|turn|10\n|\n|t:|1788381985\n|switch|p2a: Venusaur|Venusaur, L50, M, shiny|100/100\n|move|p2b: Swampert|Wave Crash|p1b: Incineroar\n|-supereffective|p1b: Incineroar|1\n|-enditem|p1b: Incineroar|Passho Berry|[eat]\n|-enditem|p1b: Incineroar|Passho Berry|[weaken]\n|-damage|p1b: Incineroar|33/100\n|-damage|p2b: Swampert|45/100|[from] Recoil\n|move|p1b: Incineroar|Throat Chop|p2a: Venusaur\n|-damage|p2a: Venusaur|53/100\n|-start|p2a: Venusaur|Throat Chop|[silent]\n|\n|-weather|none\n|-start|p1b: Incineroar|perish1\n|upkeep\n|turn|11\n|\n|t:|1788381998\n|move|p2a: Venusaur|Protect|p2a: Venusaur\n|-singleturn|p2a: Venusaur|Protect\n|move|p2b: Swampert|Protect|p2b: Swampert\n|-singleturn|p2b: Swampert|Protect\n|move|p1b: Incineroar|Throat Chop|p2a: Venusaur\n|-activate|p2a: Venusaur|move: Protect\n|\n|-end|p2a: Venusaur|Throat Chop|[silent]\n|-start|p1b: Incineroar|perish0\n|faint|p1b: Incineroar\n|\n|win|L3goSquirtle\n|raw|gundham tinuk's rating: 1113 &rarr; <strong>1083</strong><br />(-30 for losing)\n|raw|L3goSquirtle's rating: 1039 &rarr; <strong>1080</strong><br />(+41 for winning)\n|l|☆gundham tinuk\n|player|p1|\n","uploadtime":1788381999,"views":"1","formatid":"gen9championsvgc2026regmb","rating":1080,"private":0,"password":null}