{"id":"gen9championsvgc2026regmb-2674293315","format":"[Gen 9 Champions] VGC 2026 Reg M-B","players":["geodude3138","Kwiper"],"log":"|j|☆geodude3138\n|j|☆Kwiper\n|t:|1788333708\n|gametype|doubles\n|player|p1|geodude3138|lady-gen4|1539\n|player|p2|Kwiper|sycamore|1557\n|gen|9\n|tier|[Gen 9 Champions] VGC 2026 Reg M-B\n|rated|\n|rule|Species Clause: Limit one of each Pokémon\n|rule|Item Clause: Limit 1 of each item\n|clearpoke\n|poke|p1|Dragonite, L50, F|\n|poke|p1|Sneasler, L50, M|\n|poke|p1|Basculegion, L50, M|\n|poke|p1|Kingambit, L50, M|\n|poke|p1|Garchomp, L50, F|\n|poke|p1|Floette-Eternal, L50, F|\n|poke|p2|Tyranitar, L50, F|\n|poke|p2|Excadrill, L50, F|\n|poke|p2|Milotic, L50, M|\n|poke|p2|Gholdengo, L50|\n|poke|p2|Sinistcha, L50|\n|poke|p2|Staraptor, L50, M|\n|teampreview|4\n|inactive|Battle timer is ON: inactive players will automatically lose when time's up. (requested by Kwiper)\n|\n|t:|1788333735\n|teamsize|p1|4\n|teamsize|p2|4\n|start\n|switch|p1a: Floette|Floette-Eternal, L50, F|100/100\n|switch|p1b: Garchomp|Garchomp, L50, F|100/100\n|switch|p2a: Gholdengo|Gholdengo, L50|100/100\n|switch|p2b: Tyranitar|Tyranitar, L50, F|100/100\n|-weather|Sandstorm|[from] ability: Sand Stream|[of] p2b: Tyranitar\n|turn|1\n|\n|t:|1788333751\n|switch|p2b: Staraptor|Staraptor, L50, M|100/100\n|-ability|p2b: Staraptor|Intimidate|boost\n|-unboost|p1a: Floette|atk|1\n|-unboost|p1b: Garchomp|atk|1\n|detailschange|p1a: Floette|Floette-Mega, L50, F\n|-mega|p1a: Floette|Floette|Floettite\n|-ability|p1a: Floette|Fairy Aura\n|move|p1a: Floette|Protect|p1a: Floette\n|-singleturn|p1a: Floette|Protect\n|move|p1b: Garchomp|Earthquake|p2b: Staraptor|[spread] p2a\n|-activate|p1a: Floette|move: Protect\n|-immune|p2b: Staraptor\n|-supereffective|p2a: Gholdengo|1\n|-damage|p2a: Gholdengo|55/100\n|move|p2a: Gholdengo|Make It Rain|p1a: Floette|[spread] p1b\n|-activate|p1a: Floette|move: Protect\n|-damage|p1b: Garchomp|41/100\n|-unboost|p2a: Gholdengo|spa|2\n|-damage|p2a: Gholdengo|46/100|[from] item: Life Orb\n|\n|-weather|Sandstorm|[upkeep]\n|-damage|p2b: Staraptor|94/100|[from] Sandstorm\n|-damage|p1a: Floette|94/100|[from] Sandstorm\n|upkeep\n|turn|2\n|inactive|geodude3138 has 30 seconds left.\n|\n|t:|1788333776\n|switch|p1b: Basculegion|Basculegion, L50, M|100/100\n|switch|p2a: Sinistcha|Sinistcha, L50|100/100\n|-heal|p2b: Staraptor|100/100|[from] ability: Hospitality|[of] p2a: Sinistcha\n|detailschange|p2b: Staraptor|Staraptor-Mega, L50, M\n|-mega|p2b: Staraptor|Staraptor|Staraptite\n|move|p2b: Staraptor|Close Combat|p1b: Basculegion\n|-immune|p1b: Basculegion\n|move|p1a: Floette|Dazzling Gleam|p2b: Staraptor|[spread] p2a,p2b\n|-supereffective|p2b: Staraptor|1\n|-damage|p2a: Sinistcha|52/100\n|-damage|p2b: Staraptor|7/100\n|\n|-weather|Sandstorm|[upkeep]\n|-damage|p2b: Staraptor|2/100|[from] Sandstorm\n|-damage|p1a: Floette|88/100|[from] Sandstorm\n|-damage|p1b: Basculegion|93/100|[from] Sandstorm\n|-damage|p2a: Sinistcha|46/100|[from] Sandstorm\n|upkeep\n|turn|3\n|\n|t:|1788333797\n|move|p1b: Basculegion|Protect|p1b: Basculegion\n|-singleturn|p1b: Basculegion|Protect\n|move|p2b: Staraptor|Tailwind|p2b: Staraptor\n|-sidestart|p2: Kwiper|move: Tailwind\n|move|p2a: Sinistcha|Matcha Gotcha|p1b: Basculegion|[spread] p1a\n|-activate|p1b: Basculegion|move: Protect\n|-damage|p1a: Floette|68/100\n|-heal|p2a: Sinistcha|54/100|[from] drain|[of] p1a: Floette\n|move|p1a: Floette|Moonblast|p2a: Sinistcha\n|-damage|p2a: Sinistcha|0 fnt\n|faint|p2a: Sinistcha\n|\n|-weather|Sandstorm|[upkeep]\n|-damage|p2b: Staraptor|0 fnt|[from] Sandstorm\n|-damage|p1a: Floette|62/100|[from] Sandstorm\n|-damage|p1b: Basculegion|87/100|[from] Sandstorm\n|faint|p2b: Staraptor\n|upkeep\n|\n|t:|1788333801\n|switch|p2b: Gholdengo|Gholdengo, L50|46/100\n|switch|p2a: Tyranitar|Tyranitar, L50, F|100/100\n|turn|4\n|inactive|geodude3138 has 30 seconds left.\n|inactive|geodude3138 has 20 seconds left.\n|\n|t:|1788333837\n|move|p1a: Floette|Protect|p1a: Floette\n|-singleturn|p1a: Floette|Protect\n|move|p1b: Basculegion|Aqua Jet|p2b: Gholdengo\n|-damage|p2b: Gholdengo|13/100\n|-damage|p1b: Basculegion|78/100|[from] item: Life Orb\n|move|p2a: Tyranitar|Knock Off|p1b: Basculegion\n|-supereffective|p1b: Basculegion|1\n|-damage|p1b: Basculegion|0 fnt\n|-enditem|p1b: Basculegion|Life Orb|[from] move: Knock Off|[of] p2a: Tyranitar\n|faint|p1b: Basculegion\n|move|p2b: Gholdengo|Nasty Plot|p2b: Gholdengo\n|-boost|p2b: Gholdengo|spa|2\n|\n|-weather|Sandstorm|[upkeep]\n|-damage|p1a: Floette|56/100|[from] Sandstorm\n|upkeep\n|inactive|geodude3138 has 30 seconds left.\n|inactive|geodude3138 has 20 seconds left.\n|\n|t:|1788333876\n|switch|p1b: Garchomp|Garchomp, L50, F|41/100\n|turn|5\n|\n|t:|1788333894\n|switch|p1a: Sneasler|Sneasler, L50, M|100/100\n|move|p2a: Tyranitar|Knock Off|p1b: Garchomp\n|-crit|p1b: Garchomp\n|-damage|p1b: Garchomp|0 fnt\n|-damage|p2a: Tyranitar|87/100|[from] ability: Rough Skin|[of] p1b: Garchomp\n|-enditem|p1b: Garchomp|Choice Scarf|[from] move: Knock Off|[of] p2a: Tyranitar\n|faint|p1b: Garchomp\n|move|p2b: Gholdengo|Make It Rain|p1a: Sneasler\n|-enditem|p1a: Sneasler|Focus Sash\n|-damage|p1a: Sneasler|1/100\n|-unboost|p2b: Gholdengo|spa|2\n|-damage|p2b: Gholdengo|3/100|[from] item: Life Orb\n|\n|-weather|none\n|upkeep\n|\n|t:|1788333909\n|switch|p1b: Floette|Floette-Mega, L50, F|56/100\n|-ability|p1b: Floette|Fairy Aura\n|turn|6\n|\n|t:|1788333914\n|move|p1a: Sneasler|Fake Out|p2a: Tyranitar\n|-resisted|p2a: Tyranitar|1\n|-damage|p2a: Tyranitar|81/100\n|cant|p2a: Tyranitar|flinch\n|move|p2b: Gholdengo|Make It Rain|p1b: Floette|[spread] p1a,p1b\n|-supereffective|p1b: Floette|1\n|-damage|p1a: Sneasler|0 fnt\n|-damage|p1b: Floette|0 fnt\n|-unboost|p2b: Gholdengo|spa|2\n|faint|p1a: Sneasler\n|faint|p1b: Floette\n|-damage|p2b: Gholdengo|0 fnt|[from] item: Life Orb\n|faint|p2b: Gholdengo\n|\n|win|Kwiper\n|raw|geodude3138's rating: 1539 &rarr; <strong>1520</strong><br />(-19 for losing)\n|raw|Kwiper's rating: 1557 &rarr; <strong>1576</strong><br />(+19 for winning)\n","uploadtime":1788333914,"views":"1","formatid":"gen9championsvgc2026regmb","rating":1520,"private":0,"password":null}