{"id":"gen9championsvgc2026regmbbo3-2674328898","format":"[Gen 9 Champions] VGC 2026 Reg M-B (Bo3)","players":["RandomDuVGCDZ","BracingBike5323"],"log":"|j|☆RandomDuVGCDZ\n|j|☆BracingBike5323\n|html|<table width=\"100%\"><tr><td align=\"left\">RandomDuVGCDZ</td><td align=\"right\">BracingBike5323</tr><tr><td align=\"left\"><i class=\"fa fa-circle-o\"></i> <i class=\"fa fa-circle-o\"></i> </td><td align=\"right\"><i class=\"fa fa-circle-o\"></i> <i class=\"fa fa-circle-o\"></i> </tr></table>\n|uhtml|bestof|<h2><strong>Game 1</strong> of <a href=\"/game-bestof3-gen9championsvgc2026regmbbo3-2674328897\">a best-of-3</a></h2>\n|t:|1788342143\n|gametype|doubles\n|player|p1|RandomDuVGCDZ|102|1000\n|player|p2|BracingBike5323|1|1000\n|gen|9\n|tier|[Gen 9 Champions] VGC 2026 Reg M-B (Bo3)\n|rated|\n|rule|Species Clause: Limit one of each Pokémon\n|rule|Item Clause: Limit 1 of each item\n|clearpoke\n|poke|p1|Raichu, L50, F|\n|poke|p1|Staraptor, L50, F|\n|poke|p1|Arcanine-Hisui, L50, M|\n|poke|p1|Farigiraf, L50, M|\n|poke|p1|Sylveon, L50, F|\n|poke|p1|Kingambit, L50, M|\n|poke|p2|Decidueye, L50, F|\n|poke|p2|Lopunny, L50, M|\n|poke|p2|Whimsicott, L50, M|\n|poke|p2|Hatterene, L50, F|\n|poke|p2|Torkoal, L50, M|\n|poke|p2|Dragalge, L50, M|\n|teampreview|4\n|showteam|p1|Raichu||RaichuniteY|LightningRod|ZapCannon,FocusBlast,FakeOut,Protect|Timid||F|||50|]Staraptor||Staraptite|Intimidate|CloseCombat,DualWingbeat,Tailwind,Protect|Jolly||F|||50|]Arcanine-Hisui||FocusSash|RockHead|FlareBlitz,HeadSmash,ExtremeSpeed,Protect|Jolly||M|||50|]Farigiraf||SitrusBerry|ArmorTail|Psychic,HelpingHand,TrickRoom,Protect|Calm||M|||50|]Sylveon||FairyFeather|Pixilate|HyperVoice,QuickAttack,HyperBeam,Detect|Modest||F|||50|]Kingambit||LifeOrb|Defiant|KowtowCleave,SuckerPunch,SwordsDance,Protect|Adamant||M|||50|\n|showteam|p2|Decidueye||LifeOrb|LongReach|ShadowSneak,Poltergeist,LeafBlade,Protect|Adamant||F|||50|]Lopunny||Lopunnite|Limber|FakeOut,TripleAxel,CloseCombat,PlayRough|Jolly||M|||50|]Whimsicott||FocusSash|Prankster|Taunt,Tailwind,Tickle,Moonblast|Timid||M|||50|]Hatterene||SitrusBerry|MagicBounce|TrickRoom,DazzlingGleam,MysticalFire,Protect|Modest||F|||50|]Torkoal||Leftovers|Drought|Eruption,BodyPress,HelpingHand,Protect|Bold||M|||50|]Dragalge||Dragalgite|Adaptability|DragonPulse,SludgeBomb,Protect,ToxicSpikes|Calm||M|||50|\n|inactive|Battle timer is ON: inactive players will automatically lose when time's up. (requested by RandomDuVGCDZ)\n|inactive|RandomDuVGCDZ has 60 seconds left.\n|inactive|RandomDuVGCDZ has 30 seconds left.\n|inactive|RandomDuVGCDZ has 20 seconds left.\n|inactive|RandomDuVGCDZ has 15 seconds left.\n|inactive|RandomDuVGCDZ has 10 seconds left.\n|\n|t:|1788342226\n|teamsize|p1|4\n|teamsize|p2|4\n|start\n|switch|p1a: Raichu|Raichu, L50, F|100/100\n|switch|p1b: Arcanine|Arcanine-Hisui, L50, M|100/100\n|switch|p2a: Hatterene|Hatterene, L50, F|100/100\n|switch|p2b: Torkoal|Torkoal, L50, M|100/100\n|-weather|SunnyDay|[from] ability: Drought|[of] p2b: Torkoal\n|turn|1\n|\n|t:|1788342246\n|detailschange|p1a: Raichu|Raichu-Mega-Y, L50, F\n|-mega|p1a: Raichu|Raichu|Raichunite Y\n|move|p1a: Raichu|Zap Cannon|p2b: Torkoal\n|-damage|p2b: Torkoal|18/100\n|-status|p2b: Torkoal|par\n|move|p1b: Arcanine|Flare Blitz|p2a: Hatterene\n|-damage|p2a: Hatterene|15/100\n|-enditem|p2a: Hatterene|Sitrus Berry|[eat]\n|-heal|p2a: Hatterene|40/100|[from] item: Sitrus Berry\n|move|p2b: Torkoal|Body Press|p1b: Arcanine\n|-supereffective|p1b: Arcanine|1\n|-damage|p1b: Arcanine|24/100\n|move|p2a: Hatterene|Trick Room|p2a: Hatterene\n|-fieldstart|move: Trick Room|[of] p2a: Hatterene\n|\n|-weather|SunnyDay|[upkeep]\n|-heal|p2b: Torkoal|24/100 par|[from] item: Leftovers\n|upkeep\n|turn|2\n|inactive|RandomDuVGCDZ has 30 seconds left.\n|inactive|BracingBike5323 has 30 seconds left.\n|\n|t:|1788342279\n|switch|p1a: Sylveon|Sylveon, L50, F|100/100\n|move|p1b: Arcanine|Extreme Speed|p2a: Hatterene\n|-crit|p2a: Hatterene\n|-damage|p2a: Hatterene|1/100\n|move|p2b: Torkoal|Body Press|p1b: Arcanine\n|-supereffective|p1b: Arcanine|1\n|-damage|p1b: Arcanine|0 fnt\n|faint|p1b: Arcanine\n|move|p2a: Hatterene|Mystical Fire|p1a: Sylveon\n|-damage|p1a: Sylveon|72/100\n|-unboost|p1a: Sylveon|spa|1\n|\n|-weather|SunnyDay|[upkeep]\n|-heal|p2b: Torkoal|30/100 par|[from] item: Leftovers\n|upkeep\n|\n|t:|1788342290\n|switch|p1b: Kingambit|Kingambit, L50, M|100/100\n|turn|3\n|\n|t:|1788342304\n|move|p2b: Torkoal|Helping Hand|p2a: Hatterene\n|-singleturn|p2a: Hatterene|Helping Hand|[of] p2b: Torkoal\n|move|p1b: Kingambit|Sucker Punch||[still]\n|-fail|p1b: Kingambit\n|move|p1a: Sylveon|Quick Attack|p2a: Hatterene\n|-crit|p2a: Hatterene\n|-damage|p2a: Hatterene|0 fnt\n|faint|p2a: Hatterene\n|\n|-weather|SunnyDay|[upkeep]\n|-heal|p2b: Torkoal|36/100 par|[from] item: Leftovers\n|upkeep\n|\n|t:|1788342314\n|switch|p2a: Dragalge|Dragalge, L50, M|100/100\n|turn|4\n|inactive|RandomDuVGCDZ has 30 seconds left.\n|\n|t:|1788342342\n|switch|p1b: Raichu|Raichu-Mega-Y, L50, F|100/100\n|detailschange|p2a: Dragalge|Dragalge-Mega, L50, M\n|-mega|p2a: Dragalge|Dragalge|Dragalgite\n|move|p1a: Sylveon|Detect|p1a: Sylveon\n|-singleturn|p1a: Sylveon|Protect\n|move|p2b: Torkoal|Body Press|p1b: Raichu\n|-crit|p1b: Raichu\n|-damage|p1b: Raichu|9/100\n|move|p2a: Dragalge|Sludge Bomb|p1a: Sylveon\n|-activate|p1a: Sylveon|move: Protect\n|\n|-weather|SunnyDay|[upkeep]\n|-heal|p2b: Torkoal|42/100 par|[from] item: Leftovers\n|upkeep\n|turn|5\n|\n|t:|1788342362\n|switch|p1a: Kingambit|Kingambit, L50, M|100/100\n|move|p2a: Dragalge|Protect|p2a: Dragalge\n|-singleturn|p2a: Dragalge|Protect\n|move|p1b: Raichu|Protect|p1b: Raichu\n|-singleturn|p1b: Raichu|Protect\n|cant|p2b: Torkoal|par\n|\n|-weather|none\n|-heal|p2b: Torkoal|49/100 par|[from] item: Leftovers\n|-fieldend|move: Trick Room\n|upkeep\n|turn|6\n|\n|t:|1788342386\n|move|p1b: Raichu|Zap Cannon|p2b: Torkoal\n|-damage|p2b: Torkoal|0 fnt\n|faint|p2b: Torkoal\n|move|p1a: Kingambit|Swords Dance|p1a: Kingambit\n|-boost|p1a: Kingambit|atk|2\n|move|p2a: Dragalge|Dragon Pulse|p1b: Raichu\n|-damage|p1b: Raichu|0 fnt\n|faint|p1b: Raichu\n|\n|upkeep\n|\n|t:|1788342395\n|switch|p1b: Sylveon|Sylveon, L50, F|72/100\n|switch|p2b: Decidueye|Decidueye, L50, F|100/100\n|turn|7\n|\n|t:|1788342416\n|move|p1b: Sylveon|Detect|p1b: Sylveon\n|-singleturn|p1b: Sylveon|Protect\n|move|p2b: Decidueye|Poltergeist|p1a: Kingambit\n|-activate|p1a: Kingambit|move: Poltergeist|Life Orb\n|-resisted|p1a: Kingambit|1\n|-damage|p1a: Kingambit|73/100\n|-damage|p2b: Decidueye|90/100|[from] item: Life Orb\n|move|p1a: Kingambit|Kowtow Cleave|p2b: Decidueye\n|-supereffective|p2b: Decidueye|1\n|-damage|p2b: Decidueye|0 fnt\n|faint|p2b: Decidueye\n|-damage|p1a: Kingambit|63/100|[from] item: Life Orb\n|move|p2a: Dragalge|Sludge Bomb|p1b: Sylveon\n|-activate|p1b: Sylveon|move: Protect\n|\n|upkeep\n|turn|8\n|\n|t:|1788342431\n|move|p1b: Sylveon|Hyper Voice|p2a: Dragalge\n|-damage|p2a: Dragalge|63/100\n|move|p1a: Kingambit|Kowtow Cleave|p2a: Dragalge\n|-damage|p2a: Dragalge|0 fnt\n|faint|p2a: Dragalge\n|-damage|p1a: Kingambit|54/100|[from] item: Life Orb\n|\n|win|RandomDuVGCDZ\n||BracingBike5323 is ready for game 2.\n|inactive|RandomDuVGCDZ has 30 seconds to confirm battle start!\n|inactive|RandomDuVGCDZ has 20 seconds to confirm battle start!\n||RandomDuVGCDZ is ready for game 2.\n|uhtml|next|Next: <a href=\"/battle-gen9championsvgc2026regmbbo3-2674330301\"><strong>Game 2 of 3</strong></a>\n|l|☆BracingBike5323\n|player|p2|\n|n|☆RandomDuVGCDZ|randomduvgcdz\n","uploadtime":1788342654,"views":"2","formatid":"gen9championsvgc2026regmbbo3","rating":null,"private":0,"password":null}