{"id":"gen9championsvgc2026regmb-2674794389","format":"[Gen 9 Champions] VGC 2026 Reg M-B","players":["ASapHerb","MPelton02"],"log":"|j|☆ASapHerb\n|j|☆MPelton02\n|html|<table width=\"100%\"><tr><td align=\"left\">ASapHerb</td><td align=\"right\">MPelton02</tr><tr><td align=\"left\"><i class=\"fa fa-circle\"></i> <i class=\"fa fa-circle\"></i> <i class=\"fa fa-circle-o\"></i> </td><td align=\"right\"><i class=\"fa fa-circle-o\"></i> <i class=\"fa fa-circle-o\"></i> <i class=\"fa fa-circle\"></i> </tr></table>\n|uhtml|bestof|<h2><strong>Game 4</strong> of <a href=\"/game-bestof5-gen9championsvgc2026regmb-2674786758\">a best-of-5</a></h2>\n|t:|1788408114\n|gametype|doubles\n|player|p1|ASapHerb|169|\n|player|p2|MPelton02|265|\n|gen|9\n|tier|[Gen 9 Champions] VGC 2026 Reg M-B\n|rule|Species Clause: Limit one of each Pokémon\n|rule|Item Clause: Limit 1 of each item\n|raw|<div class=\"infobox\"><details class=\"readmore\" open><summary><strong>1 custom rule:</strong></summary> Best of = 5</details></div>\n|clearpoke\n|poke|p1|Blaziken, L50, M|\n|poke|p1|Froslass, L50, F|\n|poke|p1|Dragonite, L50, M|\n|poke|p1|Sneasler, L50, F, shiny|\n|poke|p1|Kingambit, L50, M|\n|poke|p1|Toxapex, L50, F|\n|poke|p2|Raichu, L50, F, shiny|\n|poke|p2|Pelipper, L50, M|\n|poke|p2|Swampert, L50, F|\n|poke|p2|Sinistcha-Masterpiece, L50|\n|poke|p2|Farigiraf, L50, F|\n|poke|p2|Whimsicott, L50, F|\n|teampreview|4\n|j| danwilt\n|j| xJacKaz\n|inactive|Battle timer is ON: inactive players will automatically lose when time's up. (requested by ASapHerb)\n|j| fittyjason\n|inactive|ASapHerb has 60 seconds left.\n|\n|t:|1788408165\n|teamsize|p1|4\n|teamsize|p2|4\n|start\n|switch|p1a: Toxic Tendencies|Sneasler, L50, F, shiny|100/100\n|switch|p1b: Dragon r Tight|Dragonite, L50, M|100/100\n|switch|p2a: NevrainsCalifornia|Pelipper, L50, M|100/100\n|switch|p2b: Shrek is love|Swampert, L50, F|100/100\n|-weather|RainDance|[from] ability: Drizzle|[of] p2a: NevrainsCalifornia\n|turn|1\n|inactive|ASapHerb has 30 seconds left.\n|inactive|MPelton02 has 30 seconds left.\n|\n|t:|1788408200\n|move|p1a: Toxic Tendencies|Fake Out|p2a: NevrainsCalifornia\n|-damage|p2a: NevrainsCalifornia|86/100\n|move|p2b: Shrek is love|Earthquake|p1b: Dragon r Tight|[spread] p1a\n|-immune|p2a: NevrainsCalifornia\n|-immune|p1b: Dragon r Tight\n|-supereffective|p1a: Toxic Tendencies|1\n|-enditem|p1a: Toxic Tendencies|Focus Sash\n|-damage|p1a: Toxic Tendencies|1/100\n|move|p1b: Dragon r Tight|Dragon Claw|p2b: Shrek is love\n|-damage|p2b: Shrek is love|31/100\n|-damage|p1b: Dragon r Tight|90/100|[from] item: Life Orb\n|cant|p2a: NevrainsCalifornia|flinch\n|\n|-weather|RainDance|[upkeep]\n|upkeep\n|turn|2\n|inactive|ASapHerb has 30 seconds left.\n|inactive|ASapHerb has 20 seconds left.\n|inactive|ASapHerb has 15 seconds left.\n|\n|t:|1788408241\n|move|p1a: Toxic Tendencies|Protect|p1a: Toxic Tendencies\n|-singleturn|p1a: Toxic Tendencies|Protect\n|move|p2b: Shrek is love|Protect|p2b: Shrek is love\n|-singleturn|p2b: Shrek is love|Protect\n|move|p1b: Dragon r Tight|Dragon Claw|p2b: Shrek is love\n|-activate|p2b: Shrek is love|move: Protect\n|move|p2a: NevrainsCalifornia|Tailwind|p2a: NevrainsCalifornia\n|-sidestart|p2: MPelton02|move: Tailwind\n|\n|-weather|RainDance|[upkeep]\n|upkeep\n|turn|3\n|inactive|ASapHerb has 30 seconds left.\n|\n|t:|1788408276\n|move|p1b: Dragon r Tight|Extreme Speed|p2b: Shrek is love\n|-damage|p2b: Shrek is love|0 fnt\n|faint|p2b: Shrek is love\n|-damage|p1b: Dragon r Tight|80/100|[from] item: Life Orb\n|move|p1a: Toxic Tendencies|Dire Claw|p2a: NevrainsCalifornia\n|-damage|p2a: NevrainsCalifornia|49/100\n|move|p2a: NevrainsCalifornia|Ice Beam|p1b: Dragon r Tight\n|-supereffective|p1b: Dragon r Tight|2\n|-damage|p1b: Dragon r Tight|12/100\n|\n|-weather|RainDance|[upkeep]\n|upkeep\n|inactive|MPelton02 has 30 seconds left.\n|\n|t:|1788408301\n|switch|p2b: Sinistcha|Sinistcha-Masterpiece, L50|100/100\n|-heal|p2a: NevrainsCalifornia|73/100|[from] ability: Hospitality|[of] p2b: Sinistcha\n|turn|4\n|inactive|MPelton02 has 30 seconds left.\n|\n|t:|1788408329\n|switch|p1a: King Deez|Kingambit, L50, M|100/100\n|switch|p2b: Raichu|Raichu, L50, F, shiny|100/100\n|move|p1b: Dragon r Tight|Protect|p1b: Dragon r Tight\n|-singleturn|p1b: Dragon r Tight|Protect\n|move|p2a: NevrainsCalifornia|Ice Beam|p1b: Dragon r Tight\n|-activate|p1b: Dragon r Tight|move: Protect\n|\n|-weather|RainDance|[upkeep]\n|upkeep\n|turn|5\n|inactive|ASapHerb has 30 seconds left.\n|inactive|MPelton02 has 30 seconds left.\n|inactive|ASapHerb has 20 seconds left.\n|inactive|ASapHerb has 15 seconds left.\n|inactive|ASapHerb has 10 seconds left.\n|\n|t:|1788408374\n|detailschange|p2b: Raichu|Raichu-Mega-Y, L50, F, shiny\n|-mega|p2b: Raichu|Raichu|Raichunite Y\n|move|p1b: Dragon r Tight|Extreme Speed|p2a: NevrainsCalifornia\n|-damage|p2a: NevrainsCalifornia|43/100\n|-damage|p1b: Dragon r Tight|2/100|[from] item: Life Orb\n|move|p2b: Raichu|Focus Blast|p1a: King Deez\n|-supereffective|p1a: King Deez|2\n|-damage|p1a: King Deez|0 fnt\n|faint|p1a: King Deez\n|move|p2a: NevrainsCalifornia|Weather Ball|p1b: Dragon r Tight\n|-resisted|p1b: Dragon r Tight|1\n|-damage|p1b: Dragon r Tight|0 fnt\n|faint|p1b: Dragon r Tight\n|\n|-weather|RainDance|[upkeep]\n|-sideend|p2: MPelton02|move: Tailwind\n|upkeep\n|\n|t:|1788408388\n|switch|p1b: Toxic Tendencies|Sneasler, L50, F, shiny|1/100\n|switch|p1a: Look at dat Fross|Froslass, L50, F|100/100\n|turn|6\n|inactive|ASapHerb has 30 seconds left.\n|inactive|MPelton02 has 30 seconds left.\n|inactive|ASapHerb has 20 seconds left.\n|inactive|MPelton02 has 20 seconds left.\n|inactive|ASapHerb has 15 seconds left.\n|inactive|MPelton02 has 15 seconds left.\n|inactive|ASapHerb has 10 seconds left.\n|\n|t:|1788408439\n|detailschange|p1a: Look at dat Fross|Froslass-Mega, L50, F\n|-mega|p1a: Look at dat Fross|Froslass|Froslassite\n|-weather|Snowscape|[from] ability: Snow Warning|[of] p1a: Look at dat Fross\n|move|p1b: Toxic Tendencies|Fake Out|p2a: NevrainsCalifornia\n|-damage|p2a: NevrainsCalifornia|29/100\n|-status|p2a: NevrainsCalifornia|psn|[from] ability: Poison Touch|[of] p1b: Toxic Tendencies\n|cant|p2a: NevrainsCalifornia|flinch\n|move|p2b: Raichu|Zap Cannon|p1a: Look at dat Fross\n|-damage|p1a: Look at dat Fross|19/100\n|-status|p1a: Look at dat Fross|par\n|move|p1a: Look at dat Fross|Blizzard|p2b: Raichu|[spread] p2a,p2b\n|-damage|p2a: NevrainsCalifornia|0 fnt\n|-damage|p2b: Raichu|35/100\n|faint|p2a: NevrainsCalifornia\n|\n|-weather|Snowscape|[upkeep]\n|upkeep\n|\n|t:|1788408457\n|switch|p2a: Sinistcha|Sinistcha-Masterpiece, L50|100/100\n|-heal|p2b: Raichu|60/100|[from] ability: Hospitality|[of] p2a: Sinistcha\n|turn|7\n|inactive|MPelton02 has 30 seconds left.\n|\n|t:|1788408486\n|move|p2a: Sinistcha|Rage Powder|p2a: Sinistcha\n|-singleturn|p2a: Sinistcha|move: Rage Powder\n|move|p2b: Raichu|Zap Cannon|p1a: Look at dat Fross\n|-damage|p1a: Look at dat Fross|0 fnt\n|faint|p1a: Look at dat Fross\n|move|p1b: Toxic Tendencies|Close Combat|p2a: Sinistcha\n|-immune|p2a: Sinistcha\n|\n|-weather|Snowscape|[upkeep]\n|upkeep\n|turn|8\n|\n|t:|1788408500\n|move|p2b: Raichu|Zap Cannon|p1b: Toxic Tendencies\n|-damage|p1b: Toxic Tendencies|0 fnt\n|faint|p1b: Toxic Tendencies\n|\n|win|MPelton02\n||ASapHerb is ready for game 5.\n||MPelton02 is ready for game 5.\n|uhtml|next|Next: <a href=\"/battle-gen9championsvgc2026regmb-2674796409\"><strong>Game 5 of 5</strong></a>\n|l|☆MPelton02\n|player|p2|\n|l| danwilt\n","uploadtime":1788408873,"views":"9","formatid":"gen9championsvgc2026regmb","rating":null,"private":0,"password":null}