{"id":"gen9championsvgc2026regmb-2674334167","format":"[Gen 9 Champions] VGC 2026 Reg M-B","players":["Karpest26","elboberrto"],"log":"|j|☆Karpest26\n|j|☆elboberrto\n|t:|1788343309\n|gametype|doubles\n|player|p1|Karpest26|petrel|1064\n|player|p2|elboberrto|collector|1064\n|gen|9\n|tier|[Gen 9 Champions] VGC 2026 Reg M-B\n|rated|\n|rule|Species Clause: Limit one of each Pokémon\n|rule|Item Clause: Limit 1 of each item\n|clearpoke\n|poke|p1|Aggron, L50, F|\n|poke|p1|Sinistcha-Masterpiece, L50|\n|poke|p1|Sylveon, L50, F|\n|poke|p1|Tyranitar, L50, M|\n|poke|p1|Basculegion, L50, M|\n|poke|p1|Garchomp, L50, F|\n|poke|p2|Chimecho, L50, M|\n|poke|p2|Audino, L50, F|\n|poke|p2|Espathra, L50, M|\n|poke|p2|Alcremie, L50, F|\n|poke|p2|Staraptor, L50, M|\n|poke|p2|Farigiraf, L50, F|\n|teampreview|4\n|\n|t:|1788343346\n|teamsize|p1|4\n|teamsize|p2|4\n|start\n|switch|p1a: Basculegion|Basculegion, L50, M|100/100\n|switch|p1b: Aggron|Aggron, L50, F|100/100\n|switch|p2a: Chimecho|Chimecho, L50, M|100/100\n|switch|p2b: Audino|Audino, L50, F|100/100\n|turn|1\n|\n|t:|1788343362\n|detailschange|p2a: Chimecho|Chimecho-Mega, L50, M\n|-mega|p2a: Chimecho|Chimecho|Chimechite\n|detailschange|p1b: Aggron|Aggron-Mega, L50, F\n|-mega|p1b: Aggron|Aggron|Aggronite\n|move|p1a: Basculegion|Last Respects|p2a: Chimecho\n|-supereffective|p2a: Chimecho|1\n|-damage|p2a: Chimecho|51/100\n|move|p2b: Audino|Simple Beam|p2a: Chimecho\n|-ability|p2a: Chimecho|Simple|Levitate|[from] move: Simple Beam\n|move|p2a: Chimecho|Cosmic Power|p2a: Chimecho\n|-boost|p2a: Chimecho|def|2\n|-boost|p2a: Chimecho|spd|2\n|move|p1b: Aggron|Body Press|p2b: Audino\n|-supereffective|p2b: Audino|1\n|-enditem|p2b: Audino|Chople Berry|[eat]\n|-enditem|p2b: Audino|Chople Berry|[weaken]\n|-damage|p2b: Audino|55/100\n|\n|upkeep\n|turn|2\n|\n|t:|1788343384\n|move|p1a: Basculegion|Last Respects|p2a: Chimecho\n|-supereffective|p2a: Chimecho|1\n|-damage|p2a: Chimecho|27/100\n|move|p2b: Audino|Heal Pulse|p2a: Chimecho\n|-heal|p2a: Chimecho|77/100\n|move|p2a: Chimecho|Cosmic Power|p2a: Chimecho\n|-boost|p2a: Chimecho|def|2\n|-boost|p2a: Chimecho|spd|2\n|move|p1b: Aggron|Body Press|p2b: Audino\n|-supereffective|p2b: Audino|1\n|-damage|p2b: Audino|0 fnt\n|faint|p2b: Audino\n|\n|upkeep\n|\n|t:|1788343401\n|switch|p2b: Alcremie|Alcremie, L50, F|100/100\n|turn|3\n|\n|t:|1788343420\n|move|p1a: Basculegion|Last Respects|p2a: Chimecho\n|-supereffective|p2a: Chimecho|1\n|-damage|p2a: Chimecho|62/100\n|move|p2b: Alcremie|Decorate|p2a: Chimecho\n|-boost|p2a: Chimecho|atk|4\n|-boost|p2a: Chimecho|spa|4\n|move|p2a: Chimecho|Cosmic Power|p2a: Chimecho\n|-boost|p2a: Chimecho|def|2\n|-boost|p2a: Chimecho|spd|2\n|move|p1b: Aggron|Heavy Slam|p2b: Alcremie\n|-supereffective|p2b: Alcremie|1\n|-enditem|p2b: Alcremie|Focus Sash\n|-damage|p2b: Alcremie|1/100\n|\n|upkeep\n|turn|4\n|inactive|Battle timer is ON: inactive players will automatically lose when time's up. (requested by elboberrto)\n|\n|t:|1788343465\n|switch|p1a: Garchomp|Garchomp, L50, F|100/100\n|move|p2b: Alcremie|Decorate|p2a: Chimecho\n|-boost|p2a: Chimecho|atk|2\n|-boost|p2a: Chimecho|spa|2\n|move|p2a: Chimecho|Recover|p2a: Chimecho\n|-heal|p2a: Chimecho|100/100\n|move|p1b: Aggron|Heavy Slam|p2b: Alcremie\n|-supereffective|p2b: Alcremie|1\n|-damage|p2b: Alcremie|0 fnt\n|faint|p2b: Alcremie\n|\n|upkeep\n|\n|t:|1788343478\n|switch|p2b: Espathra|Espathra, L50, M|100/100\n|turn|5\n|\n|t:|1788343503\n|move|p1a: Garchomp|Earthquake|p2a: Chimecho|[spread] p1b,p2a,p2b\n|-supereffective|p1b: Aggron|1\n|-supereffective|p2a: Chimecho|1\n|-damage|p1b: Aggron|60/100\n|-damage|p2a: Chimecho|82/100\n|-damage|p2b: Espathra|25/100\n|-damage|p1a: Garchomp|90/100|[from] item: Life Orb\n|move|p2b: Espathra|Skill Swap|p2a: Chimecho\n|-activate|p2b: Espathra|Skill Swap|||[of] p2a: Chimecho\n|-hint|Skill Swap does not announce the abilities of the Pokémon when used between allies.\n|move|p2a: Chimecho|Stored Power|p1b: Aggron\n|-resisted|p1b: Aggron|1\n|-damage|p1b: Aggron|0 fnt\n|faint|p1b: Aggron\n|\n|-ability|p2a: Chimecho|Speed Boost|boost\n|-boost|p2a: Chimecho|spe|1\n|upkeep\n|\n|t:|1788343516\n|switch|p1b: Tyranitar|Tyranitar, L50, M|100/100\n|-weather|Sandstorm|[from] ability: Sand Stream|[of] p1b: Tyranitar\n|turn|6\n|inactive|Karpest26 has 30 seconds left.\n|\n|t:|1788343542\n|move|p2b: Espathra|Protect|p2b: Espathra\n|-singleturn|p2b: Espathra|Protect\n|move|p1a: Garchomp|Rock Slide|p2a: Chimecho|[spread] p2a\n|-activate|p2b: Espathra|move: Protect\n|-resisted|p2a: Chimecho|1\n|-damage|p2a: Chimecho|80/100\n|-damage|p1a: Garchomp|80/100|[from] item: Life Orb\n|move|p2a: Chimecho|Dazzling Gleam|p1a: Garchomp|[spread] p1a,p1b\n|-supereffective|p1a: Garchomp|1\n|-supereffective|p1b: Tyranitar|1\n|-damage|p1a: Garchomp|0 fnt\n|-damage|p1b: Tyranitar|21/100\n|faint|p1a: Garchomp\n|move|p1b: Tyranitar|Earthquake|p2b: Espathra|[spread] p2a\n|-activate|p2b: Espathra|move: Protect\n|-supereffective|p2a: Chimecho|1\n|-damage|p2a: Chimecho|68/100\n|\n|-weather|Sandstorm|[upkeep]\n|-damage|p2b: Espathra|19/100|[from] Sandstorm\n|-ability|p2a: Chimecho|Speed Boost|boost\n|-boost|p2a: Chimecho|spe|1\n|upkeep\n|\n|t:|1788343564\n|switch|p1a: Basculegion|Basculegion, L50, M|100/100\n|turn|7\n|\n|t:|1788343581\n|move|p1a: Basculegion|Last Respects|p2a: Chimecho\n|-supereffective|p2a: Chimecho|1\n|-crit|p2a: Chimecho\n|-damage|p2a: Chimecho|0 fnt\n|faint|p2a: Chimecho\n|move|p2b: Espathra|Dazzling Gleam|p1a: Basculegion|[spread] p1a,p1b\n|-supereffective|p1b: Tyranitar|1\n|-damage|p1a: Basculegion|76/100\n|-damage|p1b: Tyranitar|0 fnt\n|faint|p1b: Tyranitar\n|\n|-weather|Sandstorm|[upkeep]\n|-damage|p1a: Basculegion|70/100|[from] Sandstorm\n|-damage|p2b: Espathra|13/100|[from] Sandstorm\n|upkeep\n|turn|8\n|c|☆elboberrto|Gg\n|\n|t:|1788343601\n|move|p1a: Basculegion|Last Respects|p2b: Espathra\n|-supereffective|p2b: Espathra|1\n|-damage|p2b: Espathra|0 fnt\n|faint|p2b: Espathra\n|\n|win|Karpest26\n|raw|Karpest26's rating: 1093 &rarr; <strong>1117</strong><br />(+24 for winning)\n|raw|elboberrto's rating: 1064 &rarr; <strong>1046</strong><br />(-18 for losing)\n","uploadtime":1788343606,"views":"13","formatid":"gen9championsvgc2026regmb","rating":1046,"private":0,"password":null}