{"id":"gen9championsvgc2026regmb-2673918466","format":"[Gen 9 Champions] VGC 2026 Reg M-B","players":["Kalamit","eefsmefs"],"log":"|j|☆Kalamit\n|j|☆eefsmefs\n|t:|1788277020\n|gametype|doubles\n|player|p1|Kalamit|101|\n|player|p2|eefsmefs|camper|\n|gen|9\n|tier|[Gen 9 Champions] VGC 2026 Reg M-B\n|rule|Species Clause: Limit one of each Pokémon\n|rule|Item Clause: Limit 1 of each item\n|clearpoke\n|poke|p1|Raichu, L50, F|\n|poke|p1|Sylveon, L50, M|\n|poke|p1|Farigiraf, L50, M|\n|poke|p1|Arcanine-Hisui, L50, M|\n|poke|p1|Staraptor, L50, M|\n|poke|p1|Kingambit, L50, M|\n|poke|p2|Garchomp, L50, F|\n|poke|p2|Dragapult, L50, M|\n|poke|p2|Basculegion, L50, M|\n|poke|p2|Pelipper, L50, F|\n|poke|p2|Aegislash, L50, M|\n|poke|p2|Ceruledge, L50, F|\n|teampreview|4\n|\n|t:|1788277025\n|teamsize|p1|4\n|teamsize|p2|4\n|start\n|switch|p1a: Raichu|Raichu, L50, F|100/100\n|switch|p1b: Farigiraf|Farigiraf, L50, M|100/100\n|switch|p2a: Pelipper|Pelipper, L50, F|100/100\n|switch|p2b: Dragapult|Dragapult, L50, M|100/100\n|-weather|RainDance|[from] ability: Drizzle|[of] p2a: Pelipper\n|turn|1\n|\n|t:|1788277038\n|switch|p2a: Garchomp|Garchomp, L50, F|100/100\n|detailschange|p1a: Raichu|Raichu-Mega-Y, L50, F\n|-mega|p1a: Raichu|Raichu|Raichunite Y\n|move|p2b: Dragapult|U-turn|p1b: Farigiraf\n|-supereffective|p1b: Farigiraf|1\n|-damage|p1b: Farigiraf|57/100\n|\n|t:|1788277045\n|switch|p2b: Pelipper|Pelipper, L50, F|100/100|[from] U-turn\n|move|p1a: Raichu|Zap Cannon|p2a: Garchomp\n|-immune|p2a: Garchomp\n|move|p1b: Farigiraf|Trick Room|p1b: Farigiraf\n|-fieldstart|move: Trick Room|[of] p1b: Farigiraf\n|\n|-weather|RainDance|[upkeep]\n|upkeep\n|turn|2\n|\n|t:|1788277062\n|move|p1b: Farigiraf|Psychic|p2b: Pelipper\n|-damage|p2b: Pelipper|33/100\n|move|p2b: Pelipper|Weather Ball|p1b: Farigiraf\n|-damage|p1b: Farigiraf|5/100\n|-enditem|p1b: Farigiraf|Sitrus Berry|[eat]\n|-heal|p1b: Farigiraf|29/100|[from] item: Sitrus Berry\n|move|p2a: Garchomp|Earthquake|p1b: Farigiraf|[spread] p1a,p1b\n|-immune|p2b: Pelipper\n|-supereffective|p1a: Raichu|1\n|-crit|p1a: Raichu\n|-damage|p1a: Raichu|0 fnt\n|-damage|p1b: Farigiraf|0 fnt\n|faint|p1a: Raichu\n|faint|p1b: Farigiraf\n|\n|-weather|RainDance|[upkeep]\n|upkeep\n|\n|t:|1788277081\n|switch|p1b: Kingambit|Kingambit, L50, M|100/100\n|switch|p1a: Sylveon|Sylveon, L50, M|100/100\n|turn|3\n|\n|t:|1788277097\n|move|p1b: Kingambit|Kowtow Cleave|p2b: Pelipper\n|-damage|p2b: Pelipper|0 fnt\n|faint|p2b: Pelipper\n|-damage|p1b: Kingambit|90/100|[from] item: Life Orb\n|move|p1a: Sylveon|Hyper Beam|p2a: Garchomp\n|-supereffective|p2a: Garchomp|1\n|-enditem|p2a: Garchomp|Focus Sash\n|-damage|p2a: Garchomp|1/100\n|-mustrecharge|p1a: Sylveon\n|move|p2a: Garchomp|Brick Break|p1b: Kingambit\n|-supereffective|p1b: Kingambit|2\n|-damage|p1b: Kingambit|0 fnt\n|faint|p1b: Kingambit\n|\n|-weather|RainDance|[upkeep]\n|upkeep\n|\n|t:|1788277114\n|switch|p2b: Dragapult|Dragapult, L50, M|100/100\n|turn|4\n|\n|t:|1788277124\n|switch|p2a: Basculegion|Basculegion, L50, M|100/100\n|-ability|p2a: Basculegion|Mold Breaker\n|cant|p1a: Sylveon|recharge\n|move|p2b: Dragapult|Fly||[still]\n|-prepare|p2b: Dragapult|Fly\n|\n|-weather|RainDance|[upkeep]\n|upkeep\n|turn|5\n|\n|t:|1788277137\n|move|p1a: Sylveon|Detect|p1a: Sylveon\n|-singleturn|p1a: Sylveon|Protect\n|move|p2a: Basculegion|Last Respects|p1a: Sylveon\n|-activate|p1a: Sylveon|move: Protect\n|move|p2b: Dragapult|Fly|p1a: Sylveon|[from] lockedmove\n|-activate|p1a: Sylveon|move: Protect\n|\n|-weather|none\n|-fieldend|move: Trick Room\n|upkeep\n|turn|6\n|\n|t:|1788277151\n|move|p2b: Dragapult|Fly||[still]\n|-prepare|p2b: Dragapult|Fly\n|move|p2a: Basculegion|Last Respects|p1a: Sylveon\n|-damage|p1a: Sylveon|53/100\n|move|p1a: Sylveon|Hyper Voice|p2a: Basculegion|[spread] p2a\n|-miss|p1a: Sylveon|p2b: Dragapult\n|-damage|p2a: Basculegion|42/100\n|\n|upkeep\n|turn|7\n|\n|t:|1788277163\n|move|p1a: Sylveon|Detect|p1a: Sylveon\n|-singleturn|p1a: Sylveon|Protect\n|move|p2b: Dragapult|Fly|p1a: Sylveon|[from] lockedmove\n|-activate|p1a: Sylveon|move: Protect\n|move|p2a: Basculegion|Last Respects|p1a: Sylveon\n|-activate|p1a: Sylveon|move: Protect\n|\n|upkeep\n|turn|8\n|\n|t:|1788277180\n|move|p2b: Dragapult|Fly||[still]\n|-prepare|p2b: Dragapult|Fly\n|move|p2a: Basculegion|Last Respects|p1a: Sylveon\n|-damage|p1a: Sylveon|4/100\n|move|p1a: Sylveon|Hyper Voice|p2a: Basculegion|[spread] p2a\n|-miss|p1a: Sylveon|p2b: Dragapult\n|-crit|p2a: Basculegion\n|-damage|p2a: Basculegion|0 fnt\n|faint|p2a: Basculegion\n|\n|upkeep\n|\n|t:|1788277195\n|switch|p2a: Garchomp|Garchomp, L50, F|1/100\n|turn|9\n|\n|t:|1788277206\n|move|p1a: Sylveon|Detect|p1a: Sylveon\n|-singleturn|p1a: Sylveon|Protect\n|move|p2b: Dragapult|Fly|p1a: Sylveon|[from] lockedmove\n|-activate|p1a: Sylveon|move: Protect\n|move|p2a: Garchomp|Earthquake|p1a: Sylveon|[spread] p2b\n|-activate|p1a: Sylveon|move: Protect\n|-damage|p2b: Dragapult|40/100\n|\n|upkeep\n|turn|10\n|\n|t:|1788277224\n|move|p1a: Sylveon|Quick Attack|p2a: Garchomp\n|-supereffective|p2a: Garchomp|1\n|-damage|p2a: Garchomp|0 fnt\n|faint|p2a: Garchomp\n|move|p2b: Dragapult|Fly||[still]\n|-prepare|p2b: Dragapult|Fly\n|\n|upkeep\n|turn|11\n|\n|t:|1788277231\n|move|p1a: Sylveon|Detect|p1a: Sylveon\n|-singleturn|p1a: Sylveon|Protect\n|move|p2b: Dragapult|Fly|p1a: Sylveon|[from] lockedmove\n|-activate|p1a: Sylveon|move: Protect\n|\n|upkeep\n|turn|12\n|\n|t:|1788277241\n|move|p1a: Sylveon|Quick Attack|p2b: Dragapult\n|-supereffective|p2b: Dragapult|1\n|-damage|p2b: Dragapult|0 fnt\n|faint|p2b: Dragapult\n|\n|win|Kalamit\n","uploadtime":1788277247,"views":"36","formatid":"gen9championsvgc2026regmb","rating":null,"private":0,"password":null}