{"id":"gen9championsvgc2026regmb-2674686111","format":"[Gen 9 Champions] VGC 2026 Reg M-B","players":["Jc1027","Sleepy Dreepys"],"log":"|j|☆Jc1027\n|j|☆Sleepy Dreepys\n|html|<table width=\"100%\"><tr><td align=\"left\">Jc1027</td><td align=\"right\">Sleepy Dreepys</tr><tr><td align=\"left\"><i class=\"fa fa-circle-o\"></i> <i class=\"fa fa-circle-o\"></i> </td><td align=\"right\"><i class=\"fa fa-circle-o\"></i> <i class=\"fa fa-circle-o\"></i> </tr></table>\n|uhtml|bestof|<h2><strong>Game 1</strong> of <a href=\"/game-bestof3-gen9championsvgc2026regmb-2674686110\">a best-of-3</a></h2>\n|t:|1788390408\n|gametype|doubles\n|player|p1|Jc1027|2|\n|player|p2|Sleepy Dreepys|ingo|\n|gen|9\n|tier|[Gen 9 Champions] VGC 2026 Reg M-B\n|rule|Species Clause: Limit one of each Pokémon\n|rule|Item Clause: Limit 1 of each item\n|raw|<div class=\"infobox\"><details class=\"readmore\" open><summary><strong>1 custom rule:</strong></summary> Best of = 3</details></div>\n|clearpoke\n|poke|p1|Blastoise, L50, F|\n|poke|p1|Orthworm, L50, F, shiny|\n|poke|p1|Snorlax, L50, M, shiny|\n|poke|p1|Whimsicott, L50, F|\n|poke|p1|Hydreigon, L50, F|\n|poke|p1|Umbreon, L50, F, shiny|\n|poke|p2|Dragapult, L50, F, shiny|\n|poke|p2|Tyrantrum, L50, F, shiny|\n|poke|p2|Rotom-Wash, L50|\n|poke|p2|Aegislash, L50, F, shiny|\n|poke|p2|Kangaskhan, L50, F, shiny|\n|poke|p2|Tsareena, L50, F, shiny|\n|teampreview|4\n|\n|t:|1788390436\n|teamsize|p1|4\n|teamsize|p2|4\n|start\n|switch|p1a: Orthworm|Orthworm, L50, F, shiny|100/100\n|switch|p1b: Umbreon|Umbreon, L50, F, shiny|100/100\n|switch|p2a: Dragapult|Dragapult, L50, F, shiny|100/100\n|switch|p2b: Tyrantrum|Tyrantrum, L50, F, shiny|100/100\n|turn|1\n|\n|t:|1788390461\n|move|p2a: Dragapult|U-turn|p1b: Umbreon\n|-supereffective|p1b: Umbreon|1\n|-damage|p1b: Umbreon|67/100\n|\n|t:|1788390467\n|switch|p2a: Aegislash|Aegislash, L50, F, shiny|100/100|[from] U-turn\n|move|p2b: Tyrantrum|High Horsepower|p1a: Orthworm\n|-immune|p1a: Orthworm|[from] ability: Earth Eater\n|move|p1a: Orthworm|Body Press|p2b: Tyrantrum\n|-supereffective|p2b: Tyrantrum|1\n|-damage|p2b: Tyrantrum|34/100\n|move|p1b: Umbreon|Foul Play|p2a: Aegislash\n|-supereffective|p2a: Aegislash|1\n|-damage|p2a: Aegislash|70/100\n|\n|-heal|p2a: Aegislash|76/100|[from] item: Leftovers\n|upkeep\n|turn|2\n|\n|t:|1788390504\n|move|p2a: Aegislash|King's Shield|p2a: Aegislash\n|-singleturn|p2a: Aegislash|Protect\n|move|p2b: Tyrantrum|High Horsepower|p1b: Umbreon\n|-damage|p1b: Umbreon|47/100\n|move|p1a: Orthworm|Body Press|p2b: Tyrantrum\n|-supereffective|p2b: Tyrantrum|1\n|-damage|p2b: Tyrantrum|0 fnt\n|faint|p2b: Tyrantrum\n|move|p1b: Umbreon|Foul Play|p2a: Aegislash\n|-activate|p2a: Aegislash|move: Protect\n|-unboost|p1b: Umbreon|atk|1\n|\n|-heal|p2a: Aegislash|82/100|[from] item: Leftovers\n|upkeep\n|\n|t:|1788390517\n|switch|p2b: Dragapult|Dragapult, L50, F, shiny|100/100\n|turn|3\n|\n|t:|1788390524\n|move|p2a: Aegislash|King's Shield|p2a: Aegislash\n|-singleturn|p2a: Aegislash|Protect\n|move|p2b: Dragapult|Dragon Darts|p1b: Umbreon\n|-damage|p1b: Umbreon|30/100\n|-anim|p2b: Dragapult|Dragon Darts|p1a: Orthworm\n|-resisted|p1a: Orthworm|1\n|-damage|p1a: Orthworm|92/100\n|move|p1a: Orthworm|Shed Tail|p1a: Orthworm\n|-start|p1a: Orthworm|Substitute|[from] move: Shed Tail\n|-damage|p1a: Orthworm|42/100\n|-enditem|p1a: Orthworm|Sitrus Berry|[eat]\n|-heal|p1a: Orthworm|67/100|[from] item: Sitrus Berry\n|\n|t:|1788390532\n|switch|p1a: Blastoise|Blastoise, L50, F|100/100|[from] Shed Tail\n|move|p1b: Umbreon|Wish|p1b: Umbreon\n|\n|-heal|p2a: Aegislash|88/100|[from] item: Leftovers\n|upkeep\n|turn|4\n|\n|t:|1788390548\n|detailschange|p1a: Blastoise|Blastoise-Mega, L50, F\n|-mega|p1a: Blastoise|Blastoise|Blastoisinite\n|move|p1b: Umbreon|Protect|p1b: Umbreon\n|-singleturn|p1b: Umbreon|Protect\n|move|p2a: Aegislash|Wide Guard|p2a: Aegislash\n|-singleturn|p2a: Aegislash|Wide Guard\n|move|p2b: Dragapult|U-turn|p1b: Umbreon\n|-activate|p1b: Umbreon|move: Protect\n|move|p1a: Blastoise|Shell Smash|p1a: Blastoise\n|-unboost|p1a: Blastoise|def|1\n|-unboost|p1a: Blastoise|spd|1\n|-boost|p1a: Blastoise|atk|2\n|-boost|p1a: Blastoise|spa|2\n|-boost|p1a: Blastoise|spe|2\n|\n|-heal|p1b: Umbreon|80/100|[from] move: Wish|[wisher] Umbreon\n|-heal|p2a: Aegislash|94/100|[from] item: Leftovers\n|upkeep\n|turn|5\n|\n|t:|1788390568\n|move|p2a: Aegislash|King's Shield||[still]\n|-fail|p2a: Aegislash\n|move|p1a: Blastoise|Ice Beam|p2b: Dragapult\n|-supereffective|p2b: Dragapult|1\n|-enditem|p2b: Dragapult|Focus Sash\n|-damage|p2b: Dragapult|1/100\n|move|p2b: Dragapult|U-turn|p1b: Umbreon\n|-supereffective|p1b: Umbreon|1\n|-damage|p1b: Umbreon|50/100y\n|\n|t:|1788390576\n|switch|p2b: Rotom|Rotom-Wash, L50|100/100|[from] U-turn\n|move|p1b: Umbreon|Wish|p1b: Umbreon\n|\n|-heal|p2a: Aegislash|100/100|[from] item: Leftovers\n|upkeep\n|turn|6\n|\n|t:|1788390592\n|move|p2a: Aegislash|King's Shield|p2a: Aegislash\n|-singleturn|p2a: Aegislash|Protect\n|move|p1a: Blastoise|Water Spout|p2b: Rotom|[spread] p2b\n|-activate|p2a: Aegislash|move: Protect\n|-resisted|p2b: Rotom|1\n|-damage|p2b: Rotom|33/100\n|-enditem|p2b: Rotom|Sitrus Berry|[eat]\n|-heal|p2b: Rotom|57/100|[from] item: Sitrus Berry\n|move|p2b: Rotom|Thunderbolt|p1a: Blastoise\n|-supereffective|p1a: Blastoise|1\n|-end|p1a: Blastoise|Substitute\n|move|p1b: Umbreon|Toxic|p2b: Rotom\n|-status|p2b: Rotom|tox\n|\n|-heal|p1b: Umbreon|100/100|[from] move: Wish|[wisher] Umbreon\n|-damage|p2b: Rotom|52/100 tox|[from] psn\n|upkeep\n|turn|7\n|\n|t:|1788390622\n|switch|p1b: Hydreigon|Hydreigon, L50, F|100/100\n|move|p2a: Aegislash|Wide Guard|p2a: Aegislash\n|-singleturn|p2a: Aegislash|Wide Guard\n|move|p1a: Blastoise|Aura Sphere|p2b: Rotom\n|-damage|p2b: Rotom|0 fnt\n|faint|p2b: Rotom\n|\n|upkeep\n|\n|t:|1788390631\n|switch|p2b: Dragapult|Dragapult, L50, F, shiny|1/100\n|turn|8\n|\n|t:|1788390652\n|switch|p1b: Orthworm|Orthworm, L50, F, shiny|67/100\n|move|p2a: Aegislash|Wide Guard|p2a: Aegislash\n|-singleturn|p2a: Aegislash|Wide Guard\n|move|p1a: Blastoise|Ice Beam|p2b: Dragapult\n|-supereffective|p2b: Dragapult|1\n|-damage|p2b: Dragapult|0 fnt\n|faint|p2b: Dragapult\n|\n|upkeep\n|turn|9\n|\n|t:|1788390669\n|switch|p1b: Hydreigon|Hydreigon, L50, F|100/100\n|move|p1a: Blastoise|Ice Beam|p2a: Aegislash\n|-resisted|p2a: Aegislash|1\n|-damage|p2a: Aegislash|71/100\n|-status|p2a: Aegislash|frz\n|cant|p2a: Aegislash|frz\n|\n|-heal|p2a: Aegislash|77/100 frz|[from] item: Leftovers\n|upkeep\n|turn|10\n|\n|t:|1788390680\n|move|p1a: Blastoise|Water Spout|p2a: Aegislash\n|-damage|p2a: Aegislash|0 fnt\n|faint|p2a: Aegislash\n|\n|win|Jc1027\n","uploadtime":1788390687,"views":"11","formatid":"gen9championsvgc2026regmb","rating":null,"private":0,"password":null}