{"id":"gen9championsvgc2026regmb-2674134431","format":"[Gen 9 Champions] VGC 2026 Reg M-B","players":["Privategoat","Green-Dogi Ranger"],"log":"|j|☆Privategoat\n|j|☆Green-Dogi Ranger\n|t:|1788304195\n|gametype|doubles\n|player|p1|Privategoat|265|1063\n|player|p2|Green-Dogi Ranger|linebacker|1000\n|gen|9\n|tier|[Gen 9 Champions] VGC 2026 Reg M-B\n|rated|\n|rule|Species Clause: Limit one of each Pokémon\n|rule|Item Clause: Limit 1 of each item\n|clearpoke\n|poke|p1|Delphox, L50, F|\n|poke|p1|Whimsicott, L50, M|\n|poke|p1|Sneasler, L50, M|\n|poke|p1|Hydreigon, L50, F|\n|poke|p1|Garchomp, L50, F|\n|poke|p1|Arcanine, L50, M|\n|poke|p2|Dragonite, L50, M|\n|poke|p2|Arcanine-Hisui, L50, M|\n|poke|p2|Whimsicott, L50, F|\n|poke|p2|Floette-Eternal, L50, F|\n|poke|p2|Basculegion, L50, M|\n|poke|p2|Kingambit, L50, M|\n|teampreview|4\n|\n|t:|1788304220\n|teamsize|p1|4\n|teamsize|p2|4\n|start\n|switch|p1a: Whimsicott|Whimsicott, L50, M|100/100\n|switch|p1b: Sneasler|Sneasler, L50, M|100/100\n|switch|p2a: Whimsicott|Whimsicott, L50, F|100/100\n|switch|p2b: Dragonite|Dragonite, L50, M|100/100\n|turn|1\n|\n|t:|1788304248\n|detailschange|p2b: Dragonite|Dragonite-Mega, L50, M\n|-mega|p2b: Dragonite|Dragonite|Dragoninite\n|move|p1b: Sneasler|Fake Out|p2b: Dragonite\n|-damage|p2b: Dragonite|92/100\n|move|p1a: Whimsicott|Tailwind|p1a: Whimsicott\n|-sidestart|p1: Privategoat|move: Tailwind\n|move|p2a: Whimsicott|Tailwind|p2a: Whimsicott\n|-sidestart|p2: Green-Dogi Ranger|move: Tailwind\n|cant|p2b: Dragonite|flinch\n|\n|upkeep\n|turn|2\n|\n|t:|1788304265\n|move|p2a: Whimsicott|Encore|p1b: Sneasler\n|-start|p1b: Sneasler|Encore\n|move|p1b: Sneasler|Fake Out||[still]\n|-hint|Fake Out only works on your first turn out.\n|-fail|p1b: Sneasler\n|move|p1a: Whimsicott|Moonblast|p2b: Dragonite\n|-supereffective|p2b: Dragonite|1\n|-damage|p2b: Dragonite|25/100\n|move|p2b: Dragonite|Heat Wave|p1b: Sneasler|[spread] p1a,p1b\n|-supereffective|p1a: Whimsicott|1\n|-damage|p1a: Whimsicott|6/100\n|-damage|p1b: Sneasler|61/100\n|\n|upkeep\n|turn|3\n|\n|t:|1788304282\n|switch|p2a: Basculegion|Basculegion, L50, M|100/100\n|switch|p1b: Delphox|Delphox, L50, F|100/100\n|move|p2b: Dragonite|Extreme Speed|p1a: Whimsicott\n|-damage|p1a: Whimsicott|0 fnt\n|faint|p1a: Whimsicott\n|\n|upkeep\n|\n|t:|1788304293\n|switch|p1a: Garchomp|Garchomp, L50, F|100/100\n|turn|4\n|\n|t:|1788304310\n|detailschange|p1b: Delphox|Delphox-Mega, L50, F\n|-mega|p1b: Delphox|Delphox|Delphoxite\n|move|p1b: Delphox|Protect|p1b: Delphox\n|-singleturn|p1b: Delphox|Protect\n|move|p2b: Dragonite|Protect|p2b: Dragonite\n|-singleturn|p2b: Dragonite|Protect\n|move|p2a: Basculegion|Protect|p2a: Basculegion\n|-singleturn|p2a: Basculegion|Protect\n|move|p1a: Garchomp|Dragon Claw|p2a: Basculegion\n|-activate|p2a: Basculegion|move: Protect\n|\n|-sideend|p1: Privategoat|move: Tailwind\n|-sideend|p2: Green-Dogi Ranger|move: Tailwind\n|upkeep\n|turn|5\n|\n|t:|1788304327\n|move|p2b: Dragonite|Extreme Speed|p1b: Delphox\n|-damage|p1b: Delphox|71/100\n|move|p2a: Basculegion|Aqua Jet|p1b: Delphox\n|-supereffective|p1b: Delphox|1\n|-damage|p1b: Delphox|0 fnt\n|faint|p1b: Delphox\n|-damage|p2a: Basculegion|90/100|[from] item: Life Orb\n|move|p1a: Garchomp|Dragon Claw|p2a: Basculegion\n|-damage|p2a: Basculegion|36/100\n|\n|upkeep\n|\n|t:|1788304340\n|switch|p1b: Sneasler|Sneasler, L50, M|61/100\n|turn|6\n|\n|t:|1788304352\n|switch|p2a: Kingambit|Kingambit, L50, M|100/100\n|move|p1b: Sneasler|Protect|p1b: Sneasler\n|-singleturn|p1b: Sneasler|Protect\n|move|p2b: Dragonite|Protect|p2b: Dragonite\n|-singleturn|p2b: Dragonite|Protect\n|move|p1a: Garchomp|Dragon Claw|p2a: Kingambit\n|-resisted|p2a: Kingambit|1\n|-damage|p2a: Kingambit|84/100\n|\n|upkeep\n|turn|7\n|\n|t:|1788304377\n|switch|p2a: Basculegion|Basculegion, L50, M|36/100\n|move|p2b: Dragonite|Extreme Speed|p1b: Sneasler\n|-damage|p1b: Sneasler|28/100\n|move|p1a: Garchomp|Dragon Claw|p2b: Dragonite\n|-supereffective|p2b: Dragonite|1\n|-damage|p2b: Dragonite|0 fnt\n|faint|p2b: Dragonite\n|move|p1b: Sneasler|Close Combat|p2a: Basculegion\n|-immune|p2a: Basculegion\n|\n|upkeep\n|\n|t:|1788304392\n|switch|p2b: Whimsicott|Whimsicott, L50, F|100/100\n|turn|8\n|\n|t:|1788304409\n|move|p1b: Sneasler|Protect|p1b: Sneasler\n|-singleturn|p1b: Sneasler|Protect\n|move|p2a: Basculegion|Protect|p2a: Basculegion\n|-singleturn|p2a: Basculegion|Protect\n|move|p2b: Whimsicott|Encore|p1b: Sneasler\n|-activate|p1b: Sneasler|move: Protect\n|move|p1a: Garchomp|Dragon Claw|p2a: Basculegion\n|-activate|p2a: Basculegion|move: Protect\n|\n|upkeep\n|turn|9\n|\n|t:|1788304420\n|switch|p2a: Kingambit|Kingambit, L50, M|84/100\n|move|p2b: Whimsicott|Encore|p1b: Sneasler\n|-start|p1b: Sneasler|Encore\n|move|p1b: Sneasler|Protect|p1b: Sneasler\n|-singleturn|p1b: Sneasler|Protect\n|move|p1a: Garchomp|Dragon Claw|p2a: Kingambit\n|-resisted|p2a: Kingambit|1\n|-damage|p2a: Kingambit|68/100\n|\n|upkeep\n|turn|10\n|-message|Privategoat forfeited.\n|\n|win|Green-Dogi Ranger\n|raw|Privategoat's rating: 1063 &rarr; <strong>1040</strong><br />(-23 for losing)\n|raw|Green-Dogi Ranger's rating: 1000 &rarr; <strong>1047</strong><br />(+47 for winning)\n|l|☆Privategoat\n|player|p1|\n","uploadtime":1788304481,"views":"0","formatid":"gen9championsvgc2026regmb","rating":1040,"private":0,"password":null}