{"id":"gen9championsvgc2026regmbbo3-2674223264","format":"[Gen 9 Champions] VGC 2026 Reg M-B (Bo3)","players":["dummydowner","undermourningstar"],"log":"|j|☆dummydowner\n|j|☆undermourningstar\n|html|<table width=\"100%\"><tr><td align=\"left\">dummydowner</td><td align=\"right\">undermourningstar</tr><tr><td align=\"left\"><i class=\"fa fa-circle-o\"></i> <i class=\"fa fa-circle-o\"></i> </td><td align=\"right\"><i class=\"fa fa-circle-o\"></i> <i class=\"fa fa-circle-o\"></i> </tr></table>\n|uhtml|bestof|<h2><strong>Game 1</strong> of <a href=\"/game-bestof3-gen9championsvgc2026regmbbo3-2674223263\">a best-of-3</a></h2>\n|t:|1788318171\n|gametype|doubles\n|player|p1|dummydowner|cynthia-gen4|\n|player|p2|undermourningstar|unknownf|\n|gen|9\n|tier|[Gen 9 Champions] VGC 2026 Reg M-B (Bo3)\n|rule|Species Clause: Limit one of each Pokémon\n|rule|Item Clause: Limit 1 of each item\n|clearpoke\n|poke|p1|Tyranitar, L50, M|\n|poke|p1|Kangaskhan, L50, F|\n|poke|p1|Aerodactyl, L50, F|\n|poke|p1|Garchomp, L50, F|\n|poke|p1|Steelix, L50, F|\n|poke|p1|Serperior, L50, F|\n|poke|p2|Sinistcha, L50|\n|poke|p2|Pelipper, L50, F, shiny|\n|poke|p2|Archaludon, L50, M|\n|poke|p2|Swampert, L50, F|\n|poke|p2|Gholdengo, L50|\n|poke|p2|Slowbro, L50, M, shiny|\n|teampreview|4\n|showteam|p1|Tyranitar||LifeOrb|SandStream|PowerGem,DarkPulse,Thunderbolt,Protect|Modest||M|||50|]Kangaskhan||SilkScarf|Scrappy|FakeOut,LastResort|Brave||F|||50|]Aerodactyl||Aerodactylite|Pressure|RockSlide,DualWingbeat,Protect,Tailwind|Adamant||F|||50|]Garchomp||ChoiceScarf|RoughSkin|Earthquake,RockSlide,DragonClaw,StompingTantrum|Adamant||F|||50|]Steelix||Leftovers|Sturdy|WideGuard,HeavySlam,IronDefense,BodyPress|Careful||F|||50|]Serperior||WideLens|Contrary|LeafStorm,Protect,LeechSeed,DragonPulse|Timid||F|||50|\n|showteam|p2|Sinistcha||SitrusBerry|Hospitality|MatchaGotcha,TrickRoom,RagePowder,Protect|Serious|||||50|]Pelipper||DampRock|Drizzle|Tailwind,WideGuard,WeatherBall,Hurricane|Modest||F|||50|]Archaludon||Leftovers|Stamina|ElectroShot,DragonPulse,FlashCannon,Protect|Modest||M|||50|]Swampert||Swampertite|Torrent|WaveCrash,HighHorsepower,IcePunch,Protect|Adamant||F|||50|]Gholdengo||LifeOrb|GoodasGold|MakeItRain,ShadowBall,NastyPlot,Protect|Modest|||||50|]Slowbro||Slowbronite|Oblivious|ChillingWater,Psyshock,Protect,BodyPress|Quiet||M|||50|\n|j| gorillastew\n|l| gorillastew\n|\n|t:|1788318221\n|teamsize|p1|4\n|teamsize|p2|4\n|start\n|switch|p1a: Garchomp|Garchomp, L50, F|100/100\n|switch|p1b: Aerodactyl|Aerodactyl, L50, F|100/100\n|switch|p2a: penelope|Pelipper, L50, F, shiny|100/100\n|switch|p2b: Staples|Archaludon, L50, M|100/100\n|-ability|p1b: Aerodactyl|Pressure\n|-weather|RainDance|[from] ability: Drizzle|[of] p2a: penelope\n|turn|1\n|\n|t:|1788318238\n|switch|p1a: Tyranitar|Tyranitar, L50, M|100/100\n|-weather|Sandstorm|[from] ability: Sand Stream|[of] p1a: Tyranitar\n|detailschange|p1b: Aerodactyl|Aerodactyl-Mega, L50, F\n|-mega|p1b: Aerodactyl|Aerodactyl|Aerodactylite\n|move|p1b: Aerodactyl|Tailwind|p1b: Aerodactyl\n|-sidestart|p1: dummydowner|move: Tailwind\n|move|p2b: Staples|Electro Shot||[still]\n|-prepare|p2b: Staples|Electro Shot\n|-boost|p2b: Staples|spa|1\n|move|p2a: penelope|Tailwind|p2a: penelope\n|-sidestart|p2: undermourningstar|move: Tailwind\n|\n|-weather|Sandstorm|[upkeep]\n|-damage|p2a: penelope|94/100|[from] Sandstorm\n|upkeep\n|turn|2\n|\n|t:|1788318256\n|switch|p1b: Garchomp|Garchomp, L50, F|100/100\n|switch|p2a: Bluey!|Swampert, L50, F|100/100\n|move|p2b: Staples|Electro Shot|p1b: Garchomp|[from] lockedmove\n|-immune|p1b: Garchomp\n|move|p1a: Tyranitar|Thunderbolt|p2a: Bluey!\n|-immune|p2a: Bluey!\n|\n|-weather|Sandstorm|[upkeep]\n|upkeep\n|turn|3\n|\n|t:|1788318273\n|switch|p2b: penelope|Pelipper, L50, F, shiny|94/100\n|-weather|RainDance|[from] ability: Drizzle|[of] p2b: penelope\n|switch|p1a: Serperior|Serperior, L50, F|100/100\n|detailschange|p2a: Bluey!|Swampert-Mega, L50, F\n|-mega|p2a: Bluey!|Swampert|Swampertite\n|move|p2a: Bluey!|Ice Punch|p1b: Garchomp\n|-supereffective|p1b: Garchomp|2\n|-damage|p1b: Garchomp|0 fnt\n|-damage|p2a: Bluey!|87/100|[from] ability: Rough Skin|[of] p1b: Garchomp\n|faint|p1b: Garchomp\n|\n|-weather|RainDance|[upkeep]\n|upkeep\n|\n|t:|1788318278\n|switch|p1b: Tyranitar|Tyranitar, L50, M|100/100\n|-weather|Sandstorm|[from] ability: Sand Stream|[of] p1b: Tyranitar\n|turn|4\n|\n|t:|1788318296\n|move|p2b: penelope|Wide Guard|p2b: penelope\n|-singleturn|p2b: penelope|Wide Guard\n|move|p1a: Serperior|Leaf Storm|p2a: Bluey!\n|-supereffective|p2a: Bluey!|2\n|-damage|p2a: Bluey!|0 fnt\n|-boost|p1a: Serperior|spa|2\n|faint|p2a: Bluey!\n|move|p1b: Tyranitar|Power Gem|p2b: penelope\n|-supereffective|p2b: penelope|1\n|-damage|p2b: penelope|0 fnt\n|faint|p2b: penelope\n|-damage|p1b: Tyranitar|90/100|[from] item: Life Orb\n|\n|-weather|Sandstorm|[upkeep]\n|-damage|p1a: Serperior|93/100|[from] Sandstorm\n|-sideend|p2: undermourningstar|move: Tailwind\n|-sideend|p1: dummydowner|move: Tailwind\n|upkeep\n|\n|t:|1788318311\n|switch|p2a: Staples|Archaludon, L50, M|100/100\n|switch|p2b: matcha gotcha|Sinistcha, L50|100/100\n|turn|5\n|\n|t:|1788318322\n|move|p1a: Serperior|Leech Seed|p2a: Staples\n|-start|p2a: Staples|move: Leech Seed\n|move|p2a: Staples|Flash Cannon|p1b: Tyranitar\n|-supereffective|p1b: Tyranitar|1\n|-damage|p1b: Tyranitar|41/100\n|move|p2b: matcha gotcha|Matcha Gotcha|p1b: Tyranitar|[spread] p1a,p1b\n|-resisted|p1a: Serperior|1\n|-supereffective|p1b: Tyranitar|1\n|-damage|p1a: Serperior|81/100\n|-damage|p1b: Tyranitar|9/100\n|move|p1b: Tyranitar|Dark Pulse|p2b: matcha gotcha\n|-supereffective|p2b: matcha gotcha|1\n|-damage|p2b: matcha gotcha|0 fnt\n|faint|p2b: matcha gotcha\n|-damage|p1b: Tyranitar|0 fnt|[from] item: Life Orb\n|faint|p1b: Tyranitar\n|\n|-weather|Sandstorm|[upkeep]\n|-damage|p1a: Serperior|75/100|[from] Sandstorm\n|-damage|p2a: Staples|87/100|[from] Leech Seed|[of] p1a: Serperior\n|-heal|p1a: Serperior|88/100|[silent]\n|upkeep\n|\n|t:|1788318338\n|switch|p1b: Aerodactyl|Aerodactyl-Mega, L50, F|100/100\n|turn|6\n|\n|t:|1788318345\n|move|p1b: Aerodactyl|Rock Slide|p2a: Staples\n|-resisted|p2a: Staples|1\n|-damage|p2a: Staples|71/100\n|-ability|p2a: Staples|Stamina|boost\n|-boost|p2a: Staples|def|1\n|move|p1a: Serperior|Dragon Pulse|p2a: Staples\n|-damage|p2a: Staples|26/100\n|-ability|p2a: Staples|Stamina|boost\n|-boost|p2a: Staples|def|1\n|move|p2a: Staples|Flash Cannon|p1b: Aerodactyl\n|-supereffective|p1b: Aerodactyl|1\n|-damage|p1b: Aerodactyl|33/100\n|\n|-weather|Sandstorm|[upkeep]\n|-damage|p1a: Serperior|82/100|[from] Sandstorm\n|-heal|p2a: Staples|32/100|[from] item: Leftovers\n|-damage|p2a: Staples|20/100y|[from] Leech Seed|[of] p1a: Serperior\n|-heal|p1a: Serperior|95/100|[silent]\n|upkeep\n|turn|7\n|\n|t:|1788318369\n|move|p1b: Aerodactyl|Rock Slide|p2a: Staples\n|-resisted|p2a: Staples|1\n|-damage|p2a: Staples|13/100\n|-ability|p2a: Staples|Stamina|boost\n|-boost|p2a: Staples|def|1\n|move|p1a: Serperior|Dragon Pulse|p2a: Staples\n|-damage|p2a: Staples|0 fnt\n|faint|p2a: Staples\n|\n|win|dummydowner\n||undermourningstar is ready for game 2.\n|inactive|dummydowner has 30 seconds to confirm battle start!\n|inactive|dummydowner has 20 seconds to confirm battle start!\n||dummydowner is ready for game 2.\n|uhtml|next|Next: <a href=\"/battle-gen9championsvgc2026regmbbo3-2674224567\"><strong>Game 2 of 3</strong></a>\n","uploadtime":1788318376,"views":"12","formatid":"gen9championsvgc2026regmbbo3","rating":null,"private":0,"password":null}