{"id":"gen9championsvgc2026regmb-2674343859","format":"[Gen 9 Champions] VGC 2026 Reg M-B","players":["WAPbaddie232","IceSpecialistHyoma"],"log":"|j|☆WAPbaddie232\n|j|☆IceSpecialistHyoma\n|t:|1788345463\n|gametype|doubles\n|player|p1|WAPbaddie232|elesa|1183\n|player|p2|IceSpecialistHyoma|pryce|1200\n|gen|9\n|tier|[Gen 9 Champions] VGC 2026 Reg M-B\n|rated|\n|rule|Species Clause: Limit one of each Pokémon\n|rule|Item Clause: Limit 1 of each item\n|clearpoke\n|poke|p1|Garchomp, L50, M|\n|poke|p1|Orthworm, L50, F|\n|poke|p1|Clefable, L50, M|\n|poke|p1|Delphox, L50, M|\n|poke|p1|Sneasler, L50, F|\n|poke|p1|Milotic, L50, F|\n|poke|p2|Froslass, L50, F|\n|poke|p2|Rotom-Frost, L50|\n|poke|p2|Aurorus, L50, F|\n|poke|p2|Ninetales-Alola, L50, M|\n|poke|p2|Weavile, L50, M|\n|poke|p2|Mamoswine, L50, M|\n|teampreview|4\n|\n|t:|1788345500\n|teamsize|p1|4\n|teamsize|p2|4\n|start\n|switch|p1a: Orthworm|Orthworm, L50, F|100/100\n|switch|p1b: Sneasler|Sneasler, L50, F|100/100\n|switch|p2a: Weavile|Weavile, L50, M|100/100\n|switch|p2b: Aurorus|Aurorus, L50, F|100/100\n|-ability|p2a: Weavile|Pressure\n|-weather|Snowscape|[from] ability: Snow Warning|[of] p2b: Aurorus\n|turn|1\n|\n|t:|1788345541\n|switch|p2b: Froslass|Froslass, L50, F|100/100\n|move|p2a: Weavile|Fake Out|p1a: Orthworm\n|-resisted|p1a: Orthworm|1\n|-damage|p1a: Orthworm|95/100\n|move|p1b: Sneasler|Close Combat|p2b: Froslass\n|-immune|p2b: Froslass\n|cant|p1a: Orthworm|flinch\n|\n|-weather|Snowscape|[upkeep]\n|upkeep\n|turn|2\n|\n|t:|1788345552\n|detailschange|p2b: Froslass|Froslass-Mega, L50, F\n|-mega|p2b: Froslass|Froslass|Froslassite\n|move|p2a: Weavile|Low Kick|p1a: Orthworm\n|-supereffective|p1a: Orthworm|1\n|-damage|p1a: Orthworm|43/100\n|-enditem|p1a: Orthworm|Sitrus Berry|[eat]\n|-heal|p1a: Orthworm|68/100|[from] item: Sitrus Berry\n|move|p1b: Sneasler|Close Combat|p2a: Weavile\n|-supereffective|p2a: Weavile|2\n|-enditem|p2a: Weavile|Focus Sash\n|-damage|p2a: Weavile|1/100\n|-unboost|p1b: Sneasler|def|1\n|-unboost|p1b: Sneasler|spd|1\n|-enditem|p1b: Sneasler|White Herb\n|-clearnegativeboost|p1b: Sneasler|[silent]\n|move|p2b: Froslass|Blizzard|p1b: Sneasler|[spread] p1a,p1b\n|-resisted|p1a: Orthworm|1\n|-damage|p1a: Orthworm|36/100\n|-damage|p1b: Sneasler|32/100\n|move|p1a: Orthworm|Shed Tail|p1a: Orthworm\n|-fail|p1a: Orthworm|move: Shed Tail|[weak]\n|\n|-weather|Snowscape|[upkeep]\n|upkeep\n|turn|3\n|\n|t:|1788345584\n|move|p1a: Orthworm|Protect|p1a: Orthworm\n|-singleturn|p1a: Orthworm|Protect\n|move|p1b: Sneasler|Dire Claw|p2a: Weavile\n|-damage|p2a: Weavile|0 fnt\n|faint|p2a: Weavile\n|move|p2b: Froslass|Blizzard|p1b: Sneasler|[spread] p1b\n|-activate|p1a: Orthworm|move: Protect\n|-damage|p1b: Sneasler|0 fnt\n|faint|p1b: Sneasler\n|\n|-weather|Snowscape|[upkeep]\n|upkeep\n|\n|t:|1788345595\n|switch|p2a: Rotom|Rotom-Frost, L50|100/100\n|switch|p1b: Milotic|Milotic, L50, F|100/100\n|turn|4\n|\n|t:|1788345606\n|move|p2a: Rotom|Thunderbolt|p1b: Milotic\n|-supereffective|p1b: Milotic|1\n|-damage|p1b: Milotic|52/100\n|move|p2b: Froslass|Shadow Ball|p1a: Orthworm\n|-damage|p1a: Orthworm|0 fnt\n|faint|p1a: Orthworm\n|move|p1b: Milotic|Icy Wind|p2b: Froslass|[spread] p2a,p2b\n|-resisted|p2a: Rotom|1\n|-resisted|p2b: Froslass|1\n|-damage|p2a: Rotom|94/100\n|-damage|p2b: Froslass|94/100\n|-unboost|p2a: Rotom|spe|1\n|-unboost|p2b: Froslass|spe|1\n|\n|-weather|Snowscape|[upkeep]\n|-heal|p1b: Milotic|58/100|[from] item: Leftovers\n|upkeep\n|\n|t:|1788345621\n|switch|p1a: Garchomp|Garchomp, L50, M|100/100\n|turn|5\n|\n|t:|1788345640\n|switch|p2a: Aurorus|Aurorus, L50, F|100/100\n|detailschange|p1a: Garchomp|Garchomp-Mega, L50, M\n|-mega|p1a: Garchomp|Garchomp|Garchompite\n|move|p1a: Garchomp|Rock Slide|p2b: Froslass|[spread] p2a\n|-miss|p1a: Garchomp|p2b: Froslass\n|-supereffective|p2a: Aurorus|1\n|-damage|p2a: Aurorus|69/100\n|move|p2b: Froslass|Blizzard|p1a: Garchomp|[spread] p1a,p1b\n|-supereffective|p1a: Garchomp|2\n|-resisted|p1b: Milotic|1\n|-damage|p1a: Garchomp|0 fnt\n|-damage|p1b: Milotic|45/100\n|faint|p1a: Garchomp\n|move|p1b: Milotic|Icy Wind|p2b: Froslass|[spread] p2a,p2b\n|-resisted|p2a: Aurorus|1\n|-resisted|p2b: Froslass|1\n|-damage|p2a: Aurorus|66/100\n|-damage|p2b: Froslass|89/100\n|-unboost|p2a: Aurorus|spe|1\n|-unboost|p2b: Froslass|spe|1\n|\n|-weather|none\n|-heal|p1b: Milotic|50/100g|[from] item: Leftovers\n|upkeep\n|turn|6\n|-message|WAPbaddie232 forfeited.\n|\n|win|IceSpecialistHyoma\n|raw|WAPbaddie232's rating: 1183 &rarr; <strong>1159</strong><br />(-24 for losing)\n|raw|IceSpecialistHyoma's rating: 1200 &rarr; <strong>1224</strong><br />(+24 for winning)\n|l|☆WAPbaddie232\n|player|p1|\n","uploadtime":1788345655,"views":"6","formatid":"gen9championsvgc2026regmb","rating":1159,"private":0,"password":null}