{"id":"gen9championsvgc2026regmb-2674772736","format":"[Gen 9 Champions] VGC 2026 Reg M-B","players":["sunnydaysagain","Dakmaul"],"log":"|j|☆sunnydaysagain\n|j|☆Dakmaul\n|html|<table width=\"100%\"><tr><td align=\"left\">sunnydaysagain</td><td align=\"right\">Dakmaul</tr><tr><td align=\"left\"><i class=\"fa fa-circle-o\"></i> <i class=\"fa fa-circle-o\"></i> </td><td align=\"right\"><i class=\"fa fa-circle-o\"></i> <i class=\"fa fa-circle\"></i> </tr></table>\n|uhtml|bestof|<h2><strong>Game 2</strong> of <a href=\"/game-bestof3-gen9championsvgc2026regmb-2674770524\">a best-of-3</a></h2>\n|t:|1788403950\n|gametype|doubles\n|player|p1|sunnydaysagain|1|\n|player|p2|Dakmaul|guzma|\n|gen|9\n|tier|[Gen 9 Champions] VGC 2026 Reg M-B\n|rule|Species Clause: Limit one of each Pokémon\n|rule|Item Clause: Limit 1 of each item\n|raw|<div class=\"infobox\"><details class=\"readmore\" open><summary><strong>1 custom rule:</strong></summary> Best of = 3</details></div>\n|clearpoke\n|poke|p1|Kangaskhan, L50, F|\n|poke|p1|Tyranitar, L50, F|\n|poke|p1|Mamoswine, L50, F|\n|poke|p1|Skeledirge, L50, M|\n|poke|p1|Slowbro-Galar, L50, M|\n|poke|p1|Dragonite, L50, M|\n|poke|p2|Sandaconda, L50, M, shiny|\n|poke|p2|Goodra-Hisui, L50, M|\n|poke|p2|Aggron, L50, M|\n|poke|p2|Whimsicott, L50, F, shiny|\n|poke|p2|Vanilluxe, L50, M, shiny|\n|poke|p2|Araquanid, L50, F|\n|teampreview|4\n|j| Dingdongpokemon\n|j| Dick Mickens\nsunnydaysagain rejected open team sheets.\n|j| kanklez\n|j| seniledogs\n|j| fishyfishfish\n|\n|t:|1788403992\n|teamsize|p1|4\n|teamsize|p2|4\n|start\n|switch|p1a: Kangaskhan|Kangaskhan, L50, F|100/100\n|switch|p1b: Mamoswine|Mamoswine, L50, F|100/100\n|switch|p2a: THE WALL|Aggron, L50, M|100/100\n|switch|p2b: AJ Lee|Araquanid, L50, F|100/100\n|turn|1\n|l| Dick Mickens\n|\n|t:|1788404020\n|detailschange|p1a: Kangaskhan|Kangaskhan-Mega, L50, F\n|-mega|p1a: Kangaskhan|Kangaskhan|Kangaskhanite\n|detailschange|p2a: THE WALL|Aggron-Mega, L50, M\n|-mega|p2a: THE WALL|Aggron|Aggronite\n|move|p1a: Kangaskhan|Fake Out|p2b: AJ Lee\n|-damage|p2b: AJ Lee|79/100\n|-damage|p2b: AJ Lee|75/100\n|-hitcount|p2b: AJ Lee|2\n|move|p1b: Mamoswine|High Horsepower|p2a: THE WALL\n|-supereffective|p2a: THE WALL|1\n|-damage|p2a: THE WALL|46/100\n|-damage|p1b: Mamoswine|90/100|[from] item: Life Orb\n|move|p2a: THE WALL|Body Press|p1a: Kangaskhan\n|-supereffective|p1a: Kangaskhan|1\n|-damage|p1a: Kangaskhan|38/100\n|cant|p2b: AJ Lee|flinch\n|\n|upkeep\n|turn|2\n|j| Dick Mickens\n|\n|t:|1788404057\n|move|p1a: Kangaskhan|Protect|p1a: Kangaskhan\n|-singleturn|p1a: Kangaskhan|Protect\n|move|p2a: THE WALL|Protect|p2a: THE WALL\n|-singleturn|p2a: THE WALL|Protect\n|move|p1b: Mamoswine|High Horsepower|p2a: THE WALL\n|-activate|p2a: THE WALL|move: Protect\n|move|p2b: AJ Lee|Hydro Pump|p1b: Mamoswine\n|-supereffective|p1b: Mamoswine|1\n|-damage|p1b: Mamoswine|0 fnt\n|faint|p1b: Mamoswine\n|\n|upkeep\n|\n|t:|1788404069\n|switch|p1b: Tyranitar|Tyranitar, L50, F|100/100\n|-weather|Sandstorm|[from] ability: Sand Stream|[of] p1b: Tyranitar\n|turn|3\n|\n|t:|1788404079\n|move|p1a: Kangaskhan|Fire Punch|p2a: THE WALL\n|-supereffective|p2a: THE WALL|1\n|-damage|p2a: THE WALL|27/100\n|-supereffective|p2a: THE WALL|1\n|-damage|p2a: THE WALL|22/100\n|-hitcount|p2a: THE WALL|2\n|move|p1b: Tyranitar|Knock Off|p2b: AJ Lee\n|-crit|p2b: AJ Lee\n|-damage|p2b: AJ Lee|0 fnt\n|-enditem|p2b: AJ Lee|Mystic Water|[from] move: Knock Off|[of] p1b: Tyranitar\n|faint|p2b: AJ Lee\n|move|p2a: THE WALL|Body Press|p1a: Kangaskhan\n|-supereffective|p1a: Kangaskhan|1\n|-damage|p1a: Kangaskhan|0 fnt\n|faint|p1a: Kangaskhan\n|\n|-weather|Sandstorm|[upkeep]\n|upkeep\n|\n|t:|1788404095\n|switch|p1a: Skeledirge|Skeledirge, L50, M|100/100\n|switch|p2b: Glacier|Vanilluxe, L50, M, shiny|100/100\n|-weather|Snowscape|[from] ability: Snow Warning|[of] p2b: Glacier\n|turn|4\n|\n|t:|1788404121\n|move|p2a: THE WALL|Protect|p2a: THE WALL\n|-singleturn|p2a: THE WALL|Protect\n|move|p2b: Glacier|Aurora Veil|p2b: Glacier\n|-sidestart|p2: Dakmaul|move: Aurora Veil\n|move|p1b: Tyranitar|Rock Slide|p2a: THE WALL|[spread] \n|-activate|p2a: THE WALL|move: Protect\n|-miss|p1b: Tyranitar|p2b: Glacier\n|move|p1a: Skeledirge|Torch Song|p2b: Glacier\n|-supereffective|p2b: Glacier|1\n|-damage|p2b: Glacier|59/100\n|-boost|p1a: Skeledirge|spa|1\n|\n|-weather|Snowscape|[upkeep]\n|upkeep\n|turn|5\n|\n|t:|1788404157\n|move|p2b: Glacier|Blizzard|p1b: Tyranitar|[spread] p1a,p1b\n|-resisted|p1a: Skeledirge|1\n|-damage|p1a: Skeledirge|84/100\n|-damage|p1b: Tyranitar|72/100\n|move|p1b: Tyranitar|Brick Break|p2b: Glacier\n|-sideend|p2: Dakmaul|move: Aurora Veil\n|-supereffective|p2b: Glacier|1\n|-damage|p2b: Glacier|13/100\n|move|p1a: Skeledirge|Torch Song|p2a: THE WALL\n|-supereffective|p2a: THE WALL|1\n|-damage|p2a: THE WALL|0 fnt\n|-boost|p1a: Skeledirge|spa|1\n|faint|p2a: THE WALL\n|\n|-weather|Snowscape|[upkeep]\n|upkeep\n|\n|t:|1788404169\n|switch|p2a: The Big Show|Goodra-Hisui, L50, M|100/100\n|turn|6\n|\n|t:|1788404187\n|move|p2b: Glacier|Chilling Water|p1b: Tyranitar\n|-supereffective|p1b: Tyranitar|1\n|-damage|p1b: Tyranitar|52/100\n|-unboost|p1b: Tyranitar|atk|1\n|move|p1b: Tyranitar|Rock Slide|p2b: Glacier|[spread] p2b\n|-miss|p1b: Tyranitar|p2a: The Big Show\n|-supereffective|p2b: Glacier|1\n|-damage|p2b: Glacier|0 fnt\n|faint|p2b: Glacier\n|move|p2a: The Big Show|Flash Cannon|p1b: Tyranitar\n|-supereffective|p1b: Tyranitar|1\n|-damage|p1b: Tyranitar|0 fnt\n|faint|p1b: Tyranitar\n|move|p1a: Skeledirge|Torch Song|p2a: The Big Show\n|-damage|p2a: The Big Show|45/100\n|-boost|p1a: Skeledirge|spa|1\n|-enditem|p2a: The Big Show|Sitrus Berry|[eat]\n|-heal|p2a: The Big Show|70/100|[from] item: Sitrus Berry\n|\n|-weather|Snowscape|[upkeep]\n|upkeep\n|turn|7\n|\n|t:|1788404214\n|move|p2a: The Big Show|Flash Cannon|p1a: Skeledirge\n|-resisted|p1a: Skeledirge|1\n|-damage|p1a: Skeledirge|61/100\n|move|p1a: Skeledirge|Torch Song|p2a: The Big Show\n|-damage|p2a: The Big Show|1/100\n|-boost|p1a: Skeledirge|spa|1\n|\n|-weather|Snowscape|[upkeep]\n|upkeep\n|turn|8\n|\n|t:|1788404224\n|move|p2a: The Big Show|Flash Cannon|p1a: Skeledirge\n|-resisted|p1a: Skeledirge|1\n|-damage|p1a: Skeledirge|41/100\n|-enditem|p1a: Skeledirge|Sitrus Berry|[eat]\n|-heal|p1a: Skeledirge|66/100|[from] item: Sitrus Berry\n|move|p1a: Skeledirge|Torch Song|p2a: The Big Show\n|-damage|p2a: The Big Show|0 fnt\n|-boost|p1a: Skeledirge|spa|1\n|faint|p2a: The Big Show\n|\n|win|sunnydaysagain\n||sunnydaysagain is ready for game 3.\n||Dakmaul is ready for game 3.\n|uhtml|next|Next: <a href=\"/battle-gen9championsvgc2026regmb-2674774355\"><strong>Game 3 of 3</strong></a>\n|l| Dick Mickens\n|j| Dick Mickens\n|l| Dick Mickens\n|l|☆sunnydaysagain\n|player|p1|\n","uploadtime":1788404228,"views":"1","formatid":"gen9championsvgc2026regmb","rating":null,"private":0,"password":null}