{"id":"gen9championsvgc2026regmb-2674314786","format":"[Gen 9 Champions] VGC 2026 Reg M-B","players":["aduilrsyad","Wally2005"],"log":"|j|☆aduilrsyad\n|j|☆Wally2005\n|t:|1788338870\n|gametype|doubles\n|player|p1|aduilrsyad|juggler|1005\n|player|p2|Wally2005|benga|1078\n|gen|9\n|tier|[Gen 9 Champions] VGC 2026 Reg M-B\n|rated|\n|rule|Species Clause: Limit one of each Pokémon\n|rule|Item Clause: Limit 1 of each item\n|clearpoke\n|poke|p1|Annihilape, L50, M|\n|poke|p1|Farigiraf, L50, F|\n|poke|p1|Chimecho, L50, F, shiny|\n|poke|p1|Mawile, L50, M|\n|poke|p1|Primarina, L50, M|\n|poke|p1|Avalugg-Hisui, L50, F, shiny|\n|poke|p2|Excadrill, L50, M|\n|poke|p2|Dragonite, L50, F|\n|poke|p2|Grimmsnarl, L50, M|\n|poke|p2|Milotic, L50, M|\n|poke|p2|Sinistcha, L50|\n|poke|p2|Talonflame, L50, F|\n|teampreview|4\n|\n|t:|1788338905\n|teamsize|p1|4\n|teamsize|p2|4\n|start\n|switch|p1a: HOHO|Farigiraf, L50, F|100/100\n|switch|p1b: LET HIM COOKED|Mawile, L50, M|100/100\n|switch|p2a: Excadrill|Excadrill, L50, M|100/100\n|switch|p2b: Talonflame|Talonflame, L50, F|100/100\n|-ability|p1b: LET HIM COOKED|Intimidate|boost\n|-unboost|p2a: Excadrill|atk|1\n|-unboost|p2b: Talonflame|atk|1\n|turn|1\n|inactive|Battle timer is ON: inactive players will automatically lose when time's up. (requested by Wally2005)\n|\n|t:|1788338922\n|detailschange|p2a: Excadrill|Excadrill-Mega, L50, M\n|-mega|p2a: Excadrill|Excadrill|Excadrite\n|move|p1b: LET HIM COOKED|Sucker Punch|p2a: Excadrill\n|-damage|p2a: Excadrill|80/100\n|move|p2b: Talonflame|Taunt|p1a: HOHO\n|-start|p1a: HOHO|move: Taunt\n|-enditem|p1a: HOHO|Mental Herb\n|-end|p1a: HOHO|move: Taunt\n|move|p2a: Excadrill|Drill Run|p1b: LET HIM COOKED\n|-supereffective|p1b: LET HIM COOKED|1\n|-damage|p1b: LET HIM COOKED|1/100\n|move|p1a: HOHO|Trick Room|p1a: HOHO\n|-fieldstart|move: Trick Room|[of] p1a: HOHO\n|\n|upkeep\n|turn|2\n|inactive|Wally2005 has 30 seconds left.\n|\n|t:|1788338949\n|switch|p2a: Sinistcha|Sinistcha, L50|100/100\n|detailschange|p1b: LET HIM COOKED|Mawile-Mega, L50, M\n|-mega|p1b: LET HIM COOKED|Mawile|Mawilite\n|move|p1b: LET HIM COOKED|Protect|p1b: LET HIM COOKED\n|-singleturn|p1b: LET HIM COOKED|Protect\n|move|p2b: Talonflame|Brave Bird||[still]\n|cant|p1a: HOHO|ability: Armor Tail|Brave Bird|[of] p2b: Talonflame\n|move|p1a: HOHO|Roar|p2a: Sinistcha\n|drag|p2a: Excadrill|Excadrill-Mega, L50, M|80/100\n|\n|upkeep\n|turn|3\n|\n|t:|1788338966\n|switch|p2b: Sinistcha|Sinistcha, L50|100/100\n|-heal|p2a: Excadrill|100/100|[from] ability: Hospitality|[of] p2b: Sinistcha\n|move|p2a: Excadrill|Protect|p2a: Excadrill\n|-singleturn|p2a: Excadrill|Protect\n|move|p1b: LET HIM COOKED|Rock Slide|p2b: Sinistcha|[spread] p2b\n|-activate|p2a: Excadrill|move: Protect\n|-damage|p2b: Sinistcha|71/100\n|move|p1a: HOHO|Roar|p2a: Excadrill\n|drag|p2a: Grimmsnarl|Grimmsnarl, L50, M|100/100\n|\n|upkeep\n|turn|4\n|\n|t:|1788338990\n|move|p1b: LET HIM COOKED|Sucker Punch||[still]\n|-fail|p1b: LET HIM COOKED\n|move|p2a: Grimmsnarl|Reflect|p2a: Grimmsnarl\n|-sidestart|p2: Wally2005|Reflect\n|move|p2b: Sinistcha|Life Dew||[still]|[spread] p2a,p2b\n|-fail|p2a: Grimmsnarl|heal\n|-heal|p2b: Sinistcha|96/100\n|move|p1a: HOHO|Mirror Coat||[still]\n|-fail|p1a: HOHO\n|\n|upkeep\n|turn|5\n|\n|t:|1788339008\n|switch|p1a: LOOK AT ME|Annihilape, L50, M|100/100\n|switch|p2a: Excadrill|Excadrill-Mega, L50, M|100/100\n|move|p1b: LET HIM COOKED|Protect|p1b: LET HIM COOKED\n|-singleturn|p1b: LET HIM COOKED|Protect\n|move|p2b: Sinistcha|Matcha Gotcha|p1a: LOOK AT ME|[spread] p1a\n|-activate|p1b: LET HIM COOKED|move: Protect\n|-damage|p1a: LOOK AT ME|79/100\n|-heal|p2b: Sinistcha|100/100|[from] drain|[of] p1a: LOOK AT ME\n|\n|-fieldend|move: Trick Room\n|upkeep\n|turn|6\n|\n|t:|1788339028\n|switch|p2b: Grimmsnarl|Grimmsnarl, L50, M|100/100\n|move|p1b: LET HIM COOKED|Sucker Punch|p2a: Excadrill\n|-damage|p2a: Excadrill|70/100\n|move|p2a: Excadrill|Drill Run|p1a: LOOK AT ME\n|-damage|p1a: LOOK AT ME|20/100y\n|move|p1a: LOOK AT ME|Coaching|p1b: LET HIM COOKED\n|-boost|p1b: LET HIM COOKED|atk|1\n|-boost|p1b: LET HIM COOKED|def|1\n|\n|upkeep\n|turn|7\n|\n|t:|1788339046\n|move|p1b: LET HIM COOKED|Protect|p1b: LET HIM COOKED\n|-singleturn|p1b: LET HIM COOKED|Protect\n|move|p2b: Grimmsnarl|Parting Shot|p1a: LOOK AT ME\n|-unboost|p1a: LOOK AT ME|atk|1\n|-ability|p1a: LOOK AT ME|Defiant|boost\n|-boost|p1a: LOOK AT ME|atk|2\n|-unboost|p1a: LOOK AT ME|spa|1\n|-ability|p1a: LOOK AT ME|Defiant|boost\n|-boost|p1a: LOOK AT ME|atk|2\n|\n|t:|1788339050\n|switch|p2b: Sinistcha|Sinistcha, L50|100/100|[from] Parting Shot\n|-heal|p2a: Excadrill|95/100|[from] ability: Hospitality|[of] p2b: Sinistcha\n|move|p2a: Excadrill|Drill Run|p1b: LET HIM COOKED\n|-supereffective|p1b: LET HIM COOKED|1\n|-crit|p1b: LET HIM COOKED\n|-ability|p2a: Excadrill|Piercing Drill\n|-zbroken|p1b: LET HIM COOKED\n|-damage|p1b: LET HIM COOKED|0 fnt\n|faint|p1b: LET HIM COOKED\n|move|p1a: LOOK AT ME|Drain Punch|p2a: Excadrill\n|-supereffective|p2a: Excadrill|1\n|-damage|p2a: Excadrill|0 fnt\n|-heal|p1a: LOOK AT ME|68/100|[from] drain|[of] p2a: Excadrill\n|faint|p2a: Excadrill\n|\n|upkeep\n|\n|t:|1788339068\n|switch|p2a: Talonflame|Talonflame, L50, F|100/100\n|switch|p1b: MY DOOR BELL|Chimecho, L50, F, shiny|100/100\n|turn|8\n|inactive|aduilrsyad has 30 seconds left.\n|\n|t:|1788339094\n|move|p2a: Talonflame|Brave Bird|p1a: LOOK AT ME\n|-supereffective|p1a: LOOK AT ME|1\n|-enditem|p1a: LOOK AT ME|Coba Berry|[eat]\n|-enditem|p1a: LOOK AT ME|Coba Berry|[weaken]\n|-damage|p1a: LOOK AT ME|2/100\n|-damage|p2a: Talonflame|73/100|[from] Recoil\n|move|p1a: LOOK AT ME|Rage Fist|p2b: Sinistcha\n|-supereffective|p2b: Sinistcha|1\n|-damage|p2b: Sinistcha|0 fnt\n|faint|p2b: Sinistcha\n|move|p1b: MY DOOR BELL|Calm Mind|p1b: MY DOOR BELL\n|-boost|p1b: MY DOOR BELL|spa|1\n|-boost|p1b: MY DOOR BELL|spd|1\n|\n|upkeep\n|\n|t:|1788339104\n|switch|p2b: Grimmsnarl|Grimmsnarl, L50, M|100/100\n|turn|9\n|\n|t:|1788339124\n|move|p2b: Grimmsnarl|Parting Shot|p1b: MY DOOR BELL\n|-unboost|p1b: MY DOOR BELL|atk|1\n|-unboost|p1b: MY DOOR BELL|spa|1\n|move|p2a: Talonflame|Brave Bird|p1a: LOOK AT ME\n|-supereffective|p1a: LOOK AT ME|1\n|-crit|p1a: LOOK AT ME\n|-damage|p1a: LOOK AT ME|0 fnt\n|faint|p1a: LOOK AT ME\n|-damage|p2a: Talonflame|72/100|[from] Recoil\n|move|p1b: MY DOOR BELL|Boomburst|p2a: Talonflame|[spread] p2a,p2b\n|-crit|p2a: Talonflame\n|-damage|p2a: Talonflame|0 fnt\n|-damage|p2b: Grimmsnarl|73/100\n|faint|p2a: Talonflame\n|\n|upkeep\n|-message|Wally2005 forfeited.\n|\n|win|aduilrsyad\n|raw|aduilrsyad's rating: 1005 &rarr; <strong>1052</strong><br />(+47 for winning)\n|raw|Wally2005's rating: 1078 &rarr; <strong>1052</strong><br />(-26 for losing)\n|l|☆Wally2005\n|player|p2|\n","uploadtime":1788339171,"views":"8","formatid":"gen9championsvgc2026regmb","rating":1052,"private":0,"password":null}