{"id":"gen9championsvgc2026regmb-2674171478","format":"[Gen 9 Champions] VGC 2026 Reg M-B","players":["onassi2","majormischief"],"log":"|j|☆onassi2\n|j|☆majormischief\n|html|<table width=\"100%\"><tr><td align=\"left\">onassi2</td><td align=\"right\">majormischief</tr><tr><td align=\"left\"><i class=\"fa fa-circle\"></i> <i class=\"fa fa-circle-o\"></i> </td><td align=\"right\"><i class=\"fa fa-circle-o\"></i> <i class=\"fa fa-circle\"></i> </tr></table>\n|uhtml|bestof|<h2><strong>Game 3</strong> of <a href=\"/game-bestof3-gen9championsvgc2026regmb-2674166423\">a best-of-3</a></h2>\n|t:|1788309890\n|gametype|doubles\n|player|p1|onassi2|blue|\n|player|p2|majormischief|169|\n|gen|9\n|tier|[Gen 9 Champions] VGC 2026 Reg M-B\n|rule|Species Clause: Limit one of each Pokémon\n|rule|Item Clause: Limit 1 of each item\n|raw|<div class=\"infobox\"><details class=\"readmore\" open><summary><strong>1 custom rule:</strong></summary> Best of = 3</details></div>\n|clearpoke\n|poke|p1|Torkoal, L50, F|\n|poke|p1|Venusaur, L50, M|\n|poke|p1|Malamar, L50, M|\n|poke|p1|Typhlosion, L50, M|\n|poke|p1|Garganacl, L50, M|\n|poke|p1|Espathra, L50, M|\n|poke|p2|Aggron, L50, F|\n|poke|p2|Basculegion, L50, M|\n|poke|p2|Kangaskhan, L50, F|\n|poke|p2|Tsareena, L50, F|\n|poke|p2|Sylveon, L50, M|\n|poke|p2|Lycanroc, L50, M|\n|teampreview|4\n|j| WindyEng\n|c|☆onassi2|big game 3!\n|c| WindyEng|woot woot\n|c|☆majormischief|always hype\n|\n|t:|1788309933\n|teamsize|p1|4\n|teamsize|p2|4\n|start\n|switch|p1a: Sore Venue|Venusaur, L50, M|100/100\n|switch|p1b: Son|Typhlosion, L50, M|100/100\n|switch|p2a: Basculegion|Basculegion, L50, M|100/100\n|switch|p2b: Kangaskhan|Kangaskhan, L50, F|100/100\n|turn|1\n|\n|t:|1788309970\n|switch|p1b: torque|Torkoal, L50, F|100/100\n|-weather|SunnyDay|[from] ability: Drought|[of] p1b: torque\n|detailschange|p2b: Kangaskhan|Kangaskhan-Mega, L50, F\n|-mega|p2b: Kangaskhan|Kangaskhan|Kangaskhanite\n|move|p1a: Sore Venue|Protect|p1a: Sore Venue\n|-singleturn|p1a: Sore Venue|Protect\n|move|p2b: Kangaskhan|Fake Out|p1a: Sore Venue\n|-activate|p1a: Sore Venue|move: Protect\n|move|p2a: Basculegion|Wave Crash|p1b: torque\n|-supereffective|p1b: torque|1\n|-damage|p1b: torque|48/100\n|-enditem|p1b: torque|Sitrus Berry|[eat]\n|-heal|p1b: torque|72/100|[from] item: Sitrus Berry\n|-damage|p2a: Basculegion|85/100|[from] Recoil\n|\n|-weather|SunnyDay|[upkeep]\n|upkeep\n|turn|2\n|\n|t:|1788310009\n|switch|p2a: Lycanroc|Lycanroc, L50, M|100/100\n|move|p1a: Sore Venue|Leaf Storm|p2a: Lycanroc\n|-supereffective|p2a: Lycanroc|1\n|-enditem|p2a: Lycanroc|Focus Sash\n|-damage|p2a: Lycanroc|1/100\n|-unboost|p1a: Sore Venue|spa|2\n|move|p2b: Kangaskhan|Double-Edge|p1a: Sore Venue\n|-damage|p1a: Sore Venue|13/100\n|-damage|p1a: Sore Venue|0 fnt\n|faint|p1a: Sore Venue\n|-hitcount|p1: Sore Venue|2\n|-damage|p2b: Kangaskhan|73/100|[from] Recoil\n|move|p1b: torque|Heat Wave|p2b: Kangaskhan|[spread] p2a,p2b\n|-resisted|p2a: Lycanroc|1\n|-damage|p2a: Lycanroc|0 fnt\n|-damage|p2b: Kangaskhan|45/100\n|faint|p2a: Lycanroc\n|\n|-weather|SunnyDay|[upkeep]\n|upkeep\n|\n|t:|1788310029\n|switch|p2a: Basculegion|Basculegion, L50, M|85/100\n|switch|p1a: Son|Typhlosion, L50, M|100/100\n|turn|3\n|\n|t:|1788310069\n|move|p1a: Son|Eruption|p2a: Basculegion|[spread] p2a,p2b\n|-resisted|p2a: Basculegion|1\n|-damage|p2a: Basculegion|42/100\n|-damage|p2b: Kangaskhan|0 fnt\n|faint|p2b: Kangaskhan\n|move|p2a: Basculegion|Flip Turn|p1a: Son\n|-supereffective|p1a: Son|1\n|-damage|p1a: Son|45/100\n|\n|t:|1788310086\n|switch|p2a: Tsareena|Tsareena, L50, F|100/100|[from] Flip Turn\n|move|p1b: torque|Yawn|p2a: Tsareena\n|-start|p2a: Tsareena|move: Yawn|[of] p1b: torque\n|\n|-weather|SunnyDay|[upkeep]\n|upkeep\n|\n|t:|1788310088\n|switch|p2b: Basculegion|Basculegion, L50, M|42/100\n|turn|4\n|\n|t:|1788310116\n|move|p1b: torque|Protect|p1b: torque\n|-singleturn|p1b: torque|Protect\n|move|p1a: Son|Eruption|p2a: Tsareena|[spread] p2a,p2b\n|-supereffective|p2a: Tsareena|1\n|-resisted|p2b: Basculegion|1\n|-damage|p2a: Tsareena|24/100\n|-damage|p2b: Basculegion|22/100\n|move|p2b: Basculegion|Last Respects|p1a: Son\n|-damage|p1a: Son|0 fnt\n|faint|p1a: Son\n|move|p2a: Tsareena|Low Kick|p1b: torque\n|-activate|p1b: torque|move: Protect\n|\n|-weather|SunnyDay|[upkeep]\n|-end|p2a: Tsareena|move: Yawn|[silent]\n|-status|p2a: Tsareena|slp\n|upkeep\n|\n|t:|1788310127\n|switch|p1a: Ramalam|Malamar, L50, M|100/100\n|turn|5\n|\n|t:|1788310134\n|detailschange|p1a: Ramalam|Malamar-Mega, L50, M\n|-mega|p1a: Ramalam|Malamar|Malamarite\n|move|p2b: Basculegion|Last Respects|p1b: torque\n|-damage|p1b: torque|0 fnt\n|faint|p1b: torque\n|cant|p2a: Tsareena|slp\n|move|p1a: Ramalam|Throat Chop|p2b: Basculegion\n|-supereffective|p2b: Basculegion|1\n|-damage|p2b: Basculegion|0 fnt\n|faint|p2b: Basculegion\n|\n|-weather|none\n|upkeep\n|turn|6\n|\n|t:|1788310146\n|cant|p2a: Tsareena|slp\n|move|p1a: Ramalam|Superpower|p2a: Tsareena\n|-damage|p2a: Tsareena|0 fnt\n|-boost|p1a: Ramalam|atk|1\n|-boost|p1a: Ramalam|def|1\n|faint|p2a: Tsareena\n|\n|win|onassi2\n|c|☆majormischief|ggwp\n|c|☆onassi2|ggwp dude\n|c|☆onassi2|close game\n","uploadtime":1788310160,"views":"24","formatid":"gen9championsvgc2026regmb","rating":null,"private":0,"password":null}