{"id":"gen9championsvgc2026regmb-2674140400","format":"[Gen 9 Champions] VGC 2026 Reg M-B","players":["MoonRagemadness","ShrimpGun"],"log":"|j|☆MoonRagemadness\n|j|☆ShrimpGun\n|t:|1788305121\n|gametype|doubles\n|player|p1|MoonRagemadness|101|1324\n|player|p2|ShrimpGun|fisherman-gen4|1242\n|gen|9\n|tier|[Gen 9 Champions] VGC 2026 Reg M-B\n|rated|\n|rule|Species Clause: Limit one of each Pokémon\n|rule|Item Clause: Limit 1 of each item\n|clearpoke\n|poke|p1|Froslass, L50, F|\n|poke|p1|Sneasler, L50, F|\n|poke|p1|Lycanroc-Dusk, L50, F|\n|poke|p1|Basculegion, L50, M|\n|poke|p1|Kingambit, L50, M|\n|poke|p1|Scovillain, L50, M|\n|poke|p2|Staraptor, L50, F|\n|poke|p2|Farigiraf, L50, F, shiny|\n|poke|p2|Clawitzer, L50, F|\n|poke|p2|Arcanine-Hisui, L50, F|\n|poke|p2|Sylveon, L50, F|\n|poke|p2|Kingambit, L50, M|\n|teampreview|4\n|inactive|Battle timer is ON: inactive players will automatically lose when time's up. (requested by MoonRagemadness)\n|j| Blancu\n|l| Blancu\n|inactive|MoonRagemadness has 60 seconds left.\n|inactive|MoonRagemadness has 30 seconds left.\n|\n|t:|1788305182\n|teamsize|p1|4\n|teamsize|p2|4\n|start\n|switch|p1a: Froslass|Froslass, L50, F|100/100\n|switch|p1b: Basculegion|Basculegion, L50, M|100/100\n|switch|p2a: Arcanine|Arcanine-Hisui, L50, F|100/100\n|switch|p2b: Farigiraf|Farigiraf, L50, F, shiny|100/100\n|turn|1\n|inactive|ShrimpGun has 30 seconds left.\n|\n|t:|1788305209\n|detailschange|p1a: Froslass|Froslass-Mega, L50, F\n|-mega|p1a: Froslass|Froslass|Froslassite\n|-weather|Snowscape|[from] ability: Snow Warning|[of] p1a: Froslass\n|move|p1a: Froslass|Blizzard|p2b: Farigiraf|[spread] p2a,p2b\n|-resisted|p2a: Arcanine|1\n|-damage|p2a: Arcanine|72/100\n|-damage|p2b: Farigiraf|59/100\n|move|p2a: Arcanine|Flare Blitz|p1a: Froslass\n|-supereffective|p1a: Froslass|1\n|-crit|p1a: Froslass\n|-damage|p1a: Froslass|0 fnt\n|faint|p1a: Froslass\n|move|p1b: Basculegion|Wave Crash|p2a: Arcanine\n|-supereffective|p2a: Arcanine|2\n|-damage|p2a: Arcanine|0 fnt\n|faint|p2a: Arcanine\n|-damage|p1b: Basculegion|79/100|[from] Recoil\n|-damage|p1b: Basculegion|69/100|[from] item: Life Orb\n|move|p2b: Farigiraf|Trick Room|p2b: Farigiraf\n|-fieldstart|move: Trick Room|[of] p2b: Farigiraf\n|\n|-weather|Snowscape|[upkeep]\n|upkeep\n|\n|t:|1788305221\n|switch|p2a: Clawitzer|Clawitzer, L50, F|100/100\n|switch|p1a: Kingambit|Kingambit, L50, M|100/100\n|turn|2\n|\n|t:|1788305230\n|switch|p1b: Sneasler|Sneasler, L50, F|100/100\n|move|p1a: Kingambit|Swords Dance|p1a: Kingambit\n|-boost|p1a: Kingambit|atk|2\n|move|p2b: Farigiraf|Nasty Plot|p2b: Farigiraf\n|-boost|p2b: Farigiraf|spa|2\n|move|p2a: Clawitzer|Aura Sphere|p1a: Kingambit\n|-supereffective|p1a: Kingambit|2\n|-damage|p1a: Kingambit|0 fnt\n|faint|p1a: Kingambit\n|-damage|p2a: Clawitzer|90/100|[from] item: Life Orb\n|\n|-weather|Snowscape|[upkeep]\n|upkeep\n|\n|t:|1788305232\n|switch|p1a: Basculegion|Basculegion, L50, M|69/100\n|turn|3\n|\n|t:|1788305240\n|move|p1a: Basculegion|Protect|p1a: Basculegion\n|-singleturn|p1a: Basculegion|Protect\n|move|p1b: Sneasler|Protect|p1b: Sneasler\n|-singleturn|p1b: Sneasler|Protect\n|move|p2b: Farigiraf|Thunderbolt|p1a: Basculegion\n|-activate|p1a: Basculegion|move: Protect\n|move|p2a: Clawitzer|Water Pulse|p1b: Sneasler\n|-activate|p1b: Sneasler|move: Protect\n|\n|-weather|Snowscape|[upkeep]\n|upkeep\n|turn|4\n|\n|t:|1788305257\n|move|p2b: Farigiraf|Thunderbolt|p1a: Basculegion\n|-supereffective|p1a: Basculegion|1\n|-damage|p1a: Basculegion|0 fnt\n|faint|p1a: Basculegion\n|move|p2a: Clawitzer|Water Pulse|p1b: Sneasler\n|-damage|p1b: Sneasler|10/100\n|-damage|p2a: Clawitzer|81/100|[from] item: Life Orb\n|move|p1b: Sneasler|Close Combat|p2b: Farigiraf\n|-damage|p2b: Farigiraf|0 fnt\n|-unboost|p1b: Sneasler|def|1\n|-unboost|p1b: Sneasler|spd|1\n|faint|p2b: Farigiraf\n|-enditem|p1b: Sneasler|White Herb\n|-clearnegativeboost|p1b: Sneasler|[silent]\n|\n|-weather|Snowscape|[upkeep]\n|upkeep\n|\n|t:|1788305259\n|switch|p2b: Staraptor|Staraptor, L50, F|100/100\n|-ability|p2b: Staraptor|Intimidate|boost\n|-unboost|p1b: Sneasler|atk|1\n|turn|5\n|c|☆MoonRagemadness|wait r u running that one nasty plot farig\n|c|☆MoonRagemadness|From that one YouTuber?\n|\n|t:|1788305282\n|detailschange|p2b: Staraptor|Staraptor-Mega, L50, F\n|-mega|p2b: Staraptor|Staraptor|Staraptite\n|move|p2a: Clawitzer|Water Pulse|p1b: Sneasler\n|-damage|p1b: Sneasler|0 fnt\n|faint|p1b: Sneasler\n|-damage|p2a: Clawitzer|71/100|[from] item: Life Orb\n|\n|win|ShrimpGun\n|raw|MoonRagemadness's rating: 1324 &rarr; <strong>1299</strong><br />(-25 for losing)\n|raw|ShrimpGun's rating: 1242 &rarr; <strong>1273</strong><br />(+31 for winning)\n|c|☆MoonRagemadness|cool team ggs\n","uploadtime":1788305288,"views":"3","formatid":"gen9championsvgc2026regmb","rating":1273,"private":0,"password":null}