{"id":"gen9championsvgc2026regmb-2674497181","format":"[Gen 9 Champions] VGC 2026 Reg M-B","players":["MythicalCandy","Pfendy"],"log":"|j|☆MythicalCandy\n|j|☆Pfendy\n|t:|1788366756\n|gametype|doubles\n|player|p1|MythicalCandy|red|1387\n|player|p2|Pfendy|birdkeeper|1491\n|gen|9\n|tier|[Gen 9 Champions] VGC 2026 Reg M-B\n|rated|\n|rule|Species Clause: Limit one of each Pokémon\n|rule|Item Clause: Limit 1 of each item\n|clearpoke\n|poke|p1|Delphox, L50, M|\n|poke|p1|Sinistcha, L50|\n|poke|p1|Kingambit, L50, M|\n|poke|p1|Maushold, L50|\n|poke|p1|Sneasler, L50, M|\n|poke|p1|Drampa, L50, F|\n|poke|p2|Floette-Eternal, L50, F|\n|poke|p2|Incineroar, L50, F, shiny|\n|poke|p2|Sneasler, L50, F|\n|poke|p2|Reuniclus, L50, F, shiny|\n|poke|p2|Whimsicott, L50, F|\n|poke|p2|Basculegion, L50, M|\n|teampreview|4\n|\n|t:|1788366787\n|teamsize|p1|4\n|teamsize|p2|4\n|start\n|switch|p1a: Delphox|Delphox, L50, M|100/100\n|switch|p1b: Maushold|Maushold, L50|100/100\n|switch|p2a: Sneasler|Sneasler, L50, F|100/100\n|switch|p2b: Floette|Floette-Eternal, L50, F|100/100\n|turn|1\n|inactive|Battle timer is ON: inactive players will automatically lose when time's up. (requested by Pfendy)\n|\n|t:|1788366800\n|detailschange|p1a: Delphox|Delphox-Mega, L50, M\n|-mega|p1a: Delphox|Delphox|Delphoxite\n|detailschange|p2b: Floette|Floette-Mega, L50, F\n|-mega|p2b: Floette|Floette|Floettite\n|-ability|p2b: Floette|Fairy Aura\n|move|p1a: Delphox|Protect|p1a: Delphox\n|-singleturn|p1a: Delphox|Protect\n|move|p1b: Maushold|Protect|p1b: Maushold\n|-singleturn|p1b: Maushold|Protect\n|move|p2a: Sneasler|Fake Out|p1a: Delphox\n|-activate|p1a: Delphox|move: Protect\n|move|p2b: Floette|Calm Mind|p2b: Floette\n|-boost|p2b: Floette|spa|1\n|-boost|p2b: Floette|spd|1\n|\n|upkeep\n|turn|2\n|\n|t:|1788366817\n|switch|p2a: Incineroar|Incineroar, L50, F, shiny|100/100\n|-ability|p2a: Incineroar|Intimidate|boost\n|-unboost|p1a: Delphox|atk|1\n|-unboost|p1b: Maushold|atk|1\n|move|p2b: Floette|Protect|p2b: Floette\n|-singleturn|p2b: Floette|Protect\n|move|p1b: Maushold|Feint|p2a: Incineroar\n|-damage|p2a: Incineroar|95/100\n|move|p1a: Delphox|Psychic|p2a: Incineroar\n|-immune|p2a: Incineroar\n|\n|upkeep\n|turn|3\n|inactive|Pfendy has 30 seconds left.\n|\n|t:|1788366849\n|switch|p1b: Sneasler|Sneasler, L50, M|100/100\n|move|p2a: Incineroar|Fake Out|p1b: Sneasler\n|-damage|p1b: Sneasler|75/100\n|move|p1a: Delphox|Nasty Plot|p1a: Delphox\n|-boost|p1a: Delphox|spa|2\n|move|p2b: Floette|Moonblast|p1b: Sneasler\n|-damage|p1b: Sneasler|0 fnt\n|faint|p1b: Sneasler\n|\n|upkeep\n|\n|t:|1788366859\n|switch|p1b: Maushold|Maushold, L50|100/100\n|turn|4\n|\n|t:|1788366869\n|move|p2b: Floette|Protect|p2b: Floette\n|-singleturn|p2b: Floette|Protect\n|move|p1b: Maushold|Follow Me|p1b: Maushold\n|-singleturn|p1b: Maushold|move: Follow Me\n|move|p1a: Delphox|Nasty Plot|p1a: Delphox\n|-boost|p1a: Delphox|spa|2\n|move|p2a: Incineroar|Parting Shot|p1b: Maushold\n|-unboost|p1b: Maushold|atk|1\n|-unboost|p1b: Maushold|spa|1\n|\n|t:|1788366887\n|switch|p2a: Whimsicott|Whimsicott, L50, F|100/100|[from] Parting Shot\n|\n|upkeep\n|turn|5\n|\n|t:|1788366905\n|move|p1b: Maushold|Protect|p1b: Maushold\n|-singleturn|p1b: Maushold|Protect\n|move|p2a: Whimsicott|Encore|p1a: Delphox\n|-start|p1a: Delphox|Encore\n|move|p1a: Delphox|Nasty Plot|p1a: Delphox\n|-boost|p1a: Delphox|spa|2\n|move|p2b: Floette|Dazzling Gleam|p1b: Maushold|[spread] p1a\n|-activate|p1b: Maushold|move: Protect\n|-resisted|p1a: Delphox|1\n|-damage|p1a: Delphox|76/100\n|\n|upkeep\n|turn|6\n|c|☆MythicalCandy|dang\n|c|☆MythicalCandy|gg\n|c|☆Pfendy|gg\n|\n|t:|1788366931\n|move|p1a: Delphox|Nasty Plot|p1a: Delphox\n|-boost|p1a: Delphox|spa|0\n|move|p2a: Whimsicott|Moonblast|p1a: Delphox\n|-resisted|p1a: Delphox|1\n|-damage|p1a: Delphox|61/100\n|move|p1b: Maushold|Super Fang|p2b: Floette\n|-damage|p2b: Floette|50/100g\n|move|p2b: Floette|Dazzling Gleam|p1a: Delphox|[spread] p1a,p1b\n|-resisted|p1a: Delphox|1\n|-crit|p1b: Maushold\n|-damage|p1a: Delphox|38/100\n|-damage|p1b: Maushold|0 fnt\n|faint|p1b: Maushold\n|\n|upkeep\n|\n|t:|1788366936\n|switch|p1b: Sinistcha|Sinistcha, L50|100/100\n|-heal|p1a: Delphox|62/100|[from] ability: Hospitality|[of] p1b: Sinistcha\n|turn|7\n|\n|t:|1788366956\n|move|p1b: Sinistcha|Protect|p1b: Sinistcha\n|-singleturn|p1b: Sinistcha|Protect\n|move|p1a: Delphox|Nasty Plot|p1a: Delphox\n|-boost|p1a: Delphox|spa|0\n|move|p2a: Whimsicott|Moonblast|p1a: Delphox\n|-resisted|p1a: Delphox|1\n|-damage|p1a: Delphox|41/100\n|move|p2b: Floette|Dazzling Gleam|p1b: Sinistcha|[spread] p1a\n|-activate|p1b: Sinistcha|move: Protect\n|-resisted|p1a: Delphox|1\n|-damage|p1a: Delphox|9/100\n|\n|-end|p1a: Delphox|Encore\n|upkeep\n|turn|8\n|inactive|Pfendy has 30 seconds left.\n|\n|t:|1788366982\n|move|p1b: Sinistcha|Rage Powder|p1b: Sinistcha\n|-singleturn|p1b: Sinistcha|move: Rage Powder\n|move|p2a: Whimsicott|Encore|p1a: Delphox\n|-start|p1a: Delphox|Encore\n|move|p1a: Delphox|Nasty Plot|p1a: Delphox\n|-boost|p1a: Delphox|spa|0\n|move|p2b: Floette|Dazzling Gleam|p1a: Delphox|[spread] p1a,p1b\n|-resisted|p1a: Delphox|1\n|-damage|p1a: Delphox|0 fnt\n|-damage|p1b: Sinistcha|27/100\n|faint|p1a: Delphox\n|\n|upkeep\n|turn|9\n|\n|t:|1788366995\n|move|p2a: Whimsicott|Moonblast|p1b: Sinistcha\n|-damage|p1b: Sinistcha|0 fnt\n|faint|p1b: Sinistcha\n|\n|win|Pfendy\n|raw|MythicalCandy's rating: 1387 &rarr; <strong>1373</strong><br />(-14 for losing)\n|raw|Pfendy's rating: 1491 &rarr; <strong>1505</strong><br />(+14 for winning)\n|l|☆MythicalCandy\n|player|p1|\n","uploadtime":1788367003,"views":"3","formatid":"gen9championsvgc2026regmb","rating":1373,"private":0,"password":null}