{"id":"gen9championsvgc2026regmb-2674337147","format":"[Gen 9 Champions] VGC 2026 Reg M-B","players":["Squacqueronevgc","Lei41"],"log":"|j|☆Squacqueronevgc\n|j|☆Lei41\n|t:|1788343986\n|gametype|doubles\n|player|p1|Squacqueronevgc|101|1647\n|player|p2|Lei41|102|1696\n|gen|9\n|tier|[Gen 9 Champions] VGC 2026 Reg M-B\n|rated|\n|rule|Species Clause: Limit one of each Pokémon\n|rule|Item Clause: Limit 1 of each item\n|clearpoke\n|poke|p1|Tyranitar, L50, F|\n|poke|p1|Excadrill, L50, M|\n|poke|p1|Milotic, L50, M|\n|poke|p1|Sinistcha, L50|\n|poke|p1|Staraptor, L50, M|\n|poke|p1|Gholdengo, L50|\n|poke|p2|Venusaur, L50, F|\n|poke|p2|Charizard, L50, F|\n|poke|p2|Mawile, L50, F|\n|poke|p2|Archaludon, L50, M|\n|poke|p2|Pelipper, L50, M|\n|poke|p2|Farigiraf, L50, M|\n|teampreview|4\n|inactive|Battle timer is ON: inactive players will automatically lose when time's up. (requested by Lei41)\n|\n|t:|1788344008\n|teamsize|p1|4\n|teamsize|p2|4\n|start\n|switch|p1a: Staraptor|Staraptor, L50, M|100/100\n|switch|p1b: Excadrill|Excadrill, L50, M|100/100\n|switch|p2a: Archaludon|Archaludon, L50, M|100/100\n|switch|p2b: Pelipper|Pelipper, L50, M|100/100\n|-weather|RainDance|[from] ability: Drizzle|[of] p2b: Pelipper\n|-ability|p1a: Staraptor|Intimidate|boost\n|-unboost|p2a: Archaludon|atk|1\n|-unboost|p2b: Pelipper|atk|1\n|turn|1\n|inactive|Lei41 has 30 seconds left.\n|\n|t:|1788344042\n|detailschange|p1a: Staraptor|Staraptor-Mega, L50, M\n|-mega|p1a: Staraptor|Staraptor|Staraptite\n|move|p2b: Pelipper|Muddy Water|p1b: Excadrill|[spread] p1a,p1b\n|-supereffective|p1b: Excadrill|1\n|-damage|p1a: Staraptor|56/100\n|-enditem|p1b: Excadrill|Focus Sash\n|-damage|p1b: Excadrill|1/100\n|-unboost|p1b: Excadrill|accuracy|1\n|move|p1a: Staraptor|Close Combat|p2a: Archaludon\n|-supereffective|p2a: Archaludon|1\n|-damage|p2a: Archaludon|6/100\n|-boost|p1a: Staraptor|def|1\n|-boost|p1a: Staraptor|spd|1\n|move|p2a: Archaludon|Flash Cannon|p1a: Staraptor\n|-damage|p1a: Staraptor|27/100\n|move|p1b: Excadrill|High Horsepower|p2a: Archaludon|[miss]\n|-miss|p1b: Excadrill|p2a: Archaludon\n|\n|-weather|RainDance|[upkeep]\n|upkeep\n|turn|2\n|\n|t:|1788344067\n|switch|p1b: Gholdengo|Gholdengo, L50|100/100\n|move|p1a: Staraptor|Protect|p1a: Staraptor\n|-singleturn|p1a: Staraptor|Protect\n|move|p2a: Archaludon|Protect|p2a: Archaludon\n|-singleturn|p2a: Archaludon|Protect\n|move|p2b: Pelipper|Muddy Water|p1b: Gholdengo|[spread] p1b\n|-activate|p1a: Staraptor|move: Protect\n|-damage|p1b: Gholdengo|61/100\n|\n|-weather|RainDance|[upkeep]\n|upkeep\n|turn|3\n|\n|t:|1788344087\n|switch|p1a: Tyranitar|Tyranitar, L50, F|100/100\n|-weather|Sandstorm|[from] ability: Sand Stream|[of] p1a: Tyranitar\n|move|p2b: Pelipper|Muddy Water|p1b: Gholdengo|[spread] p1b\n|-miss|p2b: Pelipper|p1a: Tyranitar\n|-damage|p1b: Gholdengo|36/100\n|move|p2a: Archaludon|Electro Shot||[still]\n|-prepare|p2a: Archaludon|Electro Shot\n|-boost|p2a: Archaludon|spa|1\n|move|p1b: Gholdengo|Shadow Ball|p2a: Archaludon\n|-damage|p2a: Archaludon|0 fnt\n|faint|p2a: Archaludon\n|-damage|p1b: Gholdengo|26/100|[from] item: Life Orb\n|\n|-weather|Sandstorm|[upkeep]\n|-damage|p2b: Pelipper|94/100|[from] Sandstorm\n|upkeep\n|\n|t:|1788344097\n|switch|p2a: Farigiraf|Farigiraf, L50, M|100/100\n|turn|4\n|\n|t:|1788344107\n|switch|p2b: Mawile|Mawile, L50, F|100/100\n|-ability|p2b: Mawile|Intimidate|boost\n|-unboost|p1a: Tyranitar|atk|1\n|-unboost|p1b: Gholdengo|atk|1\n|move|p1a: Tyranitar|Knock Off|p2a: Farigiraf\n|-supereffective|p2a: Farigiraf|1\n|-damage|p2a: Farigiraf|53/100\n|-enditem|p2a: Farigiraf|Sitrus Berry|[from] move: Knock Off|[of] p1a: Tyranitar\n|move|p1b: Gholdengo|Make It Rain|p2b: Mawile|[spread] p2a,p2b\n|-damage|p2a: Farigiraf|0 fnt\n|-damage|p2b: Mawile|0 fnt\n|-unboost|p1b: Gholdengo|spa|2\n|faint|p2a: Farigiraf\n|faint|p2b: Mawile\n|-damage|p1b: Gholdengo|17/100|[from] item: Life Orb\n|\n|-weather|Sandstorm|[upkeep]\n|upkeep\n|\n|t:|1788344123\n|switch|p2b: Pelipper|Pelipper, L50, M|94/100\n|-weather|RainDance|[from] ability: Drizzle|[of] p2b: Pelipper\n|turn|5\n|\n|t:|1788344129\n|switch|p1a: Staraptor|Staraptor-Mega, L50, M|27/100\n|move|p2b: Pelipper|Muddy Water|p1a: Staraptor|[spread] p1a,p1b\n|-damage|p1a: Staraptor|0 fnt\n|-damage|p1b: Gholdengo|0 fnt\n|faint|p1a: Staraptor\n|faint|p1b: Gholdengo\n|\n|-weather|RainDance|[upkeep]\n|upkeep\n|\n|t:|1788344132\n|switch|p1a: Excadrill|Excadrill, L50, M|1/100\n|switch|p1b: Tyranitar|Tyranitar, L50, F|100/100\n|-weather|Sandstorm|[from] ability: Sand Stream|[of] p1b: Tyranitar\n|turn|6\n|\n|t:|1788344137\n|move|p1a: Excadrill|Rock Slide|p2b: Pelipper\n|-supereffective|p2b: Pelipper|1\n|-damage|p2b: Pelipper|10/100\n|move|p2b: Pelipper|Muddy Water|p1b: Tyranitar|[spread] p1b\n|-miss|p2b: Pelipper|p1a: Excadrill\n|-supereffective|p1b: Tyranitar|1\n|-damage|p1b: Tyranitar|62/100\n|move|p1b: Tyranitar|Rock Slide|p2b: Pelipper\n|-supereffective|p2b: Pelipper|1\n|-damage|p2b: Pelipper|0 fnt\n|faint|p2b: Pelipper\n|\n|win|Squacqueronevgc\n|raw|Squacqueronevgc's rating: 1647 &rarr; <strong>1670</strong><br />(+23 for winning)\n|raw|Lei41's rating: 1696 &rarr; <strong>1673</strong><br />(-23 for losing)\n","uploadtime":1788344147,"views":"4","formatid":"gen9championsvgc2026regmb","rating":1670,"private":0,"password":null}