{"id":"gen9championsvgc2026regmb-2674231166","format":"[Gen 9 Champions] VGC 2026 Reg M-B","players":["michel277","MayTea."],"log":"|j|☆michel277\n|j|☆MayTea.\n|t:|1788319559\n|gametype|doubles\n|player|p1|michel277|cilan|1134\n|player|p2|MayTea.|skyla|1110\n|gen|9\n|tier|[Gen 9 Champions] VGC 2026 Reg M-B\n|rated|\n|rule|Species Clause: Limit one of each Pokémon\n|rule|Item Clause: Limit 1 of each item\n|clearpoke\n|poke|p1|Charizard, L50, M|\n|poke|p1|Venusaur, L50, F|\n|poke|p1|Pelipper, L50, F|\n|poke|p1|Archaludon, L50, F|\n|poke|p1|Swampert, L50, F|\n|poke|p1|Grimmsnarl, L50, M|\n|poke|p2|Kangaskhan, L50, F|\n|poke|p2|Floette-Eternal, L50, F|\n|poke|p2|Sneasler, L50, F|\n|poke|p2|Absol, L50, M, shiny|\n|poke|p2|Kingambit, L50, M|\n|poke|p2|Sinistcha, L50|\n|teampreview|4\n|inactive|Battle timer is ON: inactive players will automatically lose when time's up. (requested by michel277)\n|inactive|michel277 has 60 seconds left.\n|inactive|michel277 has 30 seconds left.\n|inactive|michel277 has 20 seconds left.\n|inactive|michel277 has 15 seconds left.\n|\n|t:|1788319639\n|teamsize|p1|4\n|teamsize|p2|4\n|start\n|switch|p1a: Grimmsnarl|Grimmsnarl, L50, M|100/100\n|switch|p1b: Archaludon|Archaludon, L50, F|100/100\n|switch|p2a: Kangaskhan|Kangaskhan, L50, F|100/100\n|switch|p2b: Floette|Floette-Eternal, L50, F|100/100\n|turn|1\n|inactive|michel277 has 30 seconds left.\n|\n|t:|1788319669\n|detailschange|p2b: Floette|Floette-Mega, L50, F\n|-mega|p2b: Floette|Floette|Floettite\n|-ability|p2b: Floette|Fairy Aura\n|move|p2a: Kangaskhan|Fake Out|p1b: Archaludon\n|-resisted|p1b: Archaludon|1\n|-damage|p1b: Archaludon|91/100\n|-ability|p1b: Archaludon|Stamina|boost\n|-boost|p1b: Archaludon|def|1\n|move|p1a: Grimmsnarl|Light Screen|p1a: Grimmsnarl\n|-sidestart|p1: michel277|move: Light Screen\n|move|p2b: Floette|Calm Mind|p2b: Floette\n|-boost|p2b: Floette|spa|1\n|-boost|p2b: Floette|spd|1\n|cant|p1b: Archaludon|flinch\n|\n|-heal|p1b: Archaludon|97/100|[from] item: Leftovers\n|upkeep\n|turn|2\n|\n|t:|1788319691\n|move|p2b: Floette|Protect|p2b: Floette\n|-singleturn|p2b: Floette|Protect\n|move|p1b: Archaludon|Protect|p1b: Archaludon\n|-singleturn|p1b: Archaludon|Protect\n|move|p2a: Kangaskhan|Last Resort|p1b: Archaludon\n|-activate|p1b: Archaludon|move: Protect\n|move|p1a: Grimmsnarl|Spirit Break|p2b: Floette\n|-activate|p2b: Floette|move: Protect\n|\n|-heal|p1b: Archaludon|100/100|[from] item: Leftovers\n|upkeep\n|turn|3\n|\n|t:|1788319713\n|move|p1a: Grimmsnarl|Reflect|p1a: Grimmsnarl\n|-sidestart|p1: michel277|Reflect\n|move|p2b: Floette|Calm Mind|p2b: Floette\n|-boost|p2b: Floette|spa|1\n|-boost|p2b: Floette|spd|1\n|move|p2a: Kangaskhan|Last Resort|p1b: Archaludon\n|-resisted|p1b: Archaludon|1\n|-damage|p1b: Archaludon|86/100\n|-ability|p1b: Archaludon|Stamina|boost\n|-boost|p1b: Archaludon|def|1\n|move|p1b: Archaludon|Flash Cannon|p2b: Floette\n|-supereffective|p2b: Floette|1\n|-damage|p2b: Floette|66/100\n|\n|-heal|p1b: Archaludon|92/100|[from] item: Leftovers\n|upkeep\n|turn|4\n|inactive|michel277 has 30 seconds left.\n|\n|t:|1788319740\n|switch|p2a: Sinistcha|Sinistcha, L50|100/100\n|-heal|p2b: Floette|91/100|[from] ability: Hospitality|[of] p2a: Sinistcha\n|move|p2b: Floette|Protect|p2b: Floette\n|-singleturn|p2b: Floette|Protect\n|move|p1b: Archaludon|Dragon Pulse|p2a: Sinistcha\n|-damage|p2a: Sinistcha|67/100\n|move|p1a: Grimmsnarl|Spirit Break|p2b: Floette\n|-activate|p2b: Floette|move: Protect\n|\n|-heal|p1b: Archaludon|98/100|[from] item: Leftovers\n|upkeep\n|turn|5\n|\n|t:|1788319761\n|move|p1b: Archaludon|Protect|p1b: Archaludon\n|-singleturn|p1b: Archaludon|Protect\n|move|p2a: Sinistcha|Rage Powder|p2a: Sinistcha\n|-singleturn|p2a: Sinistcha|move: Rage Powder\n|move|p2b: Floette|Calm Mind|p2b: Floette\n|-boost|p2b: Floette|spa|1\n|-boost|p2b: Floette|spd|1\n|move|p1a: Grimmsnarl|Spirit Break|p2a: Sinistcha\n|-damage|p2a: Sinistcha|34/100\n|-unboost|p2a: Sinistcha|spa|1\n|-enditem|p2a: Sinistcha|Sitrus Berry|[eat]\n|-heal|p2a: Sinistcha|59/100|[from] item: Sitrus Berry\n|\n|-heal|p1b: Archaludon|100/100|[from] item: Leftovers\n|upkeep\n|turn|6\n|inactive|michel277 has 30 seconds left.\n|inactive|michel277 has 20 seconds left.\n|inactive|michel277 has 15 seconds left.\n|inactive|michel277 has 10 seconds left.\n|\n|t:|1788319806\n|move|p2b: Floette|Protect|p2b: Floette\n|-singleturn|p2b: Floette|Protect\n|move|p1a: Grimmsnarl|Parting Shot|p2b: Floette\n|-activate|p2b: Floette|move: Protect\n|move|p1b: Archaludon|Electro Shot||[still]\n|-prepare|p1b: Archaludon|Electro Shot\n|-boost|p1b: Archaludon|spa|1\n|move|p2a: Sinistcha|Matcha Gotcha|p1b: Archaludon|[spread] p1a,p1b\n|-resisted|p1b: Archaludon|2\n|-damage|p1a: Grimmsnarl|90/100\n|-heal|p2a: Sinistcha|65/100|[from] drain|[of] p1a: Grimmsnarl\n|-damage|p1b: Archaludon|97/100\n|-heal|p2a: Sinistcha|66/100|[from] drain|[of] p1b: Archaludon\n|-ability|p1b: Archaludon|Stamina|boost\n|-boost|p1b: Archaludon|def|1\n|\n|-heal|p1b: Archaludon|100/100|[from] item: Leftovers\n|upkeep\n|turn|7\n|\n|t:|1788319828\n|move|p2a: Sinistcha|Rage Powder|p2a: Sinistcha\n|-singleturn|p2a: Sinistcha|move: Rage Powder\n|move|p1a: Grimmsnarl|Parting Shot|p2a: Sinistcha\n|-unboost|p2a: Sinistcha|atk|1\n|-unboost|p2a: Sinistcha|spa|1\n|\n|t:|1788319834\n|switch|p1a: Pelipper|Pelipper, L50, F|100/100|[from] Parting Shot\n|-weather|RainDance|[from] ability: Drizzle|[of] p1a: Pelipper\n|move|p2b: Floette|Calm Mind|p2b: Floette\n|-boost|p2b: Floette|spa|1\n|-boost|p2b: Floette|spd|1\n|move|p1b: Archaludon|Electro Shot|p2a: Sinistcha|[from] lockedmove\n|-resisted|p2a: Sinistcha|1\n|-damage|p2a: Sinistcha|41/100\n|\n|-weather|RainDance|[upkeep]\n|upkeep\n|turn|8\n|\n|t:|1788319855\n|move|p2b: Floette|Protect|p2b: Floette\n|-singleturn|p2b: Floette|Protect\n|move|p2a: Sinistcha|Protect|p2a: Sinistcha\n|-singleturn|p2a: Sinistcha|Protect\n|move|p1a: Pelipper|Wide Guard|p1a: Pelipper\n|-singleturn|p1a: Pelipper|Wide Guard\n|move|p1b: Archaludon|Electro Shot||[still]\n|-prepare|p1b: Archaludon|Electro Shot\n|-boost|p1b: Archaludon|spa|1\n|-anim|p1b: Archaludon|Electro Shot|p2b: Floette\n|-activate|p2b: Floette|move: Protect\n|\n|-weather|RainDance|[upkeep]\n|-sideend|p1: michel277|move: Light Screen\n|upkeep\n|turn|9\n|\n|t:|1788319878\n|switch|p2a: Kangaskhan|Kangaskhan, L50, F|100/100\n|move|p1a: Pelipper|Wide Guard|p1a: Pelipper\n|-singleturn|p1a: Pelipper|Wide Guard\n|move|p2b: Floette|Draining Kiss|p1a: Pelipper\n|-damage|p1a: Pelipper|0 fnt\n|-heal|p2b: Floette|100/100|[from] drain|[of] p1a: Pelipper\n|faint|p1a: Pelipper\n|move|p1b: Archaludon|Electro Shot||[still]\n|-prepare|p1b: Archaludon|Electro Shot\n|-boost|p1b: Archaludon|spa|1\n|-anim|p1b: Archaludon|Electro Shot|p2b: Floette\n|-damage|p2b: Floette|72/100\n|\n|-weather|RainDance|[upkeep]\n|upkeep\n|\n|t:|1788319897\n|switch|p1a: Grimmsnarl|Grimmsnarl, L50, M|90/100\n|turn|10\n|\n|t:|1788319910\n|move|p2a: Kangaskhan|Fake Out|p1a: Grimmsnarl\n|-damage|p1a: Grimmsnarl|75/100\n|cant|p1a: Grimmsnarl|flinch\n|move|p2b: Floette|Dazzling Gleam|p1b: Archaludon|[spread] p1a,p1b\n|-supereffective|p1a: Grimmsnarl|1\n|-damage|p1a: Grimmsnarl|0 fnt\n|-damage|p1b: Archaludon|0 fnt\n|faint|p1a: Grimmsnarl\n|faint|p1b: Archaludon\n|\n|-weather|RainDance|[upkeep]\n|-sideend|p1: michel277|Reflect\n|upkeep\n|\n|t:|1788319922\n|switch|p1a: Swampert|Swampert, L50, F|100/100\n|turn|11\n|\n|t:|1788319932\n|switch|p2a: Sinistcha|Sinistcha, L50|41/100\n|-heal|p2b: Floette|96/100|[from] ability: Hospitality|[of] p2a: Sinistcha\n|detailschange|p1a: Swampert|Swampert-Mega, L50, F\n|-mega|p1a: Swampert|Swampert|Swampertite\n|move|p2b: Floette|Protect|p2b: Floette\n|-singleturn|p2b: Floette|Protect\n|move|p1a: Swampert|Ice Punch|p2a: Sinistcha\n|-supereffective|p2a: Sinistcha|1\n|-damage|p2a: Sinistcha|0 fnt\n|faint|p2a: Sinistcha\n|\n|-weather|none\n|upkeep\n|\n|t:|1788319947\n|switch|p2a: Kangaskhan|Kangaskhan, L50, F|100/100\n|turn|12\n|-message|michel277 forfeited.\n|\n|win|MayTea.\n|raw|michel277's rating: 1134 &rarr; <strong>1107</strong><br />(-27 for losing)\n|raw|MayTea.'s rating: 1110 &rarr; <strong>1137</strong><br />(+27 for winning)\n|l|☆michel277\n|player|p1|\n","uploadtime":1788319956,"views":"11","formatid":"gen9championsvgc2026regmb","rating":1107,"private":0,"password":null}