{"id":"gen9championsvgc2026regmb-2674073897","format":"[Gen 9 Champions] VGC 2026 Reg M-B","players":["conngfan","Noyon6236"],"log":"|j|☆conngfan\n|j|☆Noyon6236\n|t:|1788295553\n|gametype|doubles\n|player|p1|conngfan|arven-s|1557\n|player|p2|Noyon6236|265|1616\n|gen|9\n|tier|[Gen 9 Champions] VGC 2026 Reg M-B\n|rated|\n|rule|Species Clause: Limit one of each Pokémon\n|rule|Item Clause: Limit 1 of each item\n|clearpoke\n|poke|p1|Aerodactyl, L50, M|\n|poke|p1|Raichu, L50, F|\n|poke|p1|Sneasler, L50, M|\n|poke|p1|Sylveon, L50, M|\n|poke|p1|Kingambit, L50, M|\n|poke|p1|Tsareena, L50, F|\n|poke|p2|Raichu, L50, F|\n|poke|p2|Staraptor, L50, F|\n|poke|p2|Arcanine-Hisui, L50, M|\n|poke|p2|Farigiraf, L50, M|\n|poke|p2|Sylveon, L50, F|\n|poke|p2|Kingambit, L50, M|\n|teampreview|4\n|inactive|Battle timer is ON: inactive players will automatically lose when time's up. (requested by conngfan)\n|inactive|Noyon6236 has 60 seconds left.\n|\n|t:|1788295586\n|teamsize|p1|4\n|teamsize|p2|4\n|start\n|switch|p1a: Raichu|Raichu, L50, F|100/100\n|switch|p1b: Sylveon|Sylveon, L50, M|100/100\n|switch|p2a: Arcanine|Arcanine-Hisui, L50, M|100/100\n|switch|p2b: Sylveon|Sylveon, L50, F|100/100\n|turn|1\n|\n|t:|1788295600\n|move|p1a: Raichu|Protect|p1a: Raichu\n|-singleturn|p1a: Raichu|Protect\n|move|p2a: Arcanine|Protect|p2a: Arcanine\n|-singleturn|p2a: Arcanine|Protect\n|move|p1b: Sylveon|Hyper Voice|p2b: Sylveon|[spread] p2b\n|-activate|p2a: Arcanine|move: Protect\n|-damage|p2b: Sylveon|63/100\n|move|p2b: Sylveon|Hyper Voice|p1a: Raichu|[spread] p1b\n|-activate|p1a: Raichu|move: Protect\n|-damage|p1b: Sylveon|59/100\n|\n|upkeep\n|turn|2\n|inactive|Noyon6236 has 30 seconds left.\n|\n|t:|1788295629\n|switch|p2b: Raichu|Raichu, L50, F|100/100\n|detailschange|p1a: Raichu|Raichu-Mega-Y, L50, F\n|-mega|p1a: Raichu|Raichu|Raichunite Y\n|move|p1a: Raichu|Zap Cannon|p2b: Raichu\n|-activate|p2b: Raichu|ability: Lightning Rod\n|-ability|p2b: Raichu|Lightning Rod|boost\n|-boost|p2b: Raichu|spa|1\n|move|p2a: Arcanine|Flare Blitz|p1a: Raichu\n|-damage|p1a: Raichu|19/100\n|move|p1b: Sylveon|Hyper Voice|p2a: Arcanine|[spread] p2a,p2b\n|-resisted|p2a: Arcanine|1\n|-crit|p2b: Raichu\n|-damage|p2a: Arcanine|71/100\n|-damage|p2b: Raichu|5/100\n|\n|upkeep\n|turn|3\n|\n|t:|1788295651\n|detailschange|p2b: Raichu|Raichu-Mega-Y, L50, F\n|-mega|p2b: Raichu|Raichu|Raichunite Y\n|move|p1a: Raichu|Protect|p1a: Raichu\n|-singleturn|p1a: Raichu|Protect\n|move|p2a: Arcanine|Extreme Speed|p1a: Raichu\n|-activate|p1a: Raichu|move: Protect\n|move|p2b: Raichu|Zap Cannon|p1b: Sylveon\n|-damage|p1b: Sylveon|0 fnt\n|faint|p1b: Sylveon\n|\n|upkeep\n|\n|t:|1788295668\n|switch|p1b: Sneasler|Sneasler, L50, M|100/100\n|turn|4\n|\n|t:|1788295683\n|switch|p1a: Tsareena|Tsareena, L50, F|100/100\n|switch|p2a: Farigiraf|Farigiraf, L50, M|100/100\n|move|p1b: Sneasler|Feint||[still]\n|cant|p2a: Farigiraf|ability: Armor Tail|Feint|[of] p1b: Sneasler\n|move|p2b: Raichu|Zap Cannon|p1b: Sneasler\n|-damage|p1b: Sneasler|0 fnt\n|faint|p1b: Sneasler\n|\n|upkeep\n|\n|t:|1788295687\n|switch|p1b: Raichu|Raichu-Mega-Y, L50, F|19/100\n|turn|5\n|-message|conngfan forfeited.\n|\n|win|Noyon6236\n|raw|conngfan's rating: 1557 &rarr; <strong>1540</strong><br />(-17 for losing)\n|raw|Noyon6236's rating: 1616 &rarr; <strong>1633</strong><br />(+17 for winning)\n","uploadtime":1788295695,"views":"0","formatid":"gen9championsvgc2026regmb","rating":1540,"private":0,"password":null}