{"id":"gen9championsvgc2026regmb-2674241629","format":"[Gen 9 Champions] VGC 2026 Reg M-B","players":["CosmicMD","meta_the_best"],"log":"|j|☆CosmicMD\n|j|☆meta_the_best\n|t:|1788321561\n|gametype|doubles\n|player|p1|CosmicMD|colress|1134\n|player|p2|meta_the_best|winona|1015\n|gen|9\n|tier|[Gen 9 Champions] VGC 2026 Reg M-B\n|rated|\n|rule|Species Clause: Limit one of each Pokémon\n|rule|Item Clause: Limit 1 of each item\n|clearpoke\n|poke|p1|Abomasnow, L50, M|\n|poke|p1|Farigiraf, L50, F|\n|poke|p1|Arcanine-Hisui, L50, F|\n|poke|p1|Dragonite, L50, M|\n|poke|p1|Mamoswine, L50, M|\n|poke|p1|Greninja, L50, M|\n|poke|p2|Toucannon, L50, M, shiny|\n|poke|p2|Umbreon, L50, F|\n|poke|p2|Zoroark, L50, F|\n|poke|p2|Charizard, L50, M|\n|poke|p2|Torkoal, L50, F|\n|poke|p2|Blaziken, L50, M|\n|teampreview|4\n|c|☆CosmicMD|glhf\n|inactive|Battle timer is ON: inactive players will automatically lose when time's up. (requested by CosmicMD)\n|\n|t:|1788321583\n|teamsize|p1|4\n|teamsize|p2|4\n|start\n|switch|p1a: Arcanine|Arcanine-Hisui, L50, F|100/100\n|switch|p1b: Greninja|Greninja, L50, M|100/100\n|switch|p2a: Bob4|Charizard, L50, M|100/100\n|switch|p2b: Bob5|Torkoal, L50, F|100/100\n|-weather|SunnyDay|[from] ability: Drought|[of] p2b: Bob5\n|turn|1\n|\n|t:|1788321600\n|detailschange|p2a: Bob4|Charizard-Mega-X, L50, M\n|-mega|p2a: Bob4|Charizard|Charizardite X\n|move|p1b: Greninja|Hydro Pump|p2b: Bob5\n|-start|p1b: Greninja|typechange|Water|[from] ability: Protean\n|-supereffective|p2b: Bob5|1\n|-damage|p2b: Bob5|23/100\n|-damage|p1b: Greninja|90/100|[from] item: Life Orb\n|move|p1a: Arcanine|Rock Slide|p2a: Bob4|[spread] p2b\n|-miss|p1a: Arcanine|p2a: Bob4\n|-supereffective|p2b: Bob5|1\n|-damage|p2b: Bob5|0 fnt\n|faint|p2b: Bob5\n|move|p2a: Bob4|Dragon Dance|p2a: Bob4\n|-boost|p2a: Bob4|atk|1\n|-boost|p2a: Bob4|spe|1\n|\n|-weather|SunnyDay|[upkeep]\n|upkeep\n|\n|t:|1788321614\n|switch|p2b: Bob6|Blaziken, L50, M|100/100\n|turn|2\n|\n|t:|1788321626\n|move|p2a: Bob4|Dragon Claw|p1b: Greninja\n|-damage|p1b: Greninja|0 fnt\n|faint|p1b: Greninja\n|move|p2b: Bob6|Nasty Plot|p2b: Bob6\n|-boost|p2b: Bob6|spa|2\n|move|p1a: Arcanine|Head Smash|p2a: Bob4\n|-supereffective|p2a: Bob4|1\n|-damage|p2a: Bob4|0 fnt\n|faint|p2a: Bob4\n|\n|-weather|SunnyDay|[upkeep]\n|upkeep\n|\n|t:|1788321644\n|switch|p1b: Abomasnow|Abomasnow, L50, M|100/100\n|switch|p2a: Bob6|Blaziken, L50, M|100/100\n|-weather|Snowscape|[from] ability: Snow Warning|[of] p1b: Abomasnow\n|turn|3\n|\n|t:|1788321659\n|move|p1b: Abomasnow|Protect|p1b: Abomasnow\n|-singleturn|p1b: Abomasnow|Protect\n|move|p2b: Bob6|Dark Pulse|p1a: Arcanine\n|-enditem|p1a: Arcanine|Focus Sash\n|-damage|p1a: Arcanine|1/100\n|cant|p1a: Arcanine|flinch\n|move|p2a: Bob6|Blaze Kick|p1b: Abomasnow\n|-activate|p1b: Abomasnow|move: Protect\n|\n|-weather|Snowscape|[upkeep]\n|-ability|p2a: Bob6|Speed Boost|boost\n|-boost|p2a: Bob6|spe|1\n|upkeep\n|turn|4\n|\n|t:|1788321680\n|move|p1b: Abomasnow|Protect|p1b: Abomasnow\n|-singleturn|p1b: Abomasnow|Protect\n|move|p2a: Bob6|Blaze Kick|p1b: Abomasnow\n|-activate|p1b: Abomasnow|move: Protect\n|move|p2b: Bob6|Dark Pulse|p1a: Arcanine\n|-damage|p1a: Arcanine|0 fnt\n|faint|p1a: Arcanine\n|\n|-weather|Snowscape|[upkeep]\n|-ability|p2a: Bob6|Speed Boost|boost\n|-boost|p2a: Bob6|spe|1\n|upkeep\n|\n|t:|1788321682\n|switch|p1a: Farigiraf|Farigiraf, L50, F|100/100\n|turn|5\n|\n|t:|1788321691\n|move|p1b: Abomasnow|Protect||[still]\n|-fail|p1b: Abomasnow\n|move|p2a: Bob6|Blaze Kick|p1b: Abomasnow\n|-supereffective|p1b: Abomasnow|2\n|-damage|p1b: Abomasnow|0 fnt\n|faint|p1b: Abomasnow\n|move|p2b: Bob6|Dark Pulse|p1a: Farigiraf\n|-supereffective|p1a: Farigiraf|1\n|-enditem|p1a: Farigiraf|Colbur Berry|[eat]\n|-enditem|p1a: Farigiraf|Colbur Berry|[weaken]\n|-damage|p1a: Farigiraf|8/100\n|move|p1a: Farigiraf|Trick Room|p1a: Farigiraf\n|-fieldstart|move: Trick Room|[of] p1a: Farigiraf\n|\n|-weather|Snowscape|[upkeep]\n|-ability|p2a: Bob6|Speed Boost|boost\n|-boost|p2a: Bob6|spe|1\n|upkeep\n|turn|6\n|c|☆CosmicMD|ggwp\n|\n|t:|1788321705\n|move|p1a: Farigiraf|Psychic|p2a: Bob6\n|-supereffective|p2a: Bob6|1\n|-damage|p2a: Bob6|0 fnt\n|faint|p2a: Bob6\n|move|p2b: Bob6|Dark Pulse|p1a: Farigiraf\n|-supereffective|p1a: Farigiraf|1\n|-damage|p1a: Farigiraf|0 fnt\n|faint|p1a: Farigiraf\n|\n|win|meta_the_best\n|raw|CosmicMD's rating: 1134 &rarr; <strong>1101</strong><br />(-33 for losing)\n|raw|meta_the_best's rating: 1015 &rarr; <strong>1065</strong><br />(+50 for winning)\n|l|☆CosmicMD\n|player|p1|\n","uploadtime":1788321716,"views":"13","formatid":"gen9championsvgc2026regmb","rating":1065,"private":0,"password":null}