{"id":"gen9championsvgc2026regmb-2675021476","format":"[Gen 9 Champions] VGC 2026 Reg M-B","players":["KingTurtle21","nsjxbdn"],"log":"|j|☆KingTurtle21\n|j|☆nsjxbdn\n|t:|1788449651\n|gametype|doubles\n|player|p1|KingTurtle21|elesa-gen5bw2|1243\n|player|p2|nsjxbdn|steven|1147\n|gen|9\n|tier|[Gen 9 Champions] VGC 2026 Reg M-B\n|rated|\n|rule|Species Clause: Limit one of each Pokémon\n|rule|Item Clause: Limit 1 of each item\n|clearpoke\n|poke|p1|Froslass, L50, F|\n|poke|p1|Sneasler, L50, M|\n|poke|p1|Basculegion, L50, M|\n|poke|p1|Dragonite, L50, M|\n|poke|p1|Garchomp, L50, F|\n|poke|p1|Kingambit, L50, M|\n|poke|p2|Absol, L50, M|\n|poke|p2|Heliolisk, L50, F|\n|poke|p2|Whimsicott, L50, F, shiny|\n|poke|p2|Lucario, L50, M, shiny|\n|poke|p2|Aerodactyl, L50, F, shiny|\n|poke|p2|Basculegion, L50, M|\n|teampreview|4\n|inactive|Battle timer is ON: inactive players will automatically lose when time's up. (requested by KingTurtle21)\n|\n|t:|1788449670\n|teamsize|p1|4\n|teamsize|p2|4\n|start\n|switch|p1a: Dragonite|Dragonite, L50, M|100/100\n|switch|p1b: Sneasler|Sneasler, L50, M|100/100\n|switch|p2a: Heliolisk|Heliolisk, L50, F|100/100\n|switch|p2b: Whimsicott|Whimsicott, L50, F, shiny|100/100\n|turn|1\n|\n|t:|1788449695\n|detailschange|p1a: Dragonite|Dragonite-Mega, L50, M\n|-mega|p1a: Dragonite|Dragonite|Dragoninite\n|move|p1b: Sneasler|Fake Out|p2b: Whimsicott\n|-damage|p2b: Whimsicott|80/100\n|move|p2a: Heliolisk|Shed Tail|p2a: Heliolisk\n|-start|p2a: Heliolisk|Substitute|[from] move: Shed Tail\n|-damage|p2a: Heliolisk|50/100y\n|\n|t:|1788449702\n|switch|p2a: Absol|Absol, L50, M|100/100|[from] Shed Tail\n|cant|p2b: Whimsicott|flinch\n|move|p1a: Dragonite|Tailwind|p1a: Dragonite\n|-sidestart|p1: KingTurtle21|move: Tailwind\n|\n|upkeep\n|turn|2\n|inactive|KingTurtle21 has 30 seconds left.\n|\n|t:|1788449727\n|detailschange|p2a: Absol|Absol-Mega, L50, M\n|-mega|p2a: Absol|Absol|Absolite\n|move|p2b: Whimsicott|Protect|p2b: Whimsicott\n|-singleturn|p2b: Whimsicott|Protect\n|move|p1b: Sneasler|Dire Claw|p2b: Whimsicott\n|-activate|p2b: Whimsicott|move: Protect\n|move|p1a: Dragonite|Heat Wave|p2a: Absol|[spread] p2a\n|-activate|p2b: Whimsicott|move: Protect\n|-end|p2a: Absol|Substitute\n|move|p2a: Absol|Play Rough|p1a: Dragonite\n|-supereffective|p1a: Dragonite|1\n|-damage|p1a: Dragonite|65/100\n|-unboost|p1a: Dragonite|atk|1\n|\n|upkeep\n|turn|3\n|inactive|nsjxbdn has 30 seconds left.\n|\n|t:|1788449754\n|move|p2a: Absol|Sucker Punch|p1a: Dragonite\n|-damage|p1a: Dragonite|22/100\n|move|p1b: Sneasler|Close Combat|p2a: Absol\n|-supereffective|p2a: Absol|1\n|-damage|p2a: Absol|0 fnt\n|-unboost|p1b: Sneasler|def|1\n|-unboost|p1b: Sneasler|spd|1\n|faint|p2a: Absol\n|move|p1a: Dragonite|Heat Wave|p2b: Whimsicott|[miss]\n|-miss|p1a: Dragonite|p2b: Whimsicott\n|move|p2b: Whimsicott|Moonblast|p1b: Sneasler\n|-damage|p1b: Sneasler|40/100\n|\n|upkeep\n|\n|t:|1788449758\n|switch|p2a: Heliolisk|Heliolisk, L50, F|50/100y\n|turn|4\n|\n|t:|1788449774\n|move|p1b: Sneasler|Dire Claw|p2a: Heliolisk\n|-damage|p2a: Heliolisk|0 fnt\n|faint|p2a: Heliolisk\n|move|p1a: Dragonite|Heat Wave|p2b: Whimsicott\n|-supereffective|p2b: Whimsicott|1\n|-damage|p2b: Whimsicott|0 fnt\n|faint|p2b: Whimsicott\n|\n|-sideend|p1: KingTurtle21|move: Tailwind\n|upkeep\n|\n|t:|1788449782\n|switch|p2b: Basculegion|Basculegion, L50, M|100/100\n|turn|5\n|\n|t:|1788449802\n|move|p1b: Sneasler|Dire Claw|p2b: Basculegion\n|-resisted|p2b: Basculegion|1\n|-damage|p2b: Basculegion|77/100\n|-status|p2b: Basculegion|par\n|move|p1a: Dragonite|Dragon Pulse|p2b: Basculegion\n|-damage|p2b: Basculegion|30/100 par\n|move|p2b: Basculegion|Last Respects|p1a: Dragonite\n|-damage|p1a: Dragonite|0 fnt\n|faint|p1a: Dragonite\n|\n|upkeep\n|\n|t:|1788449805\n|switch|p1a: Kingambit|Kingambit, L50, M|100/100\n|turn|6\n|\n|t:|1788449816\n|move|p1a: Kingambit|Sucker Punch|p2b: Basculegion\n|-supereffective|p2b: Basculegion|1\n|-damage|p2b: Basculegion|0 fnt\n|faint|p2b: Basculegion\n|\n|win|KingTurtle21\n|raw|KingTurtle21's rating: 1243 &rarr; <strong>1261</strong><br />(+18 for winning)\n|raw|nsjxbdn's rating: 1147 &rarr; <strong>1129</strong><br />(-18 for losing)\n|l|☆nsjxbdn\n|player|p2|\n","uploadtime":1788449823,"views":"1","formatid":"gen9championsvgc2026regmb","rating":1129,"private":0,"password":null}