{"id":"gen9championsvgc2026regmbbo3-2673885520","format":"[Gen 9 Champions] VGC 2026 Reg M-B (Bo3)","players":["knullify","Joriot"],"log":"|j|☆knullify\n|j|☆Joriot\n|html|<table width=\"100%\"><tr><td align=\"left\">knullify</td><td align=\"right\">Joriot</tr><tr><td align=\"left\"><i class=\"fa fa-circle-o\"></i> <i class=\"fa fa-circle-o\"></i> </td><td align=\"right\"><i class=\"fa fa-circle-o\"></i> <i class=\"fa fa-circle-o\"></i> </tr></table>\n|uhtml|bestof|<h2><strong>Game 1</strong> of <a href=\"/game-bestof3-gen9championsvgc2026regmbbo3-2673885519\">a best-of-3</a></h2>\n|t:|1788273004\n|gametype|doubles\n|player|p1|knullify|shelly|1249\n|player|p2|Joriot|265|1221\n|gen|9\n|tier|[Gen 9 Champions] VGC 2026 Reg M-B (Bo3)\n|rated|\n|rule|Species Clause: Limit one of each Pokémon\n|rule|Item Clause: Limit 1 of each item\n|clearpoke\n|poke|p1|Kingambit, L50, M, shiny|\n|poke|p1|Arcanine-Hisui, L50, M, shiny|\n|poke|p1|Whimsicott, L50, M, shiny|\n|poke|p1|Sylveon, L50, F, shiny|\n|poke|p1|Raichu, L50, M, shiny|\n|poke|p1|Staraptor, L50, F, shiny|\n|poke|p2|Ninetales-Alola, L50, F, shiny|\n|poke|p2|Incineroar, L50, F|\n|poke|p2|Dragonite, L50, F, shiny|\n|poke|p2|Sneasler, L50, F|\n|poke|p2|Gengar, L50, M, shiny|\n|poke|p2|Swampert, L50, M|\n|teampreview|4\n|showteam|p1|Kingambit||LifeOrb|Defiant|Protect,IronHead,SuckerPunch,KowtowCleave|Adamant||M|||50|]Arcanine-Hisui||FocusSash|RockHead|HeadSmash,FlareBlitz,Protect,ExtremeSpeed|Jolly||M|||50|]Whimsicott||OccaBerry|Prankster|Tailwind,Protect,Moonblast,Charm|Timid||M|||50|]Sylveon||FairyFeather|Pixilate|Detect,CalmMind,HyperBeam,HyperVoice|Modest||F|||50|]Raichu||RaichuniteY|LightningRod|FocusBlast,ZapCannon,Protect,FakeOut|Timid||M|||50|]Staraptor||Staraptite|Intimidate|Protect,CloseCombat,Roost,BraveBird|Jolly||F|||50|\n|showteam|p2|Ninetales-Alola||ChoiceScarf|SnowWarning|Blizzard,FreezeDry,IcyWind,Encore|Timid||F|||50|]Incineroar||SitrusBerry|Intimidate|FlareBlitz,ThroatChop,FakeOut,PartingShot|Impish||F|||50|]Dragonite||LifeOrb|InnerFocus|DragonClaw,Superpower,ExtremeSpeed,Protect|Adamant||F|||50|]Sneasler||FocusSash|Unburden|CloseCombat,DireClaw,RockSlide,Protect|Adamant||F|||50|]Gengar||Gengarite|CursedBody|SludgeBomb,ShadowBall,Substitute,Protect|Timid||M|||50|]Swampert||Leftovers|Torrent|HighHorsepower,FlipTurn,Yawn,Protect|Relaxed||M|||50|\n|\n|t:|1788273076\n|teamsize|p1|4\n|teamsize|p2|4\n|start\n|switch|p1a: Whimsicott|Whimsicott, L50, M, shiny|100/100\n|switch|p1b: Staraptor|Staraptor, L50, F, shiny|100/100\n|switch|p2a: Swampert|Swampert, L50, M|100/100\n|switch|p2b: Gengar|Gengar, L50, M, shiny|100/100\n|-ability|p1b: Staraptor|Intimidate|boost\n|-unboost|p2a: Swampert|atk|1\n|-unboost|p2b: Gengar|atk|1\n|turn|1\n|\n|t:|1788273112\n|detailschange|p2b: Gengar|Gengar-Mega, L50, M, shiny\n|-mega|p2b: Gengar|Gengar|Gengarite\n|detailschange|p1b: Staraptor|Staraptor-Mega, L50, F, shiny\n|-mega|p1b: Staraptor|Staraptor|Staraptite\n|move|p1b: Staraptor|Protect|p1b: Staraptor\n|-singleturn|p1b: Staraptor|Protect\n|move|p2b: Gengar|Substitute|p2b: Gengar\n|-start|p2b: Gengar|Substitute\n|-damage|p2b: Gengar|75/100\n|move|p1a: Whimsicott|Moonblast|p2a: Swampert\n|-damage|p2a: Swampert|75/100\n|move|p2a: Swampert|Yawn|p1b: Staraptor\n|-activate|p1b: Staraptor|move: Protect\n|\n|-heal|p2a: Swampert|81/100|[from] item: Leftovers\n|upkeep\n|turn|2\n|\n|t:|1788273166\n|move|p1a: Whimsicott|Charm|p1b: Staraptor\n|-boost|p1b: Staraptor|atk|2\n|move|p2b: Gengar|Sludge Bomb|p1b: Staraptor\n|-damage|p1b: Staraptor|41/100\n|move|p1b: Staraptor|Close Combat|p2a: Swampert\n|-damage|p2a: Swampert|0 fnt\n|-boost|p1b: Staraptor|def|1\n|-boost|p1b: Staraptor|spd|1\n|faint|p2a: Swampert\n|\n|upkeep\n|\n|t:|1788273177\n|switch|p2a: Incineroar|Incineroar, L50, F|100/100\n|-ability|p2a: Incineroar|Intimidate|boost\n|-unboost|p1a: Whimsicott|atk|1\n|-boost|p1b: Staraptor|atk|1\n|turn|3\n|\n|t:|1788273205\n|move|p1a: Whimsicott|Protect|p1a: Whimsicott\n|-singleturn|p1a: Whimsicott|Protect\n|move|p1b: Staraptor|Protect|p1b: Staraptor\n|-singleturn|p1b: Staraptor|Protect\n|move|p2a: Incineroar|Fake Out|p1a: Whimsicott\n|-activate|p1a: Whimsicott|move: Protect\n|move|p2b: Gengar|Sludge Bomb|p1b: Staraptor\n|-activate|p1b: Staraptor|move: Protect\n|\n|upkeep\n|turn|4\n|\n|t:|1788273218\n|switch|p2a: Dragonite|Dragonite, L50, F, shiny|100/100\n|move|p1a: Whimsicott|Tailwind|p1a: Whimsicott\n|-sidestart|p1: knullify|move: Tailwind\n|move|p1b: Staraptor|Close Combat|p2a: Dragonite\n|-resisted|p2a: Dragonite|1\n|-damage|p2a: Dragonite|32/100\n|-boost|p1b: Staraptor|def|1\n|-boost|p1b: Staraptor|spd|1\n|move|p2b: Gengar|Sludge Bomb|p1b: Staraptor\n|-crit|p1b: Staraptor\n|-damage|p1b: Staraptor|0 fnt\n|faint|p1b: Staraptor\n|\n|upkeep\n|\n|t:|1788273225\n|switch|p1b: Arcanine|Arcanine-Hisui, L50, M, shiny|100/100\n|turn|5\n|\n|t:|1788273254\n|switch|p2a: Incineroar|Incineroar, L50, F|100/100\n|-ability|p2a: Incineroar|Intimidate|boost\n|-unboost|p1a: Whimsicott|atk|1\n|-unboost|p1b: Arcanine|atk|1\n|move|p1a: Whimsicott|Moonblast|p2a: Incineroar\n|-damage|p2a: Incineroar|73/100\n|move|p1b: Arcanine|Flare Blitz|p2b: Gengar\n|-end|p2b: Gengar|Substitute\n|move|p2b: Gengar|Sludge Bomb|p1a: Whimsicott\n|-supereffective|p1a: Whimsicott|2\n|-damage|p1a: Whimsicott|0 fnt\n|faint|p1a: Whimsicott\n|\n|upkeep\n|\n|t:|1788273265\n|switch|p1a: Sylveon|Sylveon, L50, F, shiny|100/100\n|turn|6\n|\n|t:|1788273288\n|move|p1b: Arcanine|Protect|p1b: Arcanine\n|-singleturn|p1b: Arcanine|Protect\n|move|p1a: Sylveon|Detect|p1a: Sylveon\n|-singleturn|p1a: Sylveon|Protect\n|move|p2a: Incineroar|Fake Out|p1b: Arcanine\n|-activate|p1b: Arcanine|move: Protect\n|move|p2b: Gengar|Substitute|p2b: Gengar\n|-start|p2b: Gengar|Substitute\n|-damage|p2b: Gengar|50/100g\n|\n|upkeep\n|turn|7\n|\n|t:|1788273314\n|move|p1b: Arcanine|Head Smash|p2a: Incineroar\n|-supereffective|p2a: Incineroar|1\n|-damage|p2a: Incineroar|0 fnt\n|faint|p2a: Incineroar\n|move|p1a: Sylveon|Hyper Voice|p2b: Gengar\n|-resisted|p2b: Gengar|1\n|-damage|p2b: Gengar|16/100\n|move|p2b: Gengar|Sludge Bomb|p1a: Sylveon\n|-supereffective|p1a: Sylveon|1\n|-damage|p1a: Sylveon|17/100\n|-status|p1a: Sylveon|psn\n|\n|-damage|p1a: Sylveon|4/100 psn|[from] psn\n|-sideend|p1: knullify|move: Tailwind\n|upkeep\n|\n|t:|1788273325\n|switch|p2a: Dragonite|Dragonite, L50, F, shiny|32/100\n|turn|8\n|\n|t:|1788273351\n|move|p2b: Gengar|Protect|p2b: Gengar\n|-singleturn|p2b: Gengar|Protect\n|move|p2a: Dragonite|Protect|p2a: Dragonite\n|-singleturn|p2a: Dragonite|Protect\n|move|p1b: Arcanine|Flare Blitz|p2b: Gengar\n|-activate|p2b: Gengar|move: Protect\n|move|p1a: Sylveon|Hyper Voice|p2b: Gengar|[spread] \n|-activate|p2a: Dragonite|move: Protect\n|-activate|p2b: Gengar|move: Protect\n|\n|-damage|p1a: Sylveon|0 fnt|[from] psn\n|faint|p1a: Sylveon\n|upkeep\n|turn|9\n|\n|t:|1788273381\n|move|p1b: Arcanine|Extreme Speed|p2a: Dragonite\n|-damage|p2a: Dragonite|16/100\n|move|p2b: Gengar|Shadow Ball|p1b: Arcanine\n|-damage|p1b: Arcanine|39/100\n|move|p2a: Dragonite|Superpower|p1b: Arcanine\n|-supereffective|p1b: Arcanine|1\n|-damage|p1b: Arcanine|0 fnt\n|-unboost|p2a: Dragonite|atk|1\n|-unboost|p2a: Dragonite|def|1\n|faint|p1b: Arcanine\n|-damage|p2a: Dragonite|7/100|[from] item: Life Orb\n|\n|win|Joriot\n||knullify is ready for game 2.\n|inactive|Joriot has 30 seconds to confirm battle start!\n||Joriot is ready for game 2.\n|uhtml|next|Next: <a href=\"/battle-gen9championsvgc2026regmbbo3-2673888640\"><strong>Game 2 of 3</strong></a>\n|l|☆knullify\n|player|p1|\n","uploadtime":1788273857,"views":"0","formatid":"gen9championsvgc2026regmbbo3","rating":null,"private":0,"password":null}