{"id":"gen9championsvgc2026regmb-2674920612","format":"[Gen 9 Champions] VGC 2026 Reg M-B","players":["Orizor","StarboardVGC"],"log":"|j|☆Orizor\n|j|☆StarboardVGC\n|t:|1788436151\n|gametype|doubles\n|player|p1|Orizor|hilbert-wonderlauncher|1514\n|player|p2|StarboardVGC|170|1569\n|gen|9\n|tier|[Gen 9 Champions] VGC 2026 Reg M-B\n|rated|\n|rule|Species Clause: Limit one of each Pokémon\n|rule|Item Clause: Limit 1 of each item\n|clearpoke\n|poke|p1|Charizard, L50, M|\n|poke|p1|Heliolisk, L50, M|\n|poke|p1|Garchomp, L50, F|\n|poke|p1|Kingambit, L50, M|\n|poke|p1|Basculegion, L50, M|\n|poke|p1|Whimsicott, L50, F|\n|poke|p2|Raichu, L50, M|\n|poke|p2|Kingambit, L50, F|\n|poke|p2|Basculegion, L50, M|\n|poke|p2|Aerodactyl, L50, F|\n|poke|p2|Sneasler, L50, F|\n|poke|p2|Sylveon, L50, F|\n|teampreview|4\n|inactive|Battle timer is ON: inactive players will automatically lose when time's up. (requested by StarboardVGC)\n|l|☆Orizor\n|inactive|Orizor disconnected and has a minute to reconnect!\n|player|p1|\n|j|☆Orizor\n|inactive|Orizor reconnected and has 75 seconds left.\n|player|p1|Orizor|hilbert-wonderlauncher|\n|inactive|StarboardVGC has 60 seconds left.\n|\n|t:|1788436185\n|teamsize|p1|4\n|teamsize|p2|4\n|start\n|switch|p1a: Garchomp|Garchomp, L50, F|100/100\n|switch|p1b: Whimsicott|Whimsicott, L50, F|100/100\n|switch|p2a: Aerodactyl|Aerodactyl, L50, F|100/100\n|switch|p2b: Sylveon|Sylveon, L50, F|100/100\n|-ability|p2a: Aerodactyl|Unnerve\n|turn|1\n|\n|t:|1788436201\n|move|p1b: Whimsicott|Tailwind|p1b: Whimsicott\n|-sidestart|p1: Orizor|move: Tailwind\n|move|p1a: Garchomp|Rock Slide|p2a: Aerodactyl|[spread] p2a,p2b\n|-supereffective|p2a: Aerodactyl|1\n|-damage|p2a: Aerodactyl|24/100\n|-damage|p2b: Sylveon|71/100\n|-damage|p1a: Garchomp|90/100|[from] item: Life Orb\n|cant|p2a: Aerodactyl|flinch\n|move|p2b: Sylveon|Hyper Voice|p1b: Whimsicott|[spread] p1a,p1b\n|-supereffective|p1a: Garchomp|1\n|-damage|p1a: Garchomp|0 fnt\n|-damage|p1b: Whimsicott|18/100\n|faint|p1a: Garchomp\n|\n|upkeep\n|l|☆Orizor\n|inactive|Orizor disconnected and has a minute to reconnect!\n|player|p1|\n|j|☆Orizor\n|inactive|Orizor reconnected and has 45 seconds left.\n|player|p1|Orizor|hilbert-wonderlauncher|\n|\n|t:|1788436216\n|switch|p1a: Charizard|Charizard, L50, M|100/100\n|turn|2\n|l|☆Orizor\n|inactive|Orizor disconnected and has a minute to reconnect!\n|player|p1|\n|j|☆Orizor\n|inactive|Orizor reconnected.\n|player|p1|Orizor|hilbert-wonderlauncher|\n|\n|t:|1788436239\n|detailschange|p1a: Charizard|Charizard-Mega-Y, L50, M\n|-mega|p1a: Charizard|Charizard|Charizardite Y\n|-weather|SunnyDay|[from] ability: Drought|[of] p1a: Charizard\n|move|p2a: Aerodactyl|Protect|p2a: Aerodactyl\n|-singleturn|p2a: Aerodactyl|Protect\n|move|p2b: Sylveon|Quick Attack|p1b: Whimsicott\n|-damage|p1b: Whimsicott|0 fnt\n|faint|p1b: Whimsicott\n|move|p1a: Charizard|Weather Ball|p2b: Sylveon\n|-damage|p2b: Sylveon|0 fnt\n|faint|p2b: Sylveon\n|\n|-weather|SunnyDay|[upkeep]\n|upkeep\n|j| altcrvstal_K!tty\n|\n|t:|1788436254\n|switch|p1b: Heliolisk|Heliolisk, L50, M|100/100\n|switch|p2b: Sneasler|Sneasler, L50, F|100/100\n|turn|3\n|\n|t:|1788436264\n|detailschange|p2a: Aerodactyl|Aerodactyl-Mega, L50, F\n|-mega|p2a: Aerodactyl|Aerodactyl|Aerodactylite\n|move|p2b: Sneasler|Fake Out|p1a: Charizard\n|-damage|p1a: Charizard|82/100\n|move|p1b: Heliolisk|Weather Ball|p2a: Aerodactyl\n|-resisted|p2a: Aerodactyl|1\n|-damage|p2a: Aerodactyl|0 fnt\n|faint|p2a: Aerodactyl\n|cant|p1a: Charizard|flinch\n|\n|-weather|SunnyDay|[upkeep]\n|-damage|p1b: Heliolisk|88/100|[from] ability: Solar Power|[of] p1b: Heliolisk\n|upkeep\n|\n|t:|1788436267\n|switch|p2a: Kingambit|Kingambit, L50, F|100/100\n|turn|4\n|\n|t:|1788436275\n|move|p2a: Kingambit|Protect|p2a: Kingambit\n|-singleturn|p2a: Kingambit|Protect\n|move|p1b: Heliolisk|Weather Ball|p2b: Sneasler\n|-enditem|p2b: Sneasler|Focus Sash\n|-damage|p2b: Sneasler|1/100\n|move|p1a: Charizard|Heat Wave|p2b: Sneasler|[spread] p2b\n|-activate|p2a: Kingambit|move: Protect\n|-damage|p2b: Sneasler|0 fnt\n|faint|p2b: Sneasler\n|\n|-weather|SunnyDay|[upkeep]\n|-damage|p1b: Heliolisk|76/100|[from] ability: Solar Power|[of] p1b: Heliolisk\n|-sideend|p1: Orizor|move: Tailwind\n|upkeep\n|turn|5\n|c|☆Orizor|Ggwp\n|\n|t:|1788436288\n|move|p2a: Kingambit|Sucker Punch|p1a: Charizard\n|-damage|p1a: Charizard|27/100\n|-damage|p2a: Kingambit|90/100|[from] item: Life Orb\n|move|p1b: Heliolisk|Weather Ball|p2a: Kingambit\n|-supereffective|p2a: Kingambit|1\n|-damage|p2a: Kingambit|0 fnt\n|faint|p2a: Kingambit\n|\n|win|Orizor\n|raw|Orizor's rating: 1514 &rarr; <strong>1537</strong><br />(+23 for winning)\n|raw|StarboardVGC's rating: 1569 &rarr; <strong>1546</strong><br />(-23 for losing)\n|l|☆StarboardVGC\n|player|p2|\n","uploadtime":1788436294,"views":"3","formatid":"gen9championsvgc2026regmb","rating":1537,"private":0,"password":null}