{"id":"gen9championsvgc2026regmb-2674565219","format":"[Gen 9 Champions] VGC 2026 Reg M-B","players":["Buggy00k","sdffsdsun"],"log":"|j|☆Buggy00k\n|j|☆sdffsdsun\n|t:|1788374564\n|gametype|doubles\n|player|p1|Buggy00k|101|1226\n|player|p2|sdffsdsun|266|1170\n|gen|9\n|tier|[Gen 9 Champions] VGC 2026 Reg M-B\n|rated|\n|rule|Species Clause: Limit one of each Pokémon\n|rule|Item Clause: Limit 1 of each item\n|clearpoke\n|poke|p1|Froslass, L50, F|\n|poke|p1|Blaziken, L50, M, shiny|\n|poke|p1|Kingambit, L50, F, shiny|\n|poke|p1|Primarina, L50, M, shiny|\n|poke|p1|Dragonite, L50, F, shiny|\n|poke|p1|Farigiraf, L50, F, shiny|\n|poke|p2|Charizard, L50, F|\n|poke|p2|Garchomp, L50, M|\n|poke|p2|Venusaur, L50, M|\n|poke|p2|Sylveon, L50, F|\n|poke|p2|Incineroar, L50, M|\n|poke|p2|Farigiraf, L50, M|\n|teampreview|4\n|inactive|Battle timer is ON: inactive players will automatically lose when time's up. (requested by sdffsdsun)\n|inactive|Buggy00k has 60 seconds left.\n|inactive|sdffsdsun has 60 seconds left.\n|\n|t:|1788374618\n|teamsize|p1|4\n|teamsize|p2|4\n|start\n|switch|p1a: Blaziken|Blaziken, L50, M, shiny|100/100\n|switch|p1b: Dragonite|Dragonite, L50, F, shiny|100/100\n|switch|p2a: Charizard|Charizard, L50, F|100/100\n|switch|p2b: Incineroar|Incineroar, L50, M|100/100\n|-ability|p2b: Incineroar|Intimidate|boost\n|-unboost|p1a: Blaziken|atk|1\n|-fail|p1b: Dragonite|unboost|atk|[from] ability: Inner Focus|[of] p1b: Dragonite\n|turn|1\n|c|☆Buggy00k|glhf\n|inactive|Buggy00k has 30 seconds left.\n|\n|t:|1788374644\n|switch|p2b: Sylveon|Sylveon, L50, F|100/100\n|detailschange|p1a: Blaziken|Blaziken-Mega, L50, M, shiny\n|-mega|p1a: Blaziken|Blaziken|Blazikenite\n|move|p1a: Blaziken|Detect|p1a: Blaziken\n|-singleturn|p1a: Blaziken|Protect\n|move|p1b: Dragonite|Low Kick|p2b: Sylveon\n|-resisted|p2b: Sylveon|1\n|-damage|p2b: Sylveon|90/100\n|-damage|p1b: Dragonite|90/100|[from] item: Life Orb\n|move|p2a: Charizard|Heat Wave|p1b: Dragonite|[spread] p1b\n|-activate|p1a: Blaziken|move: Protect\n|-resisted|p1b: Dragonite|1\n|-damage|p1b: Dragonite|74/100\n|\n|-ability|p1a: Blaziken|Speed Boost|boost\n|-boost|p1a: Blaziken|spe|1\n|upkeep\n|turn|2\n|\n|t:|1788374669\n|switch|p2a: Incineroar|Incineroar, L50, M|100/100\n|-ability|p2a: Incineroar|Intimidate|boost\n|-unboost|p1a: Blaziken|atk|1\n|-fail|p1b: Dragonite|unboost|atk|[from] ability: Inner Focus|[of] p1b: Dragonite\n|move|p1b: Dragonite|Extreme Speed|p2b: Sylveon\n|-damage|p2b: Sylveon|51/100\n|-damage|p1b: Dragonite|64/100|[from] item: Life Orb\n|move|p1a: Blaziken|Flare Blitz|p2b: Sylveon\n|-damage|p2b: Sylveon|13/100\n|-damage|p1a: Blaziken|86/100|[from] Recoil\n|move|p2b: Sylveon|Hyper Voice|p1b: Dragonite|[spread] p1a,p1b\n|-supereffective|p1b: Dragonite|1\n|-damage|p1a: Blaziken|24/100\n|-damage|p1b: Dragonite|0 fnt\n|faint|p1b: Dragonite\n|\n|-ability|p1a: Blaziken|Speed Boost|boost\n|-boost|p1a: Blaziken|spe|1\n|upkeep\n|\n|t:|1788374689\n|switch|p1b: Primarina|Primarina, L50, M, shiny|100/100\n|turn|3\n|\n|t:|1788374700\n|switch|p1b: Farigiraf|Farigiraf, L50, F, shiny|100/100\n|move|p2b: Sylveon|Detect|p2b: Sylveon\n|-singleturn|p2b: Sylveon|Protect\n|move|p1a: Blaziken|Flare Blitz|p2b: Sylveon\n|-activate|p2b: Sylveon|move: Protect\n|move|p2a: Incineroar|Parting Shot|p1b: Farigiraf\n|-unboost|p1b: Farigiraf|atk|1\n|-unboost|p1b: Farigiraf|spa|1\n|\n|t:|1788374712\n|switch|p2a: Garchomp|Garchomp, L50, M|100/100|[from] Parting Shot\n|\n|-ability|p1a: Blaziken|Speed Boost|boost\n|-boost|p1a: Blaziken|spe|1\n|upkeep\n|turn|4\n|\n|t:|1788374731\n|switch|p1a: Primarina|Primarina, L50, M, shiny|100/100\n|switch|p2b: Charizard|Charizard, L50, F|100/100\n|move|p2a: Garchomp|Earthquake|p1b: Farigiraf|[spread] p1a,p1b\n|-immune|p2b: Charizard\n|-damage|p1a: Primarina|64/100\n|-damage|p1b: Farigiraf|69/100\n|move|p1b: Farigiraf|Trick Room|p1b: Farigiraf\n|-fieldstart|move: Trick Room|[of] p1b: Farigiraf\n|\n|-heal|p1a: Primarina|70/100|[from] item: Leftovers\n|upkeep\n|turn|5\n|inactive|sdffsdsun has 30 seconds left.\n|\n|t:|1788374762\n|switch|p2a: Incineroar|Incineroar, L50, M|100/100\n|-ability|p2a: Incineroar|Intimidate|boost\n|-unboost|p1a: Primarina|atk|1\n|-unboost|p1b: Farigiraf|atk|1\n|detailschange|p2b: Charizard|Charizard-Mega-Y, L50, F\n|-mega|p2b: Charizard|Charizard|Charizardite Y\n|-weather|SunnyDay|[from] ability: Drought|[of] p2b: Charizard\n|move|p1b: Farigiraf|Thunderbolt|p2b: Charizard\n|-supereffective|p2b: Charizard|1\n|-damage|p2b: Charizard|71/100\n|move|p1a: Primarina|Hyper Voice|p2b: Charizard|[spread] p2a,p2b\n|-supereffective|p2a: Incineroar|1\n|-supereffective|p2b: Charizard|1\n|-damage|p2a: Incineroar|78/100\n|-damage|p2b: Charizard|48/100\n|move|p2b: Charizard|Heat Wave|p1b: Farigiraf|[spread] p1a\n|-miss|p2b: Charizard|p1b: Farigiraf\n|-resisted|p1a: Primarina|1\n|-damage|p1a: Primarina|46/100\n|\n|-weather|SunnyDay|[upkeep]\n|-heal|p1a: Primarina|52/100|[from] item: Leftovers\n|upkeep\n|turn|6\n|inactive|Buggy00k has 30 seconds left.\n|\n|t:|1788374796\n|move|p2b: Charizard|Protect|p2b: Charizard\n|-singleturn|p2b: Charizard|Protect\n|move|p1b: Farigiraf|Nasty Plot|p1b: Farigiraf\n|-boost|p1b: Farigiraf|spa|2\n|move|p2a: Incineroar|Parting Shot|p1a: Primarina\n|-unboost|p1a: Primarina|atk|1\n|-unboost|p1a: Primarina|spa|1\n|\n|t:|1788374813\n|switch|p2a: Garchomp|Garchomp, L50, M|100/100|[from] Parting Shot\n|move|p1a: Primarina|Calm Mind|p1a: Primarina\n|-boost|p1a: Primarina|spa|1\n|-boost|p1a: Primarina|spd|1\n|\n|-weather|SunnyDay|[upkeep]\n|-heal|p1a: Primarina|58/100|[from] item: Leftovers\n|upkeep\n|turn|7\n|\n|t:|1788374830\n|move|p2b: Charizard|Helping Hand|p2a: Garchomp\n|-singleturn|p2a: Garchomp|Helping Hand|[of] p2b: Charizard\n|move|p1b: Farigiraf|Thunderbolt|p2b: Charizard\n|-supereffective|p2b: Charizard|1\n|-damage|p2b: Charizard|0 fnt\n|faint|p2b: Charizard\n|move|p1a: Primarina|Moonblast|p2a: Garchomp\n|-supereffective|p2a: Garchomp|1\n|-damage|p2a: Garchomp|13/100\n|move|p2a: Garchomp|Earthquake|p1b: Farigiraf|[spread] p1a,p1b\n|-crit|p1a: Primarina\n|-damage|p1a: Primarina|0 fnt\n|-damage|p1b: Farigiraf|26/100\n|-enditem|p1b: Farigiraf|Sitrus Berry|[eat]\n|-heal|p1b: Farigiraf|51/100|[from] item: Sitrus Berry\n|faint|p1a: Primarina\n|\n|-weather|SunnyDay|[upkeep]\n|upkeep\n|\n|t:|1788374847\n|switch|p1a: Blaziken|Blaziken-Mega, L50, M, shiny|24/100\n|switch|p2b: Sylveon|Sylveon, L50, F|13/100\n|turn|8\n|\n|t:|1788374870\n|switch|p2a: Incineroar|Incineroar, L50, M|78/100\n|-ability|p2a: Incineroar|Intimidate|boost\n|-unboost|p1a: Blaziken|atk|1\n|-unboost|p1b: Farigiraf|atk|1\n|move|p1a: Blaziken|Detect|p1a: Blaziken\n|-singleturn|p1a: Blaziken|Protect\n|move|p2b: Sylveon|Hyper Voice|p1a: Blaziken|[spread] p1b\n|-activate|p1a: Blaziken|move: Protect\n|-damage|p1b: Farigiraf|11/100\n|move|p1b: Farigiraf|Thunderbolt|p2b: Sylveon\n|-damage|p2b: Sylveon|0 fnt\n|faint|p2b: Sylveon\n|\n|-weather|SunnyDay|[upkeep]\n|-fieldend|move: Trick Room\n|-ability|p1a: Blaziken|Speed Boost|boost\n|-boost|p1a: Blaziken|spe|1\n|upkeep\n|\n|t:|1788374881\n|switch|p2b: Garchomp|Garchomp, L50, M|13/100\n|turn|9\n|inactive|Buggy00k has 30 seconds left.\n|\n|t:|1788374915\n|move|p2b: Garchomp|Stomping Tantrum|p1a: Blaziken\n|-supereffective|p1a: Blaziken|1\n|-damage|p1a: Blaziken|0 fnt\n|faint|p1a: Blaziken\n|move|p1b: Farigiraf|Thunderbolt|p2a: Incineroar\n|-damage|p2a: Incineroar|50/100y\n|-enditem|p2a: Incineroar|Sitrus Berry|[eat]\n|-heal|p2a: Incineroar|74/100|[from] item: Sitrus Berry\n|move|p2a: Incineroar|Darkest Lariat|p1b: Farigiraf\n|-supereffective|p1b: Farigiraf|1\n|-damage|p1b: Farigiraf|0 fnt\n|faint|p1b: Farigiraf\n|\n|win|sdffsdsun\n|raw|Buggy00k's rating: 1226 &rarr; <strong>1197</strong><br />(-29 for losing)\n|raw|sdffsdsun's rating: 1170 &rarr; <strong>1199</strong><br />(+29 for winning)\n|c|☆Buggy00k|gg\n","uploadtime":1788374927,"views":"0","formatid":"gen9championsvgc2026regmb","rating":1197,"private":0,"password":null}