{"id":"gen9championsvgc2026regmbbo3-2674299182","format":"[Gen 9 Champions] VGC 2026 Reg M-B (Bo3)","players":["Joriot","kushida3416"],"log":"|j|☆Joriot\n|j|☆kushida3416\n|html|<table width=\"100%\"><tr><td align=\"left\">Joriot</td><td align=\"right\">kushida3416</tr><tr><td align=\"left\"><i class=\"fa fa-circle-o\"></i> <i class=\"fa fa-circle-o\"></i> </td><td align=\"right\"><i class=\"fa fa-circle-o\"></i> <i class=\"fa fa-circle-o\"></i> </tr></table>\n|uhtml|bestof|<h2><strong>Game 1</strong> of <a href=\"/game-bestof3-gen9championsvgc2026regmbbo3-2674299181\">a best-of-3</a></h2>\n|t:|1788335162\n|gametype|doubles\n|player|p1|Joriot|2|1270\n|player|p2|kushida3416|1|1163\n|gen|9\n|tier|[Gen 9 Champions] VGC 2026 Reg M-B (Bo3)\n|rated|\n|rule|Species Clause: Limit one of each Pokémon\n|rule|Item Clause: Limit 1 of each item\n|clearpoke\n|poke|p1|Ninetales-Alola, L50, F, shiny|\n|poke|p1|Incineroar, L50, M|\n|poke|p1|Dragonite, L50, M, shiny|\n|poke|p1|Sneasler, L50, F|\n|poke|p1|Gengar, L50, M, shiny|\n|poke|p1|Swampert, L50, F|\n|poke|p2|Froslass, L50, F|\n|poke|p2|Sneasler, L50, F|\n|poke|p2|Basculegion, L50, M|\n|poke|p2|Dragonite, L50, M|\n|poke|p2|Tsareena, L50, F|\n|poke|p2|Kingambit, L50, F|\n|teampreview|4\n|showteam|p1|Ninetales-Alola||ChoiceScarf|SnowWarning|Blizzard,FreezeDry,IcyWind,Encore|Timid||F|||50|]Incineroar||SitrusBerry|Intimidate|FlareBlitz,ThroatChop,FakeOut,PartingShot|Impish||M|||50|]Dragonite||LifeOrb|InnerFocus|DragonClaw,Superpower,ExtremeSpeed,Protect|Adamant||M|||50|]Sneasler||FocusSash|Unburden|CloseCombat,DireClaw,RockSlide,Protect|Adamant||F|||50|]Gengar||Gengarite|CursedBody|SludgeBomb,ShadowBall,Substitute,Protect|Timid||M|||50|]Swampert||Leftovers|Torrent|HighHorsepower,FlipTurn,Yawn,Protect|Relaxed||F|||50|\n|showteam|p2|Froslass||Froslassite|CursedBody|Blizzard,ShadowBall,AuroraVeil,Protect|Modest||F|||50|]Sneasler||FocusSash|Unburden|FakeOut,CloseCombat,DireClaw,Feint|Jolly||F|||50|]Basculegion||MysticWater|Adaptability|WaveCrash,AquaJet,LastRespects,Protect|Adamant||M|||50|]Dragonite||Dragoninite|Multiscale|DragonPulse,HeatWave,Tailwind,Protect|Modest||M|||50|]Tsareena||LifeOrb|QueenlyMajesty|TropKick,LowKick,TripleAxel,Protect|Adamant||F|||50|]Kingambit||ChopleBerry|Defiant|KowtowCleave,SuckerPunch,IronHead,LowKick|Adamant||F|||50|\n|\n|t:|1788335257\n|teamsize|p1|4\n|teamsize|p2|4\n|start\n|switch|p1a: Gengar|Gengar, L50, M, shiny|100/100\n|switch|p1b: Sneasler|Sneasler, L50, F|100/100\n|switch|p2a: Kingambit|Kingambit, L50, F|100/100\n|switch|p2b: Basculegion|Basculegion, L50, M|100/100\n|turn|1\n|\n|t:|1788335284\n|switch|p2a: Tsareena|Tsareena, L50, F|100/100\n|detailschange|p1a: Gengar|Gengar-Mega, L50, M, shiny\n|-mega|p1a: Gengar|Gengar|Gengarite\n|move|p1a: Gengar|Substitute|p1a: Gengar\n|-start|p1a: Gengar|Substitute\n|-damage|p1a: Gengar|75/100\n|move|p1b: Sneasler|Close Combat|p2a: Tsareena\n|-damage|p2a: Tsareena|32/100\n|-unboost|p1b: Sneasler|def|1\n|-unboost|p1b: Sneasler|spd|1\n|move|p2b: Basculegion|Wave Crash|p1a: Gengar\n|-end|p1a: Gengar|Substitute\n|-damage|p2b: Basculegion|93/100|[from] Recoil\n|\n|upkeep\n|turn|2\n|\n|t:|1788335323\n|move|p2a: Tsareena|Protect|p2a: Tsareena\n|-singleturn|p2a: Tsareena|Protect\n|move|p1a: Gengar|Shadow Ball|p2b: Basculegion\n|-supereffective|p2b: Basculegion|1\n|-damage|p2b: Basculegion|9/100\n|-unboost|p2b: Basculegion|spd|1\n|move|p1b: Sneasler|Close Combat|p2a: Tsareena\n|-activate|p2a: Tsareena|move: Protect\n|move|p2b: Basculegion|Wave Crash|p1a: Gengar\n|-damage|p1a: Gengar|0 fnt\n|faint|p1a: Gengar\n|-damage|p2b: Basculegion|0 fnt|[from] Recoil\n|faint|p2b: Basculegion\n|\n|upkeep\n|\n|t:|1788335337\n|switch|p1a: Dragonite|Dragonite, L50, M, shiny|100/100\n|switch|p2b: Froslass|Froslass, L50, F|100/100\n|turn|3\n|\n|t:|1788335375\n|switch|p1a: Ninetales|Ninetales-Alola, L50, F, shiny|100/100\n|-weather|Snowscape|[from] ability: Snow Warning|[of] p1a: Ninetales\n|detailschange|p2b: Froslass|Froslass-Mega, L50, F\n|-mega|p2b: Froslass|Froslass|Froslassite\n|move|p2b: Froslass|Blizzard|p1a: Ninetales|[spread] p1a,p1b\n|-resisted|p1a: Ninetales|1\n|-damage|p1a: Ninetales|70/100\n|-damage|p1b: Sneasler|3/100\n|move|p1b: Sneasler|Close Combat|p2a: Tsareena\n|-damage|p2a: Tsareena|0 fnt\n|-unboost|p1b: Sneasler|def|1\n|-unboost|p1b: Sneasler|spd|1\n|faint|p2a: Tsareena\n|\n|-weather|Snowscape|[upkeep]\n|upkeep\n|\n|t:|1788335390\n|switch|p2a: Kingambit|Kingambit, L50, F|100/100\n|turn|4\n|\n|t:|1788335427\n|move|p2a: Kingambit|Sucker Punch|p1b: Sneasler\n|-resisted|p1b: Sneasler|1\n|-damage|p1b: Sneasler|0 fnt\n|faint|p1b: Sneasler\n|move|p1a: Ninetales|Blizzard|p2a: Kingambit|[spread] p2a,p2b\n|-resisted|p2a: Kingambit|1\n|-resisted|p2b: Froslass|1\n|-damage|p2a: Kingambit|84/100\n|-damage|p2b: Froslass|82/100\n|move|p2b: Froslass|Blizzard|p1a: Ninetales\n|-resisted|p1a: Ninetales|1\n|-damage|p1a: Ninetales|32/100\n|\n|-weather|Snowscape|[upkeep]\n|upkeep\n|\n|t:|1788335435\n|switch|p1b: Dragonite|Dragonite, L50, M, shiny|100/100\n|turn|5\n|\n|t:|1788335447\n|move|p1a: Ninetales|Blizzard|p2b: Froslass|[spread] p2a,p2b\n|-resisted|p2a: Kingambit|1\n|-resisted|p2b: Froslass|1\n|-damage|p2a: Kingambit|70/100\n|-damage|p2b: Froslass|68/100\n|move|p2b: Froslass|Blizzard|p1b: Dragonite|[spread] p1a,p1b\n|-resisted|p1a: Ninetales|1\n|-supereffective|p1b: Dragonite|2\n|-damage|p1a: Ninetales|3/100\n|-damage|p1b: Dragonite|0 fnt\n|faint|p1b: Dragonite\n|move|p2a: Kingambit|Kowtow Cleave|p1a: Ninetales\n|-resisted|p1a: Ninetales|1\n|-damage|p1a: Ninetales|0 fnt\n|faint|p1a: Ninetales\n|\n|win|kushida3416\n||Joriot is ready for game 2.\n|inactive|kushida3416 has 30 seconds to confirm battle start!\n||kushida3416 is ready for game 2.\n|uhtml|next|Next: <a href=\"/battle-gen9championsvgc2026regmbbo3-2674300461\"><strong>Game 2 of 3</strong></a>\n|l|☆kushida3416\n|player|p2|\n","uploadtime":1788335944,"views":"1","formatid":"gen9championsvgc2026regmbbo3","rating":null,"private":0,"password":null}