{"id":"gen9championsvgc2026regmb-2674815160","format":"[Gen 9 Champions] VGC 2026 Reg M-B","players":["Bradley Broccoli","BellmanTGM"],"log":"|j|☆Bradley Broccoli\n|j|☆BellmanTGM\n|t:|1788412417\n|gametype|doubles\n|player|p1|Bradley Broccoli|lucas|1555\n|player|p2|BellmanTGM|pokefan-gen4|1536\n|gen|9\n|tier|[Gen 9 Champions] VGC 2026 Reg M-B\n|rated|\n|rule|Species Clause: Limit one of each Pokémon\n|rule|Item Clause: Limit 1 of each item\n|clearpoke\n|poke|p1|Meganium, L50, M|\n|poke|p1|Talonflame, L50, M|\n|poke|p1|Gholdengo, L50|\n|poke|p1|Glimmora, L50, M|\n|poke|p1|Garchomp, L50, M|\n|poke|p1|Froslass, L50, F|\n|poke|p2|Forretress, L50, M|\n|poke|p2|Grimmsnarl, L50, M|\n|poke|p2|Farigiraf, L50, M|\n|poke|p2|Camerupt, L50, F|\n|poke|p2|Sinistcha-Masterpiece, L50|\n|poke|p2|Incineroar, L50, M|\n|teampreview|4\n|inactive|Battle timer is ON: inactive players will automatically lose when time's up. (requested by BellmanTGM)\n|inactive|BellmanTGM has 60 seconds left.\n|\n|t:|1788412458\n|teamsize|p1|4\n|teamsize|p2|4\n|start\n|switch|p1a: Froslass|Froslass, L50, F|100/100\n|switch|p1b: Garchomp|Garchomp, L50, M|100/100\n|switch|p2a: Farigiraf|Farigiraf, L50, M|100/100\n|switch|p2b: Forretress|Forretress, L50, M|100/100\n|turn|1\n|inactive|Bradley Broccoli has 30 seconds left.\n|\n|t:|1788412485\n|detailschange|p1a: Froslass|Froslass-Mega, L50, F\n|-mega|p1a: Froslass|Froslass|Froslassite\n|-weather|Snowscape|[from] ability: Snow Warning|[of] p1a: Froslass\n|move|p1a: Froslass|Aurora Veil|p1a: Froslass\n|-sidestart|p1: Bradley Broccoli|move: Aurora Veil\n|move|p1b: Garchomp|Rock Slide|p2a: Farigiraf|[spread] p2a,p2b\n|-crit|p2a: Farigiraf\n|-crit|p2b: Forretress\n|-damage|p2a: Farigiraf|62/100\n|-damage|p2b: Forretress|73/100\n|-damage|p1b: Garchomp|90/100|[from] item: Life Orb\n|cant|p2b: Forretress|flinch\n|cant|p2a: Farigiraf|flinch\n|\n|-weather|Snowscape|[upkeep]\n|-heal|p2b: Forretress|79/100|[from] item: Leftovers\n|upkeep\n|turn|2\n|c|☆Bradley Broccoli|sorry\n|\n|t:|1788412511\n|move|p2a: Farigiraf|Protect|p2a: Farigiraf\n|-singleturn|p2a: Farigiraf|Protect\n|move|p1a: Froslass|Blizzard|p2b: Forretress|[spread] p2b\n|-activate|p2a: Farigiraf|move: Protect\n|-resisted|p2b: Forretress|1\n|-damage|p2b: Forretress|58/100\n|move|p1b: Garchomp|Rock Slide|p2b: Forretress|[spread] p2b\n|-activate|p2a: Farigiraf|move: Protect\n|-damage|p2b: Forretress|39/100\n|-damage|p1b: Garchomp|80/100|[from] item: Life Orb\n|move|p2b: Forretress|Gyro Ball|p1a: Froslass\n|-supereffective|p1a: Froslass|1\n|-damage|p1a: Froslass|58/100\n|\n|-weather|Snowscape|[upkeep]\n|-heal|p2b: Forretress|45/100|[from] item: Leftovers\n|upkeep\n|turn|3\n|inactive|Bradley Broccoli has 30 seconds left.\n|\n|t:|1788412544\n|switch|p2a: Incineroar|Incineroar, L50, M|100/100\n|-ability|p2a: Incineroar|Intimidate|boost\n|-unboost|p1a: Froslass|atk|1\n|-unboost|p1b: Garchomp|atk|1\n|move|p1a: Froslass|Blizzard|p2b: Forretress|[spread] p2a,p2b\n|-resisted|p2a: Incineroar|1\n|-resisted|p2b: Forretress|1\n|-damage|p2a: Incineroar|79/100\n|-damage|p2b: Forretress|24/100\n|-status|p2a: Incineroar|frz\n|move|p1b: Garchomp|Earthquake|p2a: Incineroar|[spread] p1a,p2a,p2b\n|-supereffective|p2a: Incineroar|1\n|-damage|p1a: Froslass|34/100\n|-damage|p2a: Incineroar|13/100 frz\n|-damage|p2b: Forretress|0 fnt\n|faint|p2b: Forretress\n|-damage|p1b: Garchomp|70/100|[from] item: Life Orb\n|\n|-weather|Snowscape|[upkeep]\n|upkeep\n|\n|t:|1788412559\n|switch|p2b: Farigiraf|Farigiraf, L50, M|62/100\n|turn|4\n|\n|t:|1788412568\n|-curestatus|p2a: Incineroar|frz|[msg]\n|move|p2a: Incineroar|Fake Out|p1b: Garchomp\n|-damage|p1b: Garchomp|61/100\n|-damage|p2a: Incineroar|1/100|[from] ability: Rough Skin|[of] p1b: Garchomp\n|move|p1a: Froslass|Blizzard|p2b: Farigiraf|[spread] p2a,p2b\n|-resisted|p2a: Incineroar|1\n|-damage|p2a: Incineroar|0 fnt\n|-damage|p2b: Farigiraf|27/100\n|-enditem|p2b: Farigiraf|Sitrus Berry|[eat]\n|-heal|p2b: Farigiraf|52/100|[from] item: Sitrus Berry\n|faint|p2a: Incineroar\n|cant|p1b: Garchomp|flinch\n|move|p2b: Farigiraf|Trick Room|p2b: Farigiraf\n|-fieldstart|move: Trick Room|[of] p2b: Farigiraf\n|\n|-weather|Snowscape|[upkeep]\n|upkeep\n|\n|t:|1788412583\n|switch|p2a: Camerupt|Camerupt, L50, F|100/100\n|turn|5\n|\n|t:|1788412599\n|detailschange|p2a: Camerupt|Camerupt-Mega, L50, F\n|-mega|p2a: Camerupt|Camerupt|Cameruptite\n|move|p1b: Garchomp|Protect|p1b: Garchomp\n|-singleturn|p1b: Garchomp|Protect\n|move|p2a: Camerupt|Heat Wave|p1b: Garchomp|[spread] p1a\n|-activate|p1b: Garchomp|move: Protect\n|-supereffective|p1a: Froslass|1\n|-damage|p1a: Froslass|0 fnt\n|faint|p1a: Froslass\n|move|p2b: Farigiraf|Psychic|p1b: Garchomp\n|-activate|p1b: Garchomp|move: Protect\n|\n|-weather|none\n|-sideend|p1: Bradley Broccoli|move: Aurora Veil\n|upkeep\n|\n|t:|1788412614\n|switch|p1a: Talonflame|Talonflame, L50, M|100/100\n|turn|6\n|\n|t:|1788412635\n|switch|p1b: Glimmora|Glimmora, L50, M|100/100\n|move|p2a: Camerupt|Earth Power|p1b: Glimmora\n|-supereffective|p1b: Glimmora|2\n|-enditem|p1b: Glimmora|Focus Sash\n|-damage|p1b: Glimmora|1/100\n|move|p2b: Farigiraf|Psychic|p1b: Glimmora\n|-supereffective|p1b: Glimmora|1\n|-damage|p1b: Glimmora|0 fnt\n|faint|p1b: Glimmora\n|move|p1a: Talonflame|Flare Blitz|p2b: Farigiraf\n|-damage|p2b: Farigiraf|4/100\n|-damage|p1a: Talonflame|76/100|[from] Recoil\n|\n|upkeep\n|\n|t:|1788412649\n|switch|p1b: Garchomp|Garchomp, L50, M|61/100\n|turn|7\n|inactive|BellmanTGM has 30 seconds left.\n|\n|t:|1788412681\n|move|p2a: Camerupt|Ancient Power|p1a: Talonflame\n|-supereffective|p1a: Talonflame|2\n|-damage|p1a: Talonflame|0 fnt\n|faint|p1a: Talonflame\n|move|p2b: Farigiraf|Psychic|p1b: Garchomp\n|-damage|p1b: Garchomp|18/100\n|move|p1b: Garchomp|Earthquake|p2a: Camerupt|[spread] p2a,p2b\n|-supereffective|p2a: Camerupt|1\n|-crit|p2b: Farigiraf\n|-damage|p2a: Camerupt|0 fnt\n|-damage|p2b: Farigiraf|0 fnt\n|faint|p2a: Camerupt\n|faint|p2b: Farigiraf\n|-damage|p1b: Garchomp|9/100|[from] item: Life Orb\n|\n|win|Bradley Broccoli\n|raw|Bradley Broccoli's rating: 1555 &rarr; <strong>1574</strong><br />(+19 for winning)\n|raw|BellmanTGM's rating: 1536 &rarr; <strong>1517</strong><br />(-19 for losing)\n|l|☆BellmanTGM\n|player|p2|\n","uploadtime":1788412701,"views":"0","formatid":"gen9championsvgc2026regmb","rating":1517,"private":0,"password":null}