{"id":"gen9championsvgc2026regmbbo3-2674129440","format":"[Gen 9 Champions] VGC 2026 Reg M-B (Bo3)","players":["eldanger10","tostine"],"log":"|j|☆eldanger10\n|j|☆tostine\n|html|<table width=\"100%\"><tr><td align=\"left\">eldanger10</td><td align=\"right\">tostine</tr><tr><td align=\"left\"><i class=\"fa fa-circle\"></i> <i class=\"fa fa-circle-o\"></i> </td><td align=\"right\"><i class=\"fa fa-circle-o\"></i> <i class=\"fa fa-circle-o\"></i> </tr></table>\n|uhtml|bestof|<h2><strong>Game 2</strong> of <a href=\"/game-bestof3-gen9championsvgc2026regmbbo3-2674127874\">a best-of-3</a></h2>\n|t:|1788303427\n|gametype|doubles\n|player|p1|eldanger10|hilda|1107\n|player|p2|tostine|170|1165\n|gen|9\n|tier|[Gen 9 Champions] VGC 2026 Reg M-B (Bo3)\n|rated|\n|rule|Species Clause: Limit one of each Pokémon\n|rule|Item Clause: Limit 1 of each item\n|clearpoke\n|poke|p1|Charizard, L50, M|\n|poke|p1|Whimsicott, L50, M|\n|poke|p1|Floette-Eternal, L50, F|\n|poke|p1|Garchomp, L50, F|\n|poke|p1|Basculegion, L50, M|\n|poke|p1|Kingambit, L50, F|\n|poke|p2|Steelix, L50, M|\n|poke|p2|Tyranitar, L50, F|\n|poke|p2|Sneasler, L50, F|\n|poke|p2|Sinistcha-Masterpiece, L50|\n|poke|p2|Talonflame, L50, M|\n|poke|p2|Rotom-Wash, L50|\n|teampreview|4\n|showteam|p1|Charizard||CharizarditeY|Blaze|HeatWave,WeatherBall,AncientPower,Protect|Timid||M|||50|]Whimsicott||FocusSash|Prankster|Moonblast,Tailwind,Encore,Protect|Timid||M|||50|]Floette-Eternal||Floettite|FlowerVeil|Moonblast,DazzlingGleam,LightofRuin,Protect|Modest||F|||50|]Garchomp||LifeOrb|RoughSkin|DragonClaw,Earthquake,RockSlide,Protect|Jolly||F|||50|]Basculegion||ColburBerry|SwiftSwim|WaveCrash,LastRespects,AquaJet,Protect|Adamant||M|||50|]Kingambit||OccaBerry|Defiant|KowtowCleave,SuckerPunch,IronHead,LowKick|Adamant||F|||50|\n|showteam|p2|Steelix||Steelixite|Sturdy|HighHorsepower,HeavySlam,WideGuard,Protect|Adamant||M|||50|]Tyranitar||Tyranitarite|SandStream|RockSlide,KnockOff,Protect,DragonDance|Adamant||F|||50|]Sneasler||WhiteHerb|Unburden|FakeOut,CloseCombat,DireClaw,Protect|Jolly||F|||50|]Sinistcha-Masterpiece||SitrusBerry|Hospitality|MatchaGotcha,RagePowder,TrickRoom,Protect|Relaxed|||||50|]Talonflame||SharpBeak|GaleWings|FlareBlitz,BraveBird,SwordsDance,Protect|Jolly||M|||50|]Rotom-Wash||Leftovers|Levitate|Thunderbolt,HydroPump,WillOWisp,Protect|Modest|||||50|\n|inactive|Battle timer is ON: inactive players will automatically lose when time's up. (requested by eldanger10)\n|\n|t:|1788303458\n|teamsize|p1|4\n|teamsize|p2|4\n|start\n|switch|p1a: Basculegion|Basculegion, L50, M|100/100\n|switch|p1b: Whimsicott|Whimsicott, L50, M|100/100\n|switch|p2a: Talonflame|Talonflame, L50, M|100/100\n|switch|p2b: Rotom|Rotom-Wash, L50|100/100\n|turn|1\n|\n|t:|1788303479\n|move|p2a: Talonflame|Protect|p2a: Talonflame\n|-singleturn|p2a: Talonflame|Protect\n|move|p1a: Basculegion|Protect|p1a: Basculegion\n|-singleturn|p1a: Basculegion|Protect\n|move|p1b: Whimsicott|Tailwind|p1b: Whimsicott\n|-sidestart|p1: eldanger10|move: Tailwind\n|move|p2b: Rotom|Thunderbolt|p1a: Basculegion\n|-activate|p1a: Basculegion|move: Protect\n|\n|upkeep\n|turn|2\n|inactive|eldanger10 has 30 seconds left.\n|inactive|tostine has 30 seconds left.\n|inactive|eldanger10 has 20 seconds left.\n|inactive|eldanger10 has 15 seconds left.\n|\n|t:|1788303521\n|switch|p1a: Garchomp|Garchomp, L50, F|100/100\n|switch|p2a: Tyranitar|Tyranitar, L50, F|100/100\n|-weather|Sandstorm|[from] ability: Sand Stream|[of] p2a: Tyranitar\n|move|p1b: Whimsicott|Encore|p2a: Tyranitar\n|-hint|Since gen 7, Dark is immune to Prankster moves.\n|-immune|p2a: Tyranitar\n|move|p2b: Rotom|Thunderbolt|p1a: Garchomp\n|-immune|p1a: Garchomp\n|\n|-weather|Sandstorm|[upkeep]\n|-damage|p1b: Whimsicott|94/100|[from] Sandstorm\n|-damage|p2b: Rotom|94/100|[from] Sandstorm\n|-heal|p2b: Rotom|100/100|[from] item: Leftovers\n|upkeep\n|turn|3\n|inactive|tostine has 30 seconds left.\n|\n|t:|1788303555\n|move|p2a: Tyranitar|Protect|p2a: Tyranitar\n|-singleturn|p2a: Tyranitar|Protect\n|move|p1b: Whimsicott|Encore|p2b: Rotom\n|-start|p2b: Rotom|Encore\n|move|p1a: Garchomp|Rock Slide|p2a: Tyranitar|[spread] p2b\n|-activate|p2a: Tyranitar|move: Protect\n|-crit|p2b: Rotom\n|-damage|p2b: Rotom|61/100\n|-damage|p1a: Garchomp|90/100|[from] item: Life Orb\n|move|p2b: Rotom|Thunderbolt|p1b: Whimsicott\n|-resisted|p1b: Whimsicott|1\n|-damage|p1b: Whimsicott|60/100\n|\n|-weather|Sandstorm|[upkeep]\n|-damage|p1b: Whimsicott|54/100|[from] Sandstorm\n|-damage|p2b: Rotom|56/100|[from] Sandstorm\n|-heal|p2b: Rotom|61/100|[from] item: Leftovers\n|upkeep\n|turn|4\n|inactive|tostine has 30 seconds left.\n|inactive|tostine has 20 seconds left.\n|inactive|tostine has 15 seconds left.\n|inactive|tostine has 10 seconds left.\n|inactive|tostine has 5 seconds left.\n|\n|t:|1788303610\n|move|p1b: Whimsicott|Protect|p1b: Whimsicott\n|-singleturn|p1b: Whimsicott|Protect\n|move|p1a: Garchomp|Earthquake|p2a: Tyranitar|[spread] p2a\n|-activate|p1b: Whimsicott|move: Protect\n|-immune|p2b: Rotom|[from] ability: Levitate\n|-supereffective|p2a: Tyranitar|1\n|-damage|p2a: Tyranitar|32/100\n|-damage|p1a: Garchomp|80/100|[from] item: Life Orb\n|move|p2b: Rotom|Thunderbolt|p1b: Whimsicott\n|-activate|p1b: Whimsicott|move: Protect\n|move|p2a: Tyranitar|Rock Slide|p1a: Garchomp|[spread] p1a\n|-activate|p1b: Whimsicott|move: Protect\n|-resisted|p1a: Garchomp|1\n|-damage|p1a: Garchomp|66/100\n|\n|-weather|Sandstorm|[upkeep]\n|-damage|p1b: Whimsicott|48/100|[from] Sandstorm\n|-damage|p2b: Rotom|56/100|[from] Sandstorm\n|-heal|p2b: Rotom|61/100|[from] item: Leftovers\n|-sideend|p1: eldanger10|move: Tailwind\n|upkeep\n|turn|5\n|\n|t:|1788303635\n|move|p1b: Whimsicott|Tailwind|p1b: Whimsicott\n|-sidestart|p1: eldanger10|move: Tailwind\n|move|p1a: Garchomp|Dragon Claw|p2b: Rotom\n|-damage|p2b: Rotom|11/100\n|-damage|p1a: Garchomp|56/100|[from] item: Life Orb\n|move|p2b: Rotom|Thunderbolt|p1b: Whimsicott\n|-resisted|p1b: Whimsicott|1\n|-damage|p1b: Whimsicott|9/100\n|move|p2a: Tyranitar|Rock Slide|p1a: Garchomp|[spread] p1a,p1b\n|-resisted|p1a: Garchomp|1\n|-crit|p1a: Garchomp\n|-damage|p1a: Garchomp|32/100\n|-damage|p1b: Whimsicott|0 fnt\n|faint|p1b: Whimsicott\n|\n|-weather|Sandstorm|[upkeep]\n|-damage|p2b: Rotom|5/100|[from] Sandstorm\n|-heal|p2b: Rotom|11/100|[from] item: Leftovers\n|-end|p2b: Rotom|Encore\n|upkeep\n|\n|t:|1788303646\n|switch|p1b: Basculegion|Basculegion, L50, M|100/100\n|turn|6\n|\n|t:|1788303653\n|move|p2b: Rotom|Protect|p2b: Rotom\n|-singleturn|p2b: Rotom|Protect\n|move|p2a: Tyranitar|Protect|p2a: Tyranitar\n|-singleturn|p2a: Tyranitar|Protect\n|move|p1a: Garchomp|Dragon Claw|p2b: Rotom\n|-activate|p2b: Rotom|move: Protect\n|move|p1b: Basculegion|Wave Crash|p2a: Tyranitar\n|-activate|p2a: Tyranitar|move: Protect\n|\n|-weather|none\n|-heal|p2b: Rotom|17/100|[from] item: Leftovers\n|upkeep\n|turn|7\n|inactive|tostine has 30 seconds left.\n|inactive|tostine has 20 seconds left.\n|inactive|tostine has 15 seconds left.\n|inactive|tostine has 10 seconds left.\n|\n|t:|1788303699\n|switch|p2b: Steelix|Steelix, L50, M|100/100\n|switch|p2a: Talonflame|Talonflame, L50, M|100/100\n|move|p1a: Garchomp|Rock Slide|p2a: Talonflame|[spread] p2a,p2b\n|-supereffective|p2a: Talonflame|2\n|-resisted|p2b: Steelix|2\n|-damage|p2a: Talonflame|0 fnt\n|-damage|p2b: Steelix|97/100\n|faint|p2a: Talonflame\n|-damage|p1a: Garchomp|23/100|[from] item: Life Orb\n|move|p1b: Basculegion|Wave Crash|p2b: Steelix\n|-supereffective|p2b: Steelix|1\n|-damage|p2b: Steelix|26/100\n|-damage|p1b: Basculegion|78/100|[from] Recoil\n|\n|upkeep\n|\n|t:|1788303717\n|switch|p2a: Tyranitar|Tyranitar, L50, F|32/100\n|-weather|Sandstorm|[from] ability: Sand Stream|[of] p2a: Tyranitar\n|turn|8\n|inactive|eldanger10 has 30 seconds left.\n|\n|t:|1788303743\n|move|p2a: Tyranitar|Protect|p2a: Tyranitar\n|-singleturn|p2a: Tyranitar|Protect\n|move|p2b: Steelix|Protect|p2b: Steelix\n|-singleturn|p2b: Steelix|Protect\n|move|p1a: Garchomp|Dragon Claw|p2a: Tyranitar\n|-activate|p2a: Tyranitar|move: Protect\n|move|p1b: Basculegion|Wave Crash|p2b: Steelix\n|-activate|p2b: Steelix|move: Protect\n|\n|-weather|Sandstorm|[upkeep]\n|-damage|p1b: Basculegion|72/100|[from] Sandstorm\n|-sideend|p1: eldanger10|move: Tailwind\n|upkeep\n|turn|9\n|inactive|tostine has 30 seconds left.\n|inactive|tostine has 20 seconds left.\n|inactive|tostine has 15 seconds left.\n|inactive|tostine has 10 seconds left.\n|inactive|tostine has 5 seconds left.\n|\n|t:|1788303794\n|move|p2b: Steelix|Wide Guard|p2b: Steelix\n|-singleturn|p2b: Steelix|Wide Guard\n|move|p1a: Garchomp|Dragon Claw|p2a: Tyranitar\n|-damage|p2a: Tyranitar|0 fnt\n|faint|p2a: Tyranitar\n|-damage|p1a: Garchomp|13/100|[from] item: Life Orb\n|move|p1b: Basculegion|Wave Crash|p2b: Steelix\n|-supereffective|p2b: Steelix|1\n|-damage|p2b: Steelix|0 fnt\n|faint|p2b: Steelix\n|-damage|p1b: Basculegion|64/100|[from] Recoil\n|\n|-weather|Sandstorm|[upkeep]\n|-damage|p1b: Basculegion|58/100|[from] Sandstorm\n|upkeep\n|-message|tostine forfeited.\n|\n|win|eldanger10\n|raw|eldanger10's rating: 1107 &rarr; <strong>1136</strong><br />(+29 for winning)\n|raw|tostine's rating: 1165 &rarr; <strong>1136</strong><br />(-29 for losing)\n|l|☆tostine\n|player|p2|\n","uploadtime":1788303810,"views":"1","formatid":"gen9championsvgc2026regmbbo3","rating":1136,"private":0,"password":null}