{"id":"gen9championsvgc2026regmbbo3-2674487443","format":"[Gen 9 Champions] VGC 2026 Reg M-B (Bo3)","players":["Realfrytki","Nonehereonlyme"],"log":"|j|☆Realfrytki\n|j|☆Nonehereonlyme\n|html|<table width=\"100%\"><tr><td align=\"left\">Realfrytki</td><td align=\"right\">Nonehereonlyme</tr><tr><td align=\"left\"><i class=\"fa fa-circle\"></i> <i class=\"fa fa-circle-o\"></i> </td><td align=\"right\"><i class=\"fa fa-circle-o\"></i> <i class=\"fa fa-circle\"></i> </tr></table>\n|uhtml|bestof|<h2><strong>Game 3</strong> of <a href=\"/game-bestof3-gen9championsvgc2026regmbbo3-2674484024\">a best-of-3</a></h2>\n|t:|1788365604\n|gametype|doubles\n|player|p1|Realfrytki|veteranf|1309\n|player|p2|Nonehereonlyme|hiker-gen4|1137\n|gen|9\n|tier|[Gen 9 Champions] VGC 2026 Reg M-B (Bo3)\n|rated|\n|rule|Species Clause: Limit one of each Pokémon\n|rule|Item Clause: Limit 1 of each item\n|clearpoke\n|poke|p1|Dragonite, L50, M|\n|poke|p1|Sneasler, L50, M|\n|poke|p1|Kingambit, L50, F|\n|poke|p1|Basculegion, L50, M|\n|poke|p1|Whimsicott, L50, M|\n|poke|p1|Floette-Eternal, L50, F|\n|poke|p2|Dragonite, L50, M, shiny|\n|poke|p2|Whimsicott, L50, F, shiny|\n|poke|p2|Sinistcha, L50|\n|poke|p2|Pelipper, L50, M|\n|poke|p2|Basculegion, L50, M|\n|poke|p2|Swampert, L50, M|\n|teampreview|4\n|showteam|p1|Dragonite||Dragoninite|InnerFocus|DragonPulse,HeatWave,Thunderbolt,Protect|Modest||M|||50|]Sneasler||WhiteHerb|Unburden|DireClaw,CloseCombat,RockSlide,FakeOut|Jolly||M|||50|]Kingambit||BlackGlasses|Defiant|KowtowCleave,SuckerPunch,Protect,IronHead|Adamant||F|||50|]Basculegion||LifeOrb|Adaptability|WaveCrash,LastRespects,AquaJet,Protect|Adamant||M|||50|]Whimsicott||FocusSash|Prankster|Moonblast,Tailwind,Encore,Protect|Timid||M|||50|]Floette-Eternal||Floettite|FlowerVeil|Moonblast,DazzlingGleam,LightofRuin,Protect|Timid||F|||50|\n|showteam|p2|Dragonite||Dragoninite|Multiscale|Thunder,Hurricane,DracoMeteor,Protect|Modest||M|||50|]Whimsicott||FocusSash|Prankster|Moonblast,Encore,Tailwind,Tickle|Timid||F|||50|]Sinistcha||SitrusBerry|Hospitality|MatchaGotcha,Hex,TrickRoom,RagePowder|Calm|||||50|]Pelipper||Leftovers|Drizzle|Hurricane,MuddyWater,IcyWind,Protect|Bold||M|||50|]Basculegion||ChoiceScarf|Adaptability|WaveCrash,FlipTurn,AquaJet,LastRespects|Adamant||M|||50|]Swampert||Swampertite|Torrent|WaveCrash,Earthquake,IcePunch,Protect|Adamant||M|||50|\n|inactive|Battle timer is ON: inactive players will automatically lose when time's up. (requested by Nonehereonlyme)\n|\n|t:|1788365616\n|teamsize|p1|4\n|teamsize|p2|4\n|start\n|switch|p1a: Whimsicott|Whimsicott, L50, M|100/100\n|switch|p1b: Floette|Floette-Eternal, L50, F|100/100\n|switch|p2a: LittleLaw|Whimsicott, L50, F, shiny|100/100\n|switch|p2b: Wicab|Sinistcha, L50|100/100\n|turn|1\n|\n|t:|1788365635\n|detailschange|p1b: Floette|Floette-Mega, L50, F\n|-mega|p1b: Floette|Floette|Floettite\n|-ability|p1b: Floette|Fairy Aura\n|move|p2a: LittleLaw|Moonblast|p1b: Floette\n|-damage|p1b: Floette|56/100\n|move|p1a: Whimsicott|Moonblast|p2b: Wicab\n|-damage|p2b: Wicab|60/100\n|move|p1b: Floette|Dazzling Gleam|p2a: LittleLaw|[spread] p2a,p2b\n|-damage|p2a: LittleLaw|27/100\n|-damage|p2b: Wicab|17/100\n|-enditem|p2b: Wicab|Sitrus Berry|[eat]\n|-heal|p2b: Wicab|42/100|[from] item: Sitrus Berry\n|move|p2b: Wicab|Matcha Gotcha|p1b: Floette|[spread] p1a,p1b\n|-resisted|p1a: Whimsicott|1\n|-damage|p1a: Whimsicott|80/100\n|-heal|p2b: Wicab|50/100g|[from] drain|[of] p1a: Whimsicott\n|-damage|p1b: Floette|36/100\n|-heal|p2b: Wicab|59/100|[from] drain|[of] p1b: Floette\n|-status|p1b: Floette|brn\n|\n|-damage|p1b: Floette|30/100 brn|[from] brn\n|upkeep\n|turn|2\n|inactive|Nonehereonlyme has 30 seconds left.\n|\n|t:|1788365662\n|move|p1a: Whimsicott|Tailwind|p1a: Whimsicott\n|-sidestart|p1: Realfrytki|move: Tailwind\n|move|p2a: LittleLaw|Tailwind|p2a: LittleLaw\n|-sidestart|p2: Nonehereonlyme|move: Tailwind\n|move|p1b: Floette|Dazzling Gleam|p2a: LittleLaw|[spread] p2a,p2b\n|-damage|p2a: LittleLaw|0 fnt\n|-damage|p2b: Wicab|21/100\n|faint|p2a: LittleLaw\n|move|p2b: Wicab|Hex|p1b: Floette\n|-damage|p1b: Floette|0 fnt\n|faint|p1b: Floette\n|\n|upkeep\n|\n|t:|1788365673\n|switch|p2a: Pelipper|Pelipper, L50, M|100/100\n|switch|p1b: Basculegion|Basculegion, L50, M|100/100\n|-weather|RainDance|[from] ability: Drizzle|[of] p2a: Pelipper\n|turn|3\n|\n|t:|1788365681\n|move|p1a: Whimsicott|Moonblast|p2a: Pelipper\n|-damage|p2a: Pelipper|59/100\n|move|p1b: Basculegion|Wave Crash|p2b: Wicab\n|-resisted|p2b: Wicab|1\n|-damage|p2b: Wicab|0 fnt\n|faint|p2b: Wicab\n|-damage|p1b: Basculegion|93/100|[from] Recoil\n|-damage|p1b: Basculegion|83/100|[from] item: Life Orb\n|move|p2a: Pelipper|Hurricane|p1a: Whimsicott\n|-supereffective|p1a: Whimsicott|1\n|-damage|p1a: Whimsicott|0 fnt\n|faint|p1a: Whimsicott\n|\n|-weather|RainDance|[upkeep]\n|-heal|p2a: Pelipper|65/100|[from] item: Leftovers\n|upkeep\n|\n|t:|1788365697\n|switch|p1a: Kingambit|Kingambit, L50, F|100/100\n|switch|p2b: Texk|Dragonite, L50, M, shiny|100/100\n|turn|4\n|\n|t:|1788365715\n|detailschange|p2b: Texk|Dragonite-Mega, L50, M, shiny\n|-mega|p2b: Texk|Dragonite|Dragoninite\n|move|p1b: Basculegion|Aqua Jet|p2a: Pelipper\n|-resisted|p2a: Pelipper|1\n|-damage|p2a: Pelipper|41/100\n|-damage|p1b: Basculegion|73/100|[from] item: Life Orb\n|move|p1a: Kingambit|Sucker Punch|p2a: Pelipper\n|-damage|p2a: Pelipper|4/100\n|move|p2b: Texk|Thunder|p1a: Kingambit\n|-damage|p1a: Kingambit|56/100\n|move|p2a: Pelipper|Hurricane|p1b: Basculegion\n|-damage|p1b: Basculegion|28/100\n|\n|-weather|RainDance|[upkeep]\n|-heal|p2a: Pelipper|10/100|[from] item: Leftovers\n|upkeep\n|turn|5\n|\n|t:|1788365730\n|move|p1b: Basculegion|Protect|p1b: Basculegion\n|-singleturn|p1b: Basculegion|Protect\n|move|p2a: Pelipper|Protect|p2a: Pelipper\n|-singleturn|p2a: Pelipper|Protect\n|move|p1a: Kingambit|Protect|p1a: Kingambit\n|-singleturn|p1a: Kingambit|Protect\n|move|p2b: Texk|Thunder|p1b: Basculegion\n|-activate|p1b: Basculegion|move: Protect\n|\n|-weather|RainDance|[upkeep]\n|-heal|p2a: Pelipper|16/100|[from] item: Leftovers\n|-sideend|p1: Realfrytki|move: Tailwind\n|-sideend|p2: Nonehereonlyme|move: Tailwind\n|upkeep\n|turn|6\n|\n|t:|1788365743\n|move|p1b: Basculegion|Aqua Jet|p2a: Pelipper\n|-resisted|p2a: Pelipper|1\n|-damage|p2a: Pelipper|0 fnt\n|faint|p2a: Pelipper\n|-damage|p1b: Basculegion|18/100|[from] item: Life Orb\n|move|p2b: Texk|Thunder|p1b: Basculegion\n|-supereffective|p1b: Basculegion|1\n|-damage|p1b: Basculegion|0 fnt\n|faint|p1b: Basculegion\n|move|p1a: Kingambit|Kowtow Cleave|p2b: Texk\n|-damage|p2b: Texk|77/100\n|\n|-weather|RainDance|[upkeep]\n|upkeep\n|turn|7\n|inactive|Nonehereonlyme has 30 seconds left.\n|\n|t:|1788365770\n|move|p1a: Kingambit|Protect|p1a: Kingambit\n|-singleturn|p1a: Kingambit|Protect\n|move|p2b: Texk|Thunder|p1a: Kingambit\n|-activate|p1a: Kingambit|move: Protect\n|\n|-weather|none\n|upkeep\n|turn|8\n|\n|t:|1788365777\n|move|p2b: Texk|Protect|p2b: Texk\n|-singleturn|p2b: Texk|Protect\n|move|p1a: Kingambit|Kowtow Cleave|p2b: Texk\n|-activate|p2b: Texk|move: Protect\n|\n|upkeep\n|turn|9\n|\n|t:|1788365790\n|move|p1a: Kingambit|Sucker Punch|p2b: Texk\n|-damage|p2b: Texk|37/100\n|move|p2b: Texk|Thunder|p1a: Kingambit\n|-damage|p1a: Kingambit|14/100\n|\n|upkeep\n|turn|10\n|\n|t:|1788365807\n|move|p2b: Texk|Protect|p2b: Texk\n|-singleturn|p2b: Texk|Protect\n|move|p1a: Kingambit|Sucker Punch||[still]\n|-fail|p1a: Kingambit\n|\n|upkeep\n|turn|11\n|\n|t:|1788365820\n|move|p1a: Kingambit|Protect|p1a: Kingambit\n|-singleturn|p1a: Kingambit|Protect\n|move|p2b: Texk|Draco Meteor|p1a: Kingambit\n|-activate|p1a: Kingambit|move: Protect\n|\n|upkeep\n|turn|12\n|c|☆Nonehereonlyme|lo\n|\n|t:|1788365829\n|move|p2b: Texk|Protect|p2b: Texk\n|-singleturn|p2b: Texk|Protect\n|move|p1a: Kingambit|Sucker Punch||[still]\n|-fail|p1a: Kingambit\n|\n|upkeep\n|turn|13\n|c|☆Nonehereonlyme|lol\n|\n|t:|1788365838\n|move|p1a: Kingambit|Sucker Punch|p2b: Texk\n|-damage|p2b: Texk|0 fnt\n|faint|p2b: Texk\n|\n|win|Realfrytki\n|raw|Realfrytki's rating: 1309 &rarr; <strong>1320</strong><br />(+11 for winning)\n|raw|Nonehereonlyme's rating: 1137 &rarr; <strong>1123</strong><br />(-14 for losing)\n","uploadtime":1788365865,"views":"1","formatid":"gen9championsvgc2026regmbbo3","rating":1123,"private":0,"password":null}