{"id":"gen9championsvgc2026regmbbo3-2674090970","format":"[Gen 9 Champions] VGC 2026 Reg M-B (Bo3)","players":["takito17","humania1"],"log":"|j|☆takito17\n|j|☆humania1\n|html|<table width=\"100%\"><tr><td align=\"left\">takito17</td><td align=\"right\">humania1</tr><tr><td align=\"left\"><i class=\"fa fa-circle\"></i> <i class=\"fa fa-circle-o\"></i> </td><td align=\"right\"><i class=\"fa fa-circle-o\"></i> <i class=\"fa fa-circle\"></i> </tr></table>\n|uhtml|bestof|<h2><strong>Game 3</strong> of <a href=\"/game-bestof3-gen9championsvgc2026regmbbo3-2674088095\">a best-of-3</a></h2>\n|t:|1788297878\n|gametype|doubles\n|player|p1|takito17|ghetsis-gen5bw|1104\n|player|p2|humania1|266|1001\n|gen|9\n|tier|[Gen 9 Champions] VGC 2026 Reg M-B (Bo3)\n|rated|\n|rule|Species Clause: Limit one of each Pokémon\n|rule|Item Clause: Limit 1 of each item\n|clearpoke\n|poke|p1|Delphox, L50, M, shiny|\n|poke|p1|Floette-Eternal, L50, F|\n|poke|p1|Garchomp, L50, F, shiny|\n|poke|p1|Incineroar, L50, F, shiny|\n|poke|p1|Sinistcha, L50, shiny|\n|poke|p1|Sneasler, L50, M, shiny|\n|poke|p2|Blastoise, L50, F|\n|poke|p2|Delphox, L50, M, shiny|\n|poke|p2|Incineroar, L50, F|\n|poke|p2|Sinistcha, L50|\n|poke|p2|Sneasler, L50, M|\n|poke|p2|Vivillon, L50, F|\n|teampreview|4\n|showteam|p1|Delphox||Delphoxite|Blaze|HeatWave,Psyshock,NastyPlot,Protect|Timid||M|||50|]Floette-Eternal||Floettite|FlowerVeil|Moonblast,DrainingKiss,CalmMind,Protect|Modest||F|||50|]Garchomp||SoftSand|RoughSkin|StompingTantrum,Earthquake,RockTomb,Protect|Adamant||F|||50|]Incineroar||SitrusBerry|Intimidate|FlareBlitz,DarkestLariat,FakeOut,PartingShot|Careful||F|||50|]Sinistcha||CobaBerry|Hospitality|MatchaGotcha,RagePowder,LifeDew,TrickRoom|Bold|||||50|]Sneasler||FocusSash|Unburden|CloseCombat,DireClaw,FakeOut,QuickGuard|Jolly||M|||50|\n|showteam|p2|Blastoise||Blastoisinite|Torrent|Protect,ShellSmash,WaterSpout,DarkPulse|Modest||F|||50|]Delphox||Delphoxite|Blaze|Protect,HeatWave,Psyshock,NastyPlot|Timid||M|||50|]Incineroar||PasshoBerry|Intimidate|FakeOut,PartingShot,FlareBlitz,ThroatChop|Impish||F|||50|]Sinistcha||SitrusBerry|Hospitality|Protect,MatchaGotcha,TrickRoom,RagePowder|Bold|||||50|]Sneasler||FocusSash|PoisonTouch|QuickGuard,FakeOut,CloseCombat,DireClaw|Jolly||M|||50|]Vivillon||ChoiceScarf|CompoundEyes|Hurricane,SleepPowder,RagePowder,Uturn|Timid||F|||50|\n|inactive|Battle timer is ON: inactive players will automatically lose when time's up. (requested by humania1)\n|inactive|takito17 also wants the timer to be on.\n|\n|t:|1788297894\n|teamsize|p1|4\n|teamsize|p2|4\n|start\n|switch|p1a: Incineroar|Incineroar, L50, F, shiny|100/100\n|switch|p1b: Sneasler|Sneasler, L50, M, shiny|100/100\n|switch|p2a: Blastoise|Blastoise, L50, F|100/100\n|switch|p2b: Incineroar|Incineroar, L50, F|100/100\n|-ability|p2b: Incineroar|Intimidate|boost\n|-unboost|p1a: Incineroar|atk|1\n|-unboost|p1b: Sneasler|atk|1\n|-ability|p1a: Incineroar|Intimidate|boost\n|-unboost|p2a: Blastoise|atk|1\n|-unboost|p2b: Incineroar|atk|1\n|turn|1\n|\n|t:|1788297908\n|detailschange|p2a: Blastoise|Blastoise-Mega, L50, F\n|-mega|p2a: Blastoise|Blastoise|Blastoisinite\n|move|p1b: Sneasler|Fake Out|p2b: Incineroar\n|-damage|p2b: Incineroar|92/100\n|cant|p2b: Incineroar|flinch\n|move|p1a: Incineroar|Fake Out|p2a: Blastoise\n|-damage|p2a: Blastoise|93/100\n|cant|p2a: Blastoise|flinch\n|\n|upkeep\n|turn|2\n|\n|t:|1788297923\n|move|p1b: Sneasler|Close Combat|p2b: Incineroar\n|-supereffective|p2b: Incineroar|1\n|-crit|p2b: Incineroar\n|-damage|p2b: Incineroar|0 fnt\n|-unboost|p1b: Sneasler|def|1\n|-unboost|p1b: Sneasler|spd|1\n|faint|p2b: Incineroar\n|move|p2a: Blastoise|Water Spout|p1b: Sneasler|[spread] p1a,p1b\n|-supereffective|p1a: Incineroar|1\n|-damage|p1a: Incineroar|1/100\n|-enditem|p1b: Sneasler|Focus Sash\n|-damage|p1b: Sneasler|1/100\n|-enditem|p1a: Incineroar|Sitrus Berry|[eat]\n|-heal|p1a: Incineroar|26/100|[from] item: Sitrus Berry\n|move|p1a: Incineroar|Parting Shot|p2a: Blastoise\n|-unboost|p2a: Blastoise|atk|1\n|-unboost|p2a: Blastoise|spa|1\n|\n|t:|1788297938\n|switch|p1a: Sinistcha|Sinistcha, L50, shiny|100/100|[from] Parting Shot\n|-heal|p1b: Sneasler|25/100|[from] ability: Hospitality|[of] p1a: Sinistcha\n|\n|upkeep\n|\n|t:|1788297938\n|switch|p2b: Sinistcha|Sinistcha, L50|100/100\n|-heal|p2a: Blastoise|100/100|[from] ability: Hospitality|[of] p2b: Sinistcha\n|turn|3\n|\n|t:|1788297955\n|move|p1a: Sinistcha|Rage Powder|p1a: Sinistcha\n|-singleturn|p1a: Sinistcha|move: Rage Powder\n|move|p1b: Sneasler|Dire Claw|p2a: Blastoise\n|-damage|p2a: Blastoise|73/100\n|-status|p2a: Blastoise|par\n|move|p2a: Blastoise|Water Spout|p1b: Sneasler|[spread] p1a,p1b\n|-resisted|p1a: Sinistcha|1\n|-damage|p1a: Sinistcha|83/100\n|-damage|p1b: Sneasler|0 fnt\n|faint|p1b: Sneasler\n|move|p2b: Sinistcha|Trick Room|p2b: Sinistcha\n|-fieldstart|move: Trick Room|[of] p2b: Sinistcha\n|\n|upkeep\n|\n|t:|1788297967\n|switch|p1b: Delphox|Delphox, L50, M, shiny|100/100\n|turn|4\n|\n|t:|1788297986\n|detailschange|p1b: Delphox|Delphox-Mega, L50, M, shiny\n|-mega|p1b: Delphox|Delphox|Delphoxite\n|move|p2b: Sinistcha|Protect|p2b: Sinistcha\n|-singleturn|p2b: Sinistcha|Protect\n|move|p1b: Delphox|Protect|p1b: Delphox\n|-singleturn|p1b: Delphox|Protect\n|move|p2a: Blastoise|Dark Pulse|p1b: Delphox\n|-activate|p1b: Delphox|move: Protect\n|move|p1a: Sinistcha|Matcha Gotcha|p2a: Blastoise|[spread] p2a\n|-activate|p2b: Sinistcha|move: Protect\n|-supereffective|p2a: Blastoise|1\n|-damage|p2a: Blastoise|27/100 par\n|-heal|p1a: Sinistcha|100/100|[from] drain|[of] p2a: Blastoise\n|\n|upkeep\n|turn|5\n|\n|t:|1788298005\n|move|p2b: Sinistcha|Rage Powder|p2b: Sinistcha\n|-singleturn|p2b: Sinistcha|move: Rage Powder\n|move|p2a: Blastoise|Shell Smash|p2a: Blastoise\n|-unboost|p2a: Blastoise|def|1\n|-unboost|p2a: Blastoise|spd|1\n|-boost|p2a: Blastoise|atk|2\n|-boost|p2a: Blastoise|spa|2\n|-boost|p2a: Blastoise|spe|2\n|move|p1a: Sinistcha|Matcha Gotcha|p2a: Blastoise|[spread] p2a,p2b\n|-supereffective|p2a: Blastoise|1\n|-resisted|p2b: Sinistcha|1\n|-damage|p2a: Blastoise|0 fnt\n|-damage|p2b: Sinistcha|89/100\n|faint|p2a: Blastoise\n|move|p1b: Delphox|Heat Wave|p2b: Sinistcha\n|-supereffective|p2b: Sinistcha|1\n|-damage|p2b: Sinistcha|0 fnt\n|faint|p2b: Sinistcha\n|\n|upkeep\n|\n|t:|1788298005\n|switch|p2b: Sneasler|Sneasler, L50, M|100/100\n|turn|6\n|inactive|takito17 has 30 seconds left.\n|\n|t:|1788298032\n|move|p2b: Sneasler|Quick Guard|p2b: Sneasler\n|-singleturn|p2b: Sneasler|Quick Guard\n|move|p1a: Sinistcha|Rage Powder|p1a: Sinistcha\n|-singleturn|p1a: Sinistcha|move: Rage Powder\n|move|p1b: Delphox|Psyshock|p2b: Sneasler\n|-supereffective|p2b: Sneasler|2\n|-enditem|p2b: Sneasler|Focus Sash\n|-damage|p2b: Sneasler|1/100\n|\n|upkeep\n|turn|7\n|\n|t:|1788298047\n|move|p2b: Sneasler|Quick Guard|p2b: Sneasler\n|-singleturn|p2b: Sneasler|Quick Guard\n|move|p1a: Sinistcha|Rage Powder|p1a: Sinistcha\n|-singleturn|p1a: Sinistcha|move: Rage Powder\n|move|p1b: Delphox|Psyshock|p2b: Sneasler\n|-supereffective|p2b: Sneasler|2\n|-damage|p2b: Sneasler|0 fnt\n|faint|p2b: Sneasler\n|\n|win|takito17\n|raw|takito17's rating: 1104 &rarr; <strong>1122</strong><br />(+18 for winning)\n|raw|humania1's rating: 1001 &rarr; <strong>1000</strong><br />(-1 for losing)\n","uploadtime":1788298048,"views":"0","formatid":"gen9championsvgc2026regmbbo3","rating":1000,"private":0,"password":null}