{"id":"gen9championsvgc2026regmb-2673886822","format":"[Gen 9 Champions] VGC 2026 Reg M-B","players":["Orizor","GarGaming"],"log":"|j|☆Orizor\n|j|☆GarGaming\n|t:|1788273173\n|gametype|doubles\n|player|p1|Orizor|hilbert-wonderlauncher|1372\n|player|p2|GarGaming|102|1422\n|gen|9\n|tier|[Gen 9 Champions] VGC 2026 Reg M-B\n|rated|\n|rule|Species Clause: Limit one of each Pokémon\n|rule|Item Clause: Limit 1 of each item\n|clearpoke\n|poke|p1|Charizard, L50, M|\n|poke|p1|Heliolisk, L50, F|\n|poke|p1|Garchomp, L50, F|\n|poke|p1|Kingambit, L50, M|\n|poke|p1|Basculegion, L50, M|\n|poke|p1|Whimsicott, L50, M|\n|poke|p2|Steelix, L50, M|\n|poke|p2|Tyranitar, L50, F|\n|poke|p2|Sneasler, L50, F|\n|poke|p2|Rotom-Wash, L50|\n|poke|p2|Talonflame, L50, F|\n|poke|p2|Sinistcha, L50|\n|teampreview|4\n|inactive|Battle timer is ON: inactive players will automatically lose when time's up. (requested by GarGaming)\n|inactive|Orizor has 60 seconds left.\n|inactive|GarGaming has 60 seconds left.\n|\n|t:|1788273214\n|teamsize|p1|4\n|teamsize|p2|4\n|start\n|switch|p1a: Basculegion|Basculegion, L50, M|100/100\n|switch|p1b: Whimsicott|Whimsicott, L50, M|100/100\n|switch|p2a: Rotom|Rotom-Wash, L50|100/100\n|switch|p2b: Sneasler|Sneasler, L50, F|100/100\n|turn|1\n|\n|t:|1788273228\n|move|p1b: Whimsicott|Protect|p1b: Whimsicott\n|-singleturn|p1b: Whimsicott|Protect\n|move|p2b: Sneasler|Protect|p2b: Sneasler\n|-singleturn|p2b: Sneasler|Protect\n|move|p1a: Basculegion|Protect|p1a: Basculegion\n|-singleturn|p1a: Basculegion|Protect\n|move|p2a: Rotom|Will-O-Wisp|p1a: Basculegion\n|-activate|p1a: Basculegion|move: Protect\n|\n|upkeep\n|turn|2\n|\n|t:|1788273245\n|switch|p1a: Charizard|Charizard, L50, M|100/100\n|move|p1b: Whimsicott|Encore|p2b: Sneasler\n|-start|p2b: Sneasler|Encore\n|move|p2b: Sneasler|Protect||[still]\n|-fail|p2b: Sneasler\n|move|p2a: Rotom|Thunderbolt|p1a: Charizard\n|-supereffective|p1a: Charizard|1\n|-damage|p1a: Charizard|19/100\n|\n|upkeep\n|turn|3\n|inactive|GarGaming has 30 seconds left.\n|\n|t:|1788273271\n|detailschange|p1a: Charizard|Charizard-Mega-Y, L50, M\n|-mega|p1a: Charizard|Charizard|Charizardite Y\n|-weather|SunnyDay|[from] ability: Drought|[of] p1a: Charizard\n|move|p2b: Sneasler|Protect|p2b: Sneasler\n|-singleturn|p2b: Sneasler|Protect\n|move|p1b: Whimsicott|Moonblast|p2a: Rotom\n|-damage|p2a: Rotom|61/100\n|move|p1a: Charizard|Solar Beam||[still]\n|-prepare|p1a: Charizard|Solar Beam\n|-anim|p1a: Charizard|Solar Beam|p2a: Rotom\n|-supereffective|p2a: Rotom|1\n|-damage|p2a: Rotom|0 fnt\n|faint|p2a: Rotom\n|\n|-weather|SunnyDay|[upkeep]\n|upkeep\n|\n|t:|1788273286\n|switch|p2a: Tyranitar|Tyranitar, L50, F|100/100\n|-weather|Sandstorm|[from] ability: Sand Stream|[of] p2a: Tyranitar\n|turn|4\n|\n|t:|1788273308\n|switch|p2b: Sinistcha|Sinistcha, L50|100/100\n|switch|p1a: Garchomp|Garchomp, L50, F|100/100\n|move|p1b: Whimsicott|Moonblast|p2a: Tyranitar\n|-supereffective|p2a: Tyranitar|1\n|-damage|p2a: Tyranitar|51/100\n|-unboost|p2a: Tyranitar|spa|1\n|move|p2a: Tyranitar|Knock Off|p1b: Whimsicott\n|-resisted|p1b: Whimsicott|1\n|-damage|p1b: Whimsicott|63/100\n|-enditem|p1b: Whimsicott|Focus Sash|[from] move: Knock Off|[of] p2a: Tyranitar\n|\n|-weather|Sandstorm|[upkeep]\n|-damage|p1b: Whimsicott|57/100|[from] Sandstorm\n|-damage|p2b: Sinistcha|93/100|[from] Sandstorm\n|upkeep\n|turn|5\n|inactive|GarGaming has 30 seconds left.\n|\n|t:|1788273336\n|switch|p2a: Sneasler|Sneasler, L50, F|100/100\n|move|p1b: Whimsicott|Moonblast|p2a: Sneasler\n|-damage|p2a: Sneasler|59/100\n|move|p1a: Garchomp|Rock Slide|p2a: Sneasler|[spread] p2a,p2b\n|-resisted|p2a: Sneasler|1\n|-damage|p2a: Sneasler|43/100\n|-damage|p2b: Sinistcha|74/100\n|-damage|p1a: Garchomp|90/100|[from] item: Life Orb\n|move|p2b: Sinistcha|Trick Room|p2b: Sinistcha\n|-fieldstart|move: Trick Room|[of] p2b: Sinistcha\n|\n|-weather|Sandstorm|[upkeep]\n|-damage|p2b: Sinistcha|68/100|[from] Sandstorm\n|-damage|p2a: Sneasler|37/100|[from] Sandstorm\n|-damage|p1b: Whimsicott|51/100|[from] Sandstorm\n|upkeep\n|turn|6\n|inactive|Orizor has 30 seconds left.\n|\n|t:|1788273365\n|switch|p2b: Tyranitar|Tyranitar, L50, F|51/100\n|move|p1b: Whimsicott|Encore|p2b: Tyranitar\n|-hint|Since gen 7, Dark is immune to Prankster moves.\n|-immune|p2b: Tyranitar\n|move|p1a: Garchomp|Dragon Claw|p2a: Sneasler\n|-damage|p2a: Sneasler|0 fnt\n|faint|p2a: Sneasler\n|-damage|p1a: Garchomp|80/100|[from] item: Life Orb\n|\n|-weather|Sandstorm|[upkeep]\n|-damage|p1b: Whimsicott|45/100|[from] Sandstorm\n|upkeep\n|\n|t:|1788273379\n|switch|p2a: Sinistcha|Sinistcha, L50|68/100\n|-heal|p2b: Tyranitar|76/100|[from] ability: Hospitality|[of] p2a: Sinistcha\n|turn|7\n|inactive|Orizor has 30 seconds left.\n|\n|t:|1788273407\n|move|p2a: Sinistcha|Matcha Gotcha|p1a: Garchomp|[spread] p1a,p1b\n|-resisted|p1b: Whimsicott|1\n|-damage|p1a: Garchomp|52/100\n|-heal|p2a: Sinistcha|83/100|[from] drain|[of] p1a: Garchomp\n|-damage|p1b: Whimsicott|27/100\n|-heal|p2a: Sinistcha|90/100|[from] drain|[of] p1b: Whimsicott\n|move|p2b: Tyranitar|Rock Slide|p1b: Whimsicott|[spread] p1a,p1b\n|-resisted|p1a: Garchomp|1\n|-damage|p1a: Garchomp|39/100\n|-damage|p1b: Whimsicott|0 fnt\n|faint|p1b: Whimsicott\n|move|p1a: Garchomp|Dragon Claw|p2a: Sinistcha\n|-damage|p2a: Sinistcha|46/100\n|-enditem|p2a: Sinistcha|Sitrus Berry|[eat]\n|-heal|p2a: Sinistcha|70/100|[from] item: Sitrus Berry\n|-damage|p1a: Garchomp|29/100|[from] item: Life Orb\n|\n|-weather|Sandstorm|[upkeep]\n|-damage|p2a: Sinistcha|64/100|[from] Sandstorm\n|upkeep\n|\n|t:|1788273420\n|switch|p1b: Basculegion|Basculegion, L50, M|100/100\n|turn|8\n|\n|t:|1788273440\n|move|p1b: Basculegion|Aqua Jet|p2b: Tyranitar\n|-supereffective|p2b: Tyranitar|1\n|-damage|p2b: Tyranitar|15/100\n|move|p2a: Sinistcha|Matcha Gotcha|p1a: Garchomp|[spread] p1a,p1b\n|-supereffective|p1b: Basculegion|1\n|-damage|p1a: Garchomp|1/100\n|-heal|p2a: Sinistcha|79/100|[from] drain|[of] p1a: Garchomp\n|-damage|p1b: Basculegion|44/100\n|-heal|p2a: Sinistcha|100/100|[from] drain|[of] p1b: Basculegion\n|-status|p1b: Basculegion|brn\n|move|p2b: Tyranitar|Dragon Dance|p2b: Tyranitar\n|-boost|p2b: Tyranitar|atk|1\n|-boost|p2b: Tyranitar|spe|1\n|move|p1a: Garchomp|Dragon Claw|p2a: Sinistcha\n|-damage|p2a: Sinistcha|58/100\n|-damage|p1a: Garchomp|0 fnt|[from] item: Life Orb\n|faint|p1a: Garchomp\n|\n|-weather|none\n|-damage|p1b: Basculegion|38/100 brn|[from] brn\n|upkeep\n|\n|t:|1788273445\n|switch|p1a: Charizard|Charizard-Mega-Y, L50, M|19/100\n|-weather|SunnyDay|[from] ability: Drought|[of] p1a: Charizard\n|turn|9\n|inactive|GarGaming has 30 seconds left.\n|\n|t:|1788273473\n|move|p1b: Basculegion|Protect|p1b: Basculegion\n|-singleturn|p1b: Basculegion|Protect\n|move|p2b: Tyranitar|Protect|p2b: Tyranitar\n|-singleturn|p2b: Tyranitar|Protect\n|move|p2a: Sinistcha|Matcha Gotcha|p1a: Charizard|[spread] p1a\n|-activate|p1b: Basculegion|move: Protect\n|-resisted|p1a: Charizard|2\n|-damage|p1a: Charizard|13/100\n|-heal|p2a: Sinistcha|61/100|[from] drain|[of] p1a: Charizard\n|move|p1a: Charizard|Heat Wave|p2b: Tyranitar|[spread] p2a\n|-activate|p2b: Tyranitar|move: Protect\n|-supereffective|p2a: Sinistcha|1\n|-damage|p2a: Sinistcha|0 fnt\n|faint|p2a: Sinistcha\n|\n|-weather|SunnyDay|[upkeep]\n|-damage|p1b: Basculegion|32/100 brn|[from] brn\n|-fieldend|move: Trick Room\n|upkeep\n|turn|10\n|\n|t:|1788273495\n|detailschange|p2b: Tyranitar|Tyranitar-Mega, L50, F\n|-mega|p2b: Tyranitar|Tyranitar|Tyranitarite\n|-weather|Sandstorm|[from] ability: Sand Stream|[of] p2b: Tyranitar\n|move|p1b: Basculegion|Aqua Jet|p2b: Tyranitar\n|-supereffective|p2b: Tyranitar|1\n|-damage|p2b: Tyranitar|0 fnt\n|faint|p2b: Tyranitar\n|\n|win|Orizor\n|raw|Orizor's rating: 1372 &rarr; <strong>1395</strong><br />(+23 for winning)\n|raw|GarGaming's rating: 1422 &rarr; <strong>1399</strong><br />(-23 for losing)\n","uploadtime":1788273501,"views":"5","formatid":"gen9championsvgc2026regmb","rating":1395,"private":0,"password":null}