{"id":"gen9championsvgc2026regmb-2674332026","format":"[Gen 9 Champions] VGC 2026 Reg M-B","players":["Fvjyrgbjgfvbjgfvb","zedsssss"],"log":"|j|☆Fvjyrgbjgfvbjgfvb\n|j|☆zedsssss\n|t:|1788342829\n|gametype|doubles\n|player|p1|Fvjyrgbjgfvbjgfvb|1|1085\n|player|p2|zedsssss|cynthia|1075\n|gen|9\n|tier|[Gen 9 Champions] VGC 2026 Reg M-B\n|rated|\n|rule|Species Clause: Limit one of each Pokémon\n|rule|Item Clause: Limit 1 of each item\n|clearpoke\n|poke|p1|Drampa, L50, F|\n|poke|p1|Incineroar, L50, M|\n|poke|p1|Farigiraf, L50, M|\n|poke|p1|Ditto, L50|\n|poke|p1|Barbaracle, L50, M|\n|poke|p1|Slowking-Galar, L50, M|\n|poke|p2|Infernape, L50, M|\n|poke|p2|Delphox, L50, F|\n|poke|p2|Meowstic, L50, M|\n|poke|p2|Garchomp, L50, F|\n|poke|p2|Farigiraf, L50, F|\n|poke|p2|Mawile, L50, F|\n|teampreview|4\n|inactive|Battle timer is ON: inactive players will automatically lose when time's up. (requested by zedsssss)\n|\n|t:|1788342868\n|teamsize|p1|4\n|teamsize|p2|4\n|start\n|switch|p1a: Drampa|Drampa, L50, F|100/100\n|switch|p1b: Farigiraf|Farigiraf, L50, M|100/100\n|switch|p2a: Infernape|Infernape, L50, M|100/100\n|switch|p2b: Garchomp|Garchomp, L50, F|100/100\n|-ability|p1a: Drampa|Cloud Nine\n|turn|1\n|l|☆zedsssss\n|inactive|zedsssss disconnected and has a minute to reconnect!\n|player|p2|\n|j|☆zedsssss\n|inactive|zedsssss reconnected and has 40 seconds left.\n|player|p2|zedsssss|cynthia|\n|inactive|zedsssss has 30 seconds left.\n|inactive|zedsssss has 20 seconds left.\n|\n|t:|1788342905\n|switch|p1a: Slowking|Slowking-Galar, L50, M|100/100\n|move|p2b: Garchomp|Earthquake|p1a: Slowking|[spread] p2a,p1a,p1b\n|-supereffective|p2a: Infernape|1\n|-supereffective|p1a: Slowking|1\n|-crit|p1b: Farigiraf\n|-enditem|p2a: Infernape|Focus Sash\n|-damage|p2a: Infernape|1/100\n|-damage|p1a: Slowking|0 fnt\n|-damage|p1b: Farigiraf|20/100y\n|faint|p1a: Slowking\n|-damage|p2b: Garchomp|90/100|[from] item: Life Orb\n|move|p2a: Infernape|Endeavor|p1b: Farigiraf\n|-damage|p1b: Farigiraf|1/100\n|move|p1b: Farigiraf|Trick Room|p1b: Farigiraf\n|-fieldstart|move: Trick Room|[of] p1b: Farigiraf\n|\n|upkeep\n|\n|t:|1788342922\n|switch|p1a: Drampa|Drampa, L50, F|100/100\n|-ability|p1a: Drampa|Cloud Nine\n|turn|2\n|\n|t:|1788342929\n|move|p1b: Farigiraf|Protect|p1b: Farigiraf\n|-singleturn|p1b: Farigiraf|Protect\n|move|p2b: Garchomp|Protect|p2b: Garchomp\n|-singleturn|p2b: Garchomp|Protect\n|move|p1a: Drampa|Calm Mind|p1a: Drampa\n|-boost|p1a: Drampa|spa|1\n|-boost|p1a: Drampa|spd|1\n|move|p2a: Infernape|Endeavor|p1a: Drampa\n|-damage|p1a: Drampa|1/100\n|\n|upkeep\n|turn|3\n|\n|t:|1788342949\n|detailschange|p1a: Drampa|Drampa-Mega, L50, F\n|-mega|p1a: Drampa|Drampa|Drampanite\n|move|p1b: Farigiraf|Helping Hand|p1a: Drampa\n|-singleturn|p1a: Drampa|Helping Hand|[of] p1b: Farigiraf\n|move|p2a: Infernape|Feint||[still]\n|cant|p1b: Farigiraf|ability: Armor Tail|Feint|[of] p2a: Infernape\n|move|p1a: Drampa|Hyper Voice|p2a: Infernape|[spread] p2a,p2b\n|-damage|p2a: Infernape|0 fnt\n|-damage|p2b: Garchomp|0 fnt\n|faint|p2a: Infernape\n|faint|p2b: Garchomp\n|\n|upkeep\n|\n|t:|1788342954\n|switch|p2a: Mawile|Mawile, L50, F|100/100\n|switch|p2b: Farigiraf|Farigiraf, L50, F|100/100\n|-ability|p2a: Mawile|Intimidate|boost\n|-unboost|p1a: Drampa|atk|1\n|-unboost|p1b: Farigiraf|atk|1\n|turn|4\n|\n|t:|1788342965\n|detailschange|p2a: Mawile|Mawile-Mega, L50, F\n|-mega|p2a: Mawile|Mawile|Mawilite\n|move|p1b: Farigiraf|Helping Hand|p1a: Drampa\n|-singleturn|p1a: Drampa|Helping Hand|[of] p1b: Farigiraf\n|move|p1a: Drampa|Hyper Voice|p2b: Farigiraf|[spread] p2a,p2b\n|-resisted|p2a: Mawile|1\n|-damage|p2a: Mawile|41/100\n|-damage|p2b: Farigiraf|28/100\n|-enditem|p2b: Farigiraf|Sitrus Berry|[eat]\n|-heal|p2b: Farigiraf|52/100|[from] item: Sitrus Berry\n|move|p2a: Mawile|Rock Slide|p1a: Drampa|[spread] p1a,p1b\n|-damage|p1a: Drampa|0 fnt\n|-damage|p1b: Farigiraf|0 fnt\n|faint|p1a: Drampa\n|faint|p1b: Farigiraf\n|move|p2b: Farigiraf|Hyper Voice|p1: Drampa|[notarget]\n|-fail|p2b: Farigiraf\n|\n|upkeep\n|\n|t:|1788342975\n|switch|p1a: Barbaracle|Barbaracle, L50, M|100/100\n|turn|5\n|\n|t:|1788342986\n|move|p1a: Barbaracle|Protect|p1a: Barbaracle\n|-singleturn|p1a: Barbaracle|Protect\n|move|p2a: Mawile|Sucker Punch||[still]\n|-fail|p2a: Mawile\n|move|p2b: Farigiraf|Hyper Voice|p1a: Barbaracle\n|-activate|p1a: Barbaracle|move: Protect\n|\n|-fieldend|move: Trick Room\n|upkeep\n|turn|6\n|\n|t:|1788342997\n|move|p2a: Mawile|Protect|p2a: Mawile\n|-singleturn|p2a: Mawile|Protect\n|move|p1a: Barbaracle|Earthquake|p2a: Mawile|[spread] p2b\n|-activate|p2a: Mawile|move: Protect\n|-damage|p2b: Farigiraf|27/100\n|move|p2b: Farigiraf|Trick Room|p2b: Farigiraf\n|-fieldstart|move: Trick Room|[of] p2b: Farigiraf\n|\n|upkeep\n|turn|7\n|\n|t:|1788343020\n|move|p2a: Mawile|Iron Head|p1a: Barbaracle\n|-damage|p1a: Barbaracle|19/100\n|move|p2b: Farigiraf|Hyper Voice|p1a: Barbaracle\n|-resisted|p1a: Barbaracle|1\n|-damage|p1a: Barbaracle|0 fnt\n|faint|p1a: Barbaracle\n|\n|win|zedsssss\n|raw|Fvjyrgbjgfvbjgfvb's rating: 1085 &rarr; <strong>1062</strong><br />(-23 for losing)\n|raw|zedsssss's rating: 1075 &rarr; <strong>1105</strong><br />(+30 for winning)\n|l|☆Fvjyrgbjgfvbjgfvb\n|player|p1|\n|l|☆zedsssss\n|player|p2|\n|j|☆zedsssss\n|player|p2|zedsssss|cynthia|\n|l|☆zedsssss\n|player|p2|\n|j|☆zedsssss\n|player|p2|zedsssss|cynthia|\n","uploadtime":1788343272,"views":"2","formatid":"gen9championsvgc2026regmb","rating":1062,"private":0,"password":null}