{"id":"gen9championsvgc2026regmbbo3-2674817389","format":"[Gen 9 Champions] VGC 2026 Reg M-B (Bo3)","players":["mizukiit","kingsrowbajax"],"log":"|j|☆mizukiit\n|j|☆kingsrowbajax\n|html|<table width=\"100%\"><tr><td align=\"left\">mizukiit</td><td align=\"right\">kingsrowbajax</tr><tr><td align=\"left\"><i class=\"fa fa-circle\"></i> <i class=\"fa fa-circle-o\"></i> </td><td align=\"right\"><i class=\"fa fa-circle-o\"></i> <i class=\"fa fa-circle\"></i> </tr></table>\n|uhtml|bestof|<h2><strong>Game 3</strong> of <a href=\"/game-bestof3-gen9championsvgc2026regmbbo3-2674815066\">a best-of-3</a></h2>\n|t:|1788412927\n|gametype|doubles\n|player|p1|mizukiit|cynthia-gen4|1125\n|player|p2|kingsrowbajax|265|1300\n|gen|9\n|tier|[Gen 9 Champions] VGC 2026 Reg M-B (Bo3)\n|rated|\n|rule|Species Clause: Limit one of each Pokémon\n|rule|Item Clause: Limit 1 of each item\n|clearpoke\n|poke|p1|Scovillain, L50, M, shiny|\n|poke|p1|Basculegion, L50, M|\n|poke|p1|Kingambit, L50, F|\n|poke|p1|Sneasler, L50, F|\n|poke|p1|Lycanroc-Dusk, L50, M|\n|poke|p1|Froslass, L50, F|\n|poke|p2|Blastoise, L50, M|\n|poke|p2|Delphox, L50, M|\n|poke|p2|Sinistcha-Masterpiece, L50|\n|poke|p2|Sneasler, L50, F|\n|poke|p2|Kingambit, L50, M|\n|poke|p2|Incineroar, L50, M|\n|teampreview|4\n|showteam|p1|Scovillain||Scovillainite|Moody|GigaDrain,Overheat,RagePowder,Protect|Bold||M|||50|]Basculegion||LifeOrb|Adaptability|WaveCrash,LastRespects,AquaJet,Protect|Adamant||M|||50|]Kingambit||BlackGlasses|Defiant|KowtowCleave,SuckerPunch,SwordsDance,Protect|Adamant||F|||50|]Sneasler||WhiteHerb|Unburden|CloseCombat,DireClaw,Protect,FakeOut|Adamant||F|||50|]Lycanroc-Dusk||FocusSash|ToughClaws|CloseCombat,Accelerock,RockSlide,Protect|Adamant||M|||50|]Froslass||Froslassite|CursedBody|Blizzard,ShadowBall,AuroraVeil,Protect|Timid||F|||50|\n|showteam|p2|Blastoise||Blastoisinite|RainDish|WaterSpout,DarkPulse,ShellSmash,Protect|Modest||M|||50|]Delphox||Delphoxite|Blaze|HeatWave,Psychic,NastyPlot,Protect|Timid||M|||50|]Sinistcha-Masterpiece||ColburBerry|Hospitality|MatchaGotcha,RagePowder,TrickRoom,Protect|Bold|||||50|]Sneasler||FocusSash|PoisonTouch|FakeOut,PoisonJab,CloseCombat,QuickGuard|Jolly||F|||50|]Kingambit||LifeOrb|Defiant|KowtowCleave,SuckerPunch,SwordsDance,Protect|Adamant||M|||50|]Incineroar||SitrusBerry|Intimidate|FakeOut,FlareBlitz,ThroatChop,PartingShot|Careful||M|||50|\n|inactive|Battle timer is ON: inactive players will automatically lose when time's up. (requested by mizukiit)\n|inactive|mizukiit has 60 seconds left.\n|inactive|kingsrowbajax has 60 seconds left.\n|\n|t:|1788412987\n|teamsize|p1|4\n|teamsize|p2|4\n|start\n|switch|p1a: SONlass 😭|Froslass, L50, F|100/100\n|switch|p1b: BasculegiSON 😭|Basculegion, L50, M|100/100\n|switch|p2a: Delphox|Delphox, L50, M|100/100\n|switch|p2b: Sneasler|Sneasler, L50, F|100/100\n|turn|1\n|inactive|kingsrowbajax has 30 seconds left.\n|\n|t:|1788413020\n|switch|p2b: Incineroar|Incineroar, L50, M|100/100\n|-ability|p2b: Incineroar|Intimidate|boost\n|-unboost|p1a: SONlass 😭|atk|1\n|-unboost|p1b: BasculegiSON 😭|atk|1\n|detailschange|p1a: SONlass 😭|Froslass-Mega, L50, F\n|-mega|p1a: SONlass 😭|Froslass|Froslassite\n|-weather|Snowscape|[from] ability: Snow Warning|[of] p1a: SONlass 😭\n|move|p2a: Delphox|Protect|p2a: Delphox\n|-singleturn|p2a: Delphox|Protect\n|move|p1a: SONlass 😭|Aurora Veil|p1a: SONlass 😭\n|-sidestart|p1: mizukiit|move: Aurora Veil\n|move|p1b: BasculegiSON 😭|Wave Crash|p2a: Delphox\n|-activate|p2a: Delphox|move: Protect\n|\n|-weather|Snowscape|[upkeep]\n|upkeep\n|turn|2\n|inactive|kingsrowbajax has 30 seconds left.\n|\n|t:|1788413052\n|switch|p2a: Sinistcha|Sinistcha-Masterpiece, L50|100/100\n|move|p1b: BasculegiSON 😭|Aqua Jet|p2a: Sinistcha\n|-resisted|p2a: Sinistcha|1\n|-damage|p2a: Sinistcha|89/100\n|-damage|p1b: BasculegiSON 😭|90/100|[from] item: Life Orb\n|move|p1a: SONlass 😭|Shadow Ball|p2a: Sinistcha\n|-supereffective|p2a: Sinistcha|1\n|-damage|p2a: Sinistcha|11/100\n|move|p2b: Incineroar|Throat Chop|p1b: BasculegiSON 😭\n|-supereffective|p1b: BasculegiSON 😭|1\n|-damage|p1b: BasculegiSON 😭|44/100\n|-start|p1b: BasculegiSON 😭|Throat Chop|[silent]\n|\n|-weather|Snowscape|[upkeep]\n|upkeep\n|turn|3\n|inactive|mizukiit has 30 seconds left.\n|inactive|kingsrowbajax has 30 seconds left.\n|\n|t:|1788413079\n|switch|p1a: SONneasler 😭|Sneasler, L50, F|100/100\n|move|p1b: BasculegiSON 😭|Protect|p1b: BasculegiSON 😭\n|-singleturn|p1b: BasculegiSON 😭|Protect\n|move|p2a: Sinistcha|Rage Powder|p2a: Sinistcha\n|-singleturn|p2a: Sinistcha|move: Rage Powder\n|move|p2b: Incineroar|Throat Chop|p1b: BasculegiSON 😭\n|-activate|p1b: BasculegiSON 😭|move: Protect\n|\n|-weather|Snowscape|[upkeep]\n|-end|p1b: BasculegiSON 😭|Throat Chop|[silent]\n|upkeep\n|turn|4\n|\n|t:|1788413095\n|switch|p1b: SONgambit 😭|Kingambit, L50, F|100/100\n|switch|p2b: Sneasler|Sneasler, L50, F|100/100\n|move|p2a: Sinistcha|Protect|p2a: Sinistcha\n|-singleturn|p2a: Sinistcha|Protect\n|move|p1a: SONneasler 😭|Dire Claw|p2a: Sinistcha\n|-activate|p2a: Sinistcha|move: Protect\n|\n|-weather|Snowscape|[upkeep]\n|upkeep\n|turn|5\n|inactive|mizukiit has 30 seconds left.\n|inactive|kingsrowbajax has 30 seconds left.\n|inactive|mizukiit has 20 seconds left.\n|inactive|mizukiit has 15 seconds left.\n|\n|t:|1788413139\n|switch|p2a: Delphox|Delphox, L50, M|100/100\n|switch|p1b: SONlass 😭|Froslass-Mega, L50, F|100/100\n|move|p2b: Sneasler|Close Combat|p1b: SONlass 😭\n|-immune|p1b: SONlass 😭\n|move|p1a: SONneasler 😭|Dire Claw|p2a: Delphox\n|-damage|p2a: Delphox|45/100\n|-status|p2a: Delphox|psn\n|\n|-weather|none\n|-damage|p2a: Delphox|33/100 psn|[from] psn\n|-sideend|p1: mizukiit|move: Aurora Veil\n|upkeep\n|turn|6\n|inactive|mizukiit has 30 seconds left.\n|inactive|kingsrowbajax has 30 seconds left.\n|inactive|mizukiit has 20 seconds left.\n|inactive|mizukiit has 15 seconds left.\n|inactive|mizukiit has 10 seconds left.\n|\n|t:|1788413188\n|switch|p2b: Sinistcha|Sinistcha-Masterpiece, L50|11/100\n|-heal|p2a: Delphox|57/100 psn|[from] ability: Hospitality|[of] p2b: Sinistcha\n|detailschange|p2a: Delphox|Delphox-Mega, L50, M\n|-mega|p2a: Delphox|Delphox|Delphoxite\n|move|p1a: SONneasler 😭|Protect|p1a: SONneasler 😭\n|-singleturn|p1a: SONneasler 😭|Protect\n|move|p2a: Delphox|Heat Wave|p1b: SONlass 😭|[spread] p1b\n|-activate|p1a: SONneasler 😭|move: Protect\n|-supereffective|p1b: SONlass 😭|1\n|-damage|p1b: SONlass 😭|28/100\n|move|p1b: SONlass 😭|Shadow Ball|p2a: Delphox\n|-supereffective|p2a: Delphox|1\n|-damage|p2a: Delphox|0 fnt\n|faint|p2a: Delphox\n|\n|upkeep\n|\n|t:|1788413210\n|switch|p2a: Incineroar|Incineroar, L50, M|100/100\n|-ability|p2a: Incineroar|Intimidate|boost\n|-unboost|p1a: SONneasler 😭|atk|1\n|-unboost|p1b: SONlass 😭|atk|1\n|-enditem|p1a: SONneasler 😭|White Herb\n|-clearnegativeboost|p1a: SONneasler 😭|[silent]\n|turn|7\n|\n|t:|1788413226\n|move|p2b: Sinistcha|Rage Powder|p2b: Sinistcha\n|-singleturn|p2b: Sinistcha|move: Rage Powder\n|move|p1a: SONneasler 😭|Close Combat|p2b: Sinistcha\n|-immune|p2b: Sinistcha\n|move|p1b: SONlass 😭|Shadow Ball|p2b: Sinistcha\n|-supereffective|p2b: Sinistcha|1\n|-damage|p2b: Sinistcha|0 fnt\n|faint|p2b: Sinistcha\n|move|p2a: Incineroar|Throat Chop|p1b: SONlass 😭\n|-supereffective|p1b: SONlass 😭|1\n|-damage|p1b: SONlass 😭|0 fnt\n|faint|p1b: SONlass 😭\n|\n|upkeep\n|\n|t:|1788413238\n|switch|p1b: BasculegiSON 😭|Basculegion, L50, M|44/100\n|switch|p2b: Sneasler|Sneasler, L50, F|100/100\n|turn|8\n|\n|t:|1788413250\n|move|p1a: SONneasler 😭|Protect|p1a: SONneasler 😭\n|-singleturn|p1a: SONneasler 😭|Protect\n|move|p2b: Sneasler|Poison Jab|p1b: BasculegiSON 😭\n|-resisted|p1b: BasculegiSON 😭|1\n|-damage|p1b: BasculegiSON 😭|20/100y\n|-status|p1b: BasculegiSON 😭|psn\n|move|p1b: BasculegiSON 😭|Last Respects|p2b: Sneasler\n|-enditem|p2b: Sneasler|Focus Sash\n|-damage|p2b: Sneasler|1/100\n|-damage|p1b: BasculegiSON 😭|10/100 psn|[from] item: Life Orb\n|move|p2a: Incineroar|Throat Chop|p1b: BasculegiSON 😭\n|-supereffective|p1b: BasculegiSON 😭|1\n|-damage|p1b: BasculegiSON 😭|0 fnt\n|faint|p1b: BasculegiSON 😭\n|\n|upkeep\n|\n|t:|1788413263\n|switch|p1b: SONgambit 😭|Kingambit, L50, F|100/100\n|turn|9\n|\n|t:|1788413276\n|move|p2b: Sneasler|Quick Guard|p2b: Sneasler\n|-singleturn|p2b: Sneasler|Quick Guard\n|move|p1b: SONgambit 😭|Sucker Punch||[still]\n|-fail|p1b: SONgambit 😭\n|move|p1a: SONneasler 😭|Close Combat|p2a: Incineroar\n|-supereffective|p2a: Incineroar|1\n|-damage|p2a: Incineroar|0 fnt\n|-unboost|p1a: SONneasler 😭|def|1\n|-unboost|p1a: SONneasler 😭|spd|1\n|faint|p2a: Incineroar\n|\n|upkeep\n|turn|10\n|c|☆mizukiit|Look\n|c|☆kingsrowbajax|gg\n|\n|t:|1788413296\n|move|p1b: SONgambit 😭|Sucker Punch|p2b: Sneasler\n|-resisted|p2b: Sneasler|1\n|-damage|p2b: Sneasler|0 fnt\n|faint|p2b: Sneasler\n|\n|win|mizukiit\n|raw|mizukiit's rating: 1125 &rarr; <strong>1162</strong><br />(+37 for winning)\n|raw|kingsrowbajax's rating: 1300 &rarr; <strong>1263</strong><br />(-37 for losing)\n","uploadtime":1788413296,"views":"0","formatid":"gen9championsvgc2026regmbbo3","rating":1162,"private":0,"password":null}