{"id":"gen9championsvgc2026regmb-2675012047","format":"[Gen 9 Champions] VGC 2026 Reg M-B","players":["MercyViper","gavve"],"log":"|j|☆MercyViper\n|j|☆gavve\n|html|<table width=\"100%\"><tr><td align=\"left\">MercyViper</td><td align=\"right\">gavve</tr><tr><td align=\"left\"><i class=\"fa fa-circle-o\"></i> <i class=\"fa fa-circle-o\"></i> </td><td align=\"right\"><i class=\"fa fa-circle-o\"></i> <i class=\"fa fa-circle-o\"></i> </tr></table>\n|uhtml|bestof|<h2><strong>Game 1</strong> of <a href=\"/game-bestof3-gen9championsvgc2026regmb-2675012046\">a best-of-3</a></h2>\n|t:|1788448552\n|gametype|doubles\n|player|p1|MercyViper|bugcatcher-gen4dp|\n|player|p2|gavve|unknown|\n|gen|9\n|tier|[Gen 9 Champions] VGC 2026 Reg M-B\n|rule|Species Clause: Limit one of each Pokémon\n|rule|Item Clause: Limit 1 of each item\n|raw|<div class=\"infobox\"><details class=\"readmore\" open><summary><strong>1 custom rule:</strong></summary> Best of = 3</details></div>\n|clearpoke\n|poke|p1|Metagross, L50, shiny|\n|poke|p1|Weavile, L50, M|\n|poke|p1|Noivern, L50, F|\n|poke|p1|Volcarona, L50, F|\n|poke|p1|Slowbro-Galar, L50, M|\n|poke|p1|Rotom-Heat, L50|\n|poke|p2|Slowbro, L50, F|\n|poke|p2|Steelix, L50, F|\n|poke|p2|Conkeldurr, L50, M|\n|poke|p2|Clefable, L50, F|\n|poke|p2|Goodra-Hisui, L50, F|\n|poke|p2|Stunfisk-Galar, L50, F|\n|teampreview|4\n|j| Zygard0\n|\n|t:|1788448582\n|teamsize|p1|4\n|teamsize|p2|4\n|start\n|switch|p1a: Weavile|Weavile, L50, M|100/100\n|switch|p1b: Volcarona|Volcarona, L50, F|100/100\n|switch|p2a: DUDE|Slowbro, L50, F|100/100\n|switch|p2b: Jaws|Stunfisk-Galar, L50, F|100/100\n|turn|1\n|\n|t:|1788448608\n|move|p2a: DUDE|Protect|p2a: DUDE\n|-singleturn|p2a: DUDE|Protect\n|move|p1a: Weavile|Fake Out|p2a: DUDE\n|-activate|p2a: DUDE|move: Protect\n|move|p1b: Volcarona|Quiver Dance|p1b: Volcarona\n|-boost|p1b: Volcarona|spa|1\n|-boost|p1b: Volcarona|spd|1\n|-boost|p1b: Volcarona|spe|1\n|move|p2b: Jaws|Rock Slide|p1a: Weavile|[spread] p1a,p1b\n|-supereffective|p1a: Weavile|1\n|-supereffective|p1b: Volcarona|2\n|-damage|p1a: Weavile|57/100\n|-damage|p1b: Volcarona|26/100\n|\n|-heal|p1b: Volcarona|32/100|[from] item: Leftovers\n|upkeep\n|turn|2\n|\n|t:|1788448635\n|move|p1a: Weavile|Knock Off|p2a: DUDE\n|-supereffective|p2a: DUDE|1\n|-damage|p2a: DUDE|43/100\n|move|p1b: Volcarona|Heat Wave|p2a: DUDE|[spread] p2a,p2b\n|-resisted|p2a: DUDE|1\n|-supereffective|p2b: Jaws|1\n|-damage|p2a: DUDE|19/100\n|-damage|p2b: Jaws|7/100\n|move|p2b: Jaws|Rock Slide|p1a: Weavile|[spread] p1a\n|-miss|p2b: Jaws|p1b: Volcarona\n|-supereffective|p1a: Weavile|1\n|-damage|p1a: Weavile|11/100\n|move|p2a: DUDE|Trick Room|p2a: DUDE\n|-fieldstart|move: Trick Room|[of] p2a: DUDE\n|\n|-heal|p1b: Volcarona|38/100|[from] item: Leftovers\n|upkeep\n|turn|3\n|\n|t:|1788448668\n|switch|p1a: Slowbro|Slowbro-Galar, L50, M|100/100\n|move|p1b: Volcarona|Protect|p1b: Volcarona\n|-singleturn|p1b: Volcarona|Protect\n|move|p2a: DUDE|Muddy Water|p1a: Slowbro|[spread] \n|-activate|p1b: Volcarona|move: Protect\n|-miss|p2a: DUDE|p1a: Slowbro\n|move|p2b: Jaws|Rock Slide|p1b: Volcarona|[spread] p1a\n|-activate|p1b: Volcarona|move: Protect\n|-damage|p1a: Slowbro|87/100\n|\n|-heal|p1b: Volcarona|44/100|[from] item: Leftovers\n|upkeep\n|turn|4\n|\n|t:|1788448695\n|move|p2a: DUDE|Protect|p2a: DUDE\n|-singleturn|p2a: DUDE|Protect\n|move|p1a: Slowbro|Psychic|p2b: Jaws\n|-resisted|p2b: Jaws|1\n|-damage|p2b: Jaws|0 fnt\n|faint|p2b: Jaws\n|move|p1b: Volcarona|Quiver Dance|p1b: Volcarona\n|-boost|p1b: Volcarona|spa|1\n|-boost|p1b: Volcarona|spd|1\n|-boost|p1b: Volcarona|spe|1\n|\n|-heal|p1b: Volcarona|50/100g|[from] item: Leftovers\n|upkeep\n|\n|t:|1788448708\n|switch|p2b: Goat|Steelix, L50, F|100/100\n|turn|5\n|\n|t:|1788448732\n|detailschange|p2b: Goat|Steelix-Mega, L50, F\n|-mega|p2b: Goat|Steelix|Steelixite\n|move|p1b: Volcarona|Protect|p1b: Volcarona\n|-singleturn|p1b: Volcarona|Protect\n|move|p2a: DUDE|Muddy Water|p1b: Volcarona|[spread] p1a\n|-activate|p1b: Volcarona|move: Protect\n|-damage|p1a: Slowbro|64/100\n|move|p2b: Goat|Curse|p2b: Goat\n|-unboost|p2b: Goat|spe|1\n|-boost|p2b: Goat|atk|1\n|-boost|p2b: Goat|def|1\n|move|p1a: Slowbro|Yawn|p2b: Goat\n|-start|p2b: Goat|move: Yawn|[of] p1a: Slowbro\n|\n|-heal|p1b: Volcarona|56/100|[from] item: Leftovers\n|upkeep\n|turn|6\n|\n|t:|1788448762\n|move|p2a: DUDE|Protect|p2a: DUDE\n|-singleturn|p2a: DUDE|Protect\n|move|p2b: Goat|Earthquake|p1b: Volcarona|[spread] p1a,p1b\n|-activate|p2a: DUDE|move: Protect\n|-supereffective|p1a: Slowbro|1\n|-damage|p1a: Slowbro|0 fnt\n|-damage|p1b: Volcarona|0 fnt\n|faint|p1a: Slowbro\n|faint|p1b: Volcarona\n|\n|-end|p2b: Goat|move: Yawn|[silent]\n|-status|p2b: Goat|slp\n|-fieldend|move: Trick Room\n|upkeep\n|\n|t:|1788448772\n|switch|p1b: Weavile|Weavile, L50, M|11/100\n|switch|p1a: Metagross|Metagross, L50, shiny|100/100\n|turn|7\n|\n|t:|1788448790\n|switch|p2b: Arnold|Conkeldurr, L50, M|100/100\n|detailschange|p1a: Metagross|Metagross-Mega, L50, shiny\n|-mega|p1a: Metagross|Metagross|Metagrossite\n|move|p1b: Weavile|Knock Off|p2a: DUDE\n|-supereffective|p2a: DUDE|1\n|-damage|p2a: DUDE|0 fnt\n|faint|p2a: DUDE\n|move|p1a: Metagross|Psychic Fangs|p2b: Arnold\n|-supereffective|p2b: Arnold|1\n|-damage|p2b: Arnold|0 fnt\n|faint|p2b: Arnold\n|\n|upkeep\n|\n|t:|1788448804\n|switch|p2b: Goat|Steelix-Mega, L50, F|100/100 slp\n|turn|8\n|\n|t:|1788448816\n|move|p1b: Weavile|Triple Axel|p2b: Goat\n|-damage|p2b: Goat|94/100 slp\n|-crit|p2b: Goat\n|-damage|p2b: Goat|79/100 slp\n|-hitcount|p2b: Goat|2\n|move|p1a: Metagross|Psychic Fangs|p2b: Goat\n|-resisted|p2b: Goat|1\n|-damage|p2b: Goat|61/100 slp\n|cant|p2b: Goat|slp\n|\n|upkeep\n|turn|9\n|\n|t:|1788448827\n|move|p1b: Weavile|Triple Axel|p2b: Goat\n|-damage|p2b: Goat|56/100 slp\n|-damage|p2b: Goat|45/100 slp\n|-damage|p2b: Goat|30/100 slp\n|-hitcount|p2b: Goat|3\n|move|p1a: Metagross|Psychic Fangs|p2b: Goat\n|-resisted|p2b: Goat|1\n|-damage|p2b: Goat|15/100 slp\n|-curestatus|p2b: Goat|slp|[msg]\n|move|p2b: Goat|Earthquake|p1a: Metagross|[spread] p1a,p1b\n|-supereffective|p1a: Metagross|1\n|-damage|p1a: Metagross|41/100\n|-damage|p1b: Weavile|0 fnt\n|faint|p1b: Weavile\n|\n|upkeep\n|turn|10\n|\n|t:|1788448848\n|move|p2b: Goat|Protect|p2b: Goat\n|-singleturn|p2b: Goat|Protect\n|move|p1a: Metagross|Psychic Fangs|p2b: Goat\n|-activate|p2b: Goat|move: Protect\n|\n|upkeep\n|turn|11\n|\n|t:|1788448854\n|move|p1a: Metagross|Psychic Fangs|p2b: Goat\n|-resisted|p2b: Goat|1\n|-damage|p2b: Goat|0 fnt\n|faint|p2b: Goat\n|\n|win|MercyViper\n","uploadtime":1788448860,"views":"7","formatid":"gen9championsvgc2026regmb","rating":null,"private":0,"password":null}