{"id":"gen9championsvgc2026regmb-2674669901","format":"[Gen 9 Champions] VGC 2026 Reg M-B","players":["daboiyuhh","gooseyj"],"log":"|j|☆daboiyuhh\n|j|☆gooseyj\n|t:|1788387967\n|gametype|doubles\n|player|p1|daboiyuhh|265|1473\n|player|p2|gooseyj|iris-gen5bw2|1418\n|gen|9\n|tier|[Gen 9 Champions] VGC 2026 Reg M-B\n|rated|\n|rule|Species Clause: Limit one of each Pokémon\n|rule|Item Clause: Limit 1 of each item\n|clearpoke\n|poke|p1|Archaludon, L50, M|\n|poke|p1|Grimmsnarl, L50, M|\n|poke|p1|Swampert, L50, M|\n|poke|p1|Pelipper, L50, M|\n|poke|p1|Charizard, L50, M|\n|poke|p1|Venusaur, L50, F|\n|poke|p2|Raichu, L50, F, shiny|\n|poke|p2|Arcanine-Hisui, L50, M|\n|poke|p2|Dragonite, L50, M, shiny|\n|poke|p2|Ninetales-Alola, L50, M|\n|poke|p2|Sinistcha, L50|\n|poke|p2|Blastoise, L50, F, shiny|\n|teampreview|4\n|inactive|Battle timer is ON: inactive players will automatically lose when time's up. (requested by gooseyj)\n|inactive|gooseyj has 60 seconds left.\n|inactive|gooseyj has 30 seconds left.\n|inactive|gooseyj has 20 seconds left.\n|\n|t:|1788388040\n|teamsize|p1|4\n|teamsize|p2|4\n|start\n|switch|p1a: Grimmsnarl|Grimmsnarl, L50, M|100/100\n|switch|p1b: Archaludon|Archaludon, L50, M|100/100\n|switch|p2a: Blastoise|Blastoise, L50, F, shiny|100/100\n|switch|p2b: Sinistcha|Sinistcha, L50|100/100\n|turn|1\n|inactive|daboiyuhh has 30 seconds left.\n|inactive|daboiyuhh has 20 seconds left.\n|\n|t:|1788388078\n|detailschange|p2a: Blastoise|Blastoise-Mega, L50, F, shiny\n|-mega|p2a: Blastoise|Blastoise|Blastoisinite\n|move|p1b: Archaludon|Protect|p1b: Archaludon\n|-singleturn|p1b: Archaludon|Protect\n|move|p2b: Sinistcha|Rage Powder|p2b: Sinistcha\n|-singleturn|p2b: Sinistcha|move: Rage Powder\n|move|p1a: Grimmsnarl|Light Screen|p1a: Grimmsnarl\n|-sidestart|p1: daboiyuhh|move: Light Screen\n|move|p2a: Blastoise|Shell Smash|p2a: Blastoise\n|-unboost|p2a: Blastoise|def|1\n|-unboost|p2a: Blastoise|spd|1\n|-boost|p2a: Blastoise|atk|2\n|-boost|p2a: Blastoise|spa|2\n|-boost|p2a: Blastoise|spe|2\n|\n|upkeep\n|turn|2\n|inactive|daboiyuhh has 30 seconds left.\n|\n|t:|1788388106\n|move|p2b: Sinistcha|Rage Powder|p2b: Sinistcha\n|-singleturn|p2b: Sinistcha|move: Rage Powder\n|move|p1a: Grimmsnarl|Parting Shot|p2b: Sinistcha\n|-unboost|p2b: Sinistcha|atk|1\n|-unboost|p2b: Sinistcha|spa|1\n|\n|t:|1788388110\n|switch|p1a: Pelipper|Pelipper, L50, M|100/100|[from] Parting Shot\n|-weather|RainDance|[from] ability: Drizzle|[of] p1a: Pelipper\n|move|p2a: Blastoise|Shell Smash|p2a: Blastoise\n|-unboost|p2a: Blastoise|def|1\n|-unboost|p2a: Blastoise|spd|1\n|-boost|p2a: Blastoise|atk|2\n|-boost|p2a: Blastoise|spa|2\n|-boost|p2a: Blastoise|spe|2\n|move|p1b: Archaludon|Electro Shot||[still]\n|-prepare|p1b: Archaludon|Electro Shot\n|-boost|p1b: Archaludon|spa|1\n|-anim|p1b: Archaludon|Electro Shot|p2b: Sinistcha\n|-resisted|p2b: Sinistcha|1\n|-damage|p2b: Sinistcha|69/100\n|\n|-weather|RainDance|[upkeep]\n|upkeep\n|turn|3\n|inactive|gooseyj has 30 seconds left.\n|inactive|gooseyj has 20 seconds left.\n|inactive|gooseyj has 15 seconds left.\n|inactive|gooseyj has 10 seconds left.\n|\n|t:|1788388158\n|move|p1b: Archaludon|Protect|p1b: Archaludon\n|-singleturn|p1b: Archaludon|Protect\n|move|p2a: Blastoise|Water Spout|p1b: Archaludon|[spread] p1a\n|-activate|p1b: Archaludon|move: Protect\n|-resisted|p1a: Pelipper|1\n|-damage|p1a: Pelipper|0 fnt\n|faint|p1a: Pelipper\n|move|p2b: Sinistcha|Shadow Ball|p1b: Archaludon\n|-activate|p1b: Archaludon|move: Protect\n|\n|-weather|RainDance|[upkeep]\n|upkeep\n|\n|t:|1788388168\n|switch|p1a: Swampert|Swampert, L50, M|100/100\n|turn|4\n|\n|t:|1788388187\n|detailschange|p1a: Swampert|Swampert-Mega, L50, M\n|-mega|p1a: Swampert|Swampert|Swampertite\n|move|p2b: Sinistcha|Rage Powder|p2b: Sinistcha\n|-singleturn|p2b: Sinistcha|move: Rage Powder\n|move|p2a: Blastoise|Water Spout|p1a: Swampert|[spread] p1a,p1b\n|-resisted|p1b: Archaludon|1\n|-damage|p1a: Swampert|0 fnt\n|-damage|p1b: Archaludon|14/100\n|-ability|p1b: Archaludon|Stamina|boost\n|-boost|p1b: Archaludon|def|1\n|faint|p1a: Swampert\n|move|p1b: Archaludon|Electro Shot||[still]\n|-prepare|p1b: Archaludon|Electro Shot\n|-boost|p1b: Archaludon|spa|1\n|-anim|p1b: Archaludon|Electro Shot|p2b: Sinistcha\n|-resisted|p2b: Sinistcha|1\n|-damage|p2b: Sinistcha|24/100\n|-enditem|p2b: Sinistcha|Sitrus Berry|[eat]\n|-heal|p2b: Sinistcha|49/100|[from] item: Sitrus Berry\n|\n|-weather|RainDance|[upkeep]\n|-heal|p1b: Archaludon|20/100y|[from] item: Leftovers\n|upkeep\n|\n|t:|1788388194\n|switch|p1a: Grimmsnarl|Grimmsnarl, L50, M|100/100\n|turn|5\n|-message|daboiyuhh forfeited.\n|\n|win|gooseyj\n|raw|daboiyuhh's rating: 1473 &rarr; <strong>1450</strong><br />(-23 for losing)\n|raw|gooseyj's rating: 1418 &rarr; <strong>1441</strong><br />(+23 for winning)\n","uploadtime":1788388196,"views":"3","formatid":"gen9championsvgc2026regmb","rating":1441,"private":0,"password":null}