{"id":"gen9championsvgc2026regmb-2673999696","format":"[Gen 9 Champions] VGC 2026 Reg M-B","players":["animonmaster GO","Breadst1k"],"log":"|j|☆animonmaster GO\n|j|☆Breadst1k\n|html|<table width=\"100%\"><tr><td align=\"left\">animonmaster GO</td><td align=\"right\">Breadst1k</tr><tr><td align=\"left\"><i class=\"fa fa-circle-o\"></i> <i class=\"fa fa-circle-o\"></i> </td><td align=\"right\"><i class=\"fa fa-circle-o\"></i> <i class=\"fa fa-circle-o\"></i> </tr></table>\n|uhtml|bestof|<h2><strong>Game 1</strong> of <a href=\"/game-bestof3-gen9championsvgc2026regmb-2673999695\">a best-of-3</a></h2>\n|t:|1788286624\n|gametype|doubles\n|player|p1|animonmaster GO|266|\n|player|p2|Breadst1k|265|\n|gen|9\n|tier|[Gen 9 Champions] VGC 2026 Reg M-B\n|rule|Species Clause: Limit one of each Pokémon\n|rule|Item Clause: Limit 1 of each item\n|raw|<div class=\"infobox\"><details class=\"readmore\" open><summary><strong>1 custom rule:</strong></summary> Best of = 3</details></div>\n|clearpoke\n|poke|p1|Staraptor, L50, F|\n|poke|p1|Mawile, L50, F|\n|poke|p1|Umbreon, L50, M|\n|poke|p1|Zoroark-Hisui, L50, M|\n|poke|p1|Meowstic, L50, M|\n|poke|p1|Infernape, L50, M|\n|poke|p2|Swampert, L50, F|\n|poke|p2|Garbodor, L50, M|\n|poke|p2|Sableye, L50, F|\n|poke|p2|Gardevoir, L50, F|\n|poke|p2|Manectric, L50, F|\n|poke|p2|Eelektross, L50, M|\n|teampreview|4\nanimonmaster GO rejected open team sheets.\n|c|☆animonmaster GO|Glhf\n|j| lazyblaze\n|c|☆Breadst1k|Gl gl\n|l| lazyblaze\n|\n|t:|1788286735\n|teamsize|p1|4\n|teamsize|p2|4\n|start\n|switch|p1a: Meowstic|Meowstic, L50, M|100/100\n|switch|p1b: Infernape|Infernape, L50, M|100/100\n|switch|p2a: Sableye|Sableye, L50, F|100/100\n|switch|p2b: Gardevoir|Gardevoir, L50, F|100/100\n|turn|1\n|\n|t:|1788286772\n|move|p2a: Sableye|Fake Out|p1b: Infernape\n|-damage|p1b: Infernape|87/100\n|move|p2b: Gardevoir|Psychic|p1b: Infernape\n|-supereffective|p1b: Infernape|1\n|-damage|p1b: Infernape|0 fnt\n|faint|p1b: Infernape\n|move|p1a: Meowstic|Bitter Malice|p2b: Gardevoir\n|-supereffective|p2b: Gardevoir|1\n|-damage|p2b: Gardevoir|14/100\n|-unboost|p2b: Gardevoir|atk|1\n|\n|upkeep\n|\n|t:|1788286789\n|switch|p1b: Meowstic|Meowstic, L50, M|100/100\n|turn|2\n|\n|t:|1788286824\n|switch|p2b: Swampert|Swampert, L50, F|100/100\n|move|p1b: Meowstic|Fake Out|p2b: Swampert\n|-damage|p2b: Swampert|95/100\n|move|p2a: Sableye|Will-O-Wisp|p1a: Meowstic\n|-status|p1a: Meowstic|brn\n|move|p1a: Meowstic|Bitter Malice|p2a: Sableye\n|-damage|p2a: Sableye|52/100\n|-unboost|p2a: Sableye|atk|1\n|\n|-damage|p1a: Meowstic|93/100 brn|[from] brn\n|upkeep\n|turn|3\n|\n|t:|1788286857\n|detailschange|p2b: Swampert|Swampert-Mega, L50, F\n|-mega|p2b: Swampert|Swampert|Swampertite\n|move|p1a: Meowstic|Protect|p1a: Meowstic\n|-singleturn|p1a: Meowstic|Protect\n|move|p1b: Meowstic|Charm|p2b: Swampert\n|-unboost|p2b: Swampert|atk|2\n|move|p2a: Sableye|Rain Dance|p2a: Sableye\n|-weather|RainDance\n|move|p2b: Swampert|Earthquake|p1b: Meowstic|[spread] p2a,p1b\n|-activate|p1a: Meowstic|move: Protect\n|-damage|p2a: Sableye|24/100\n|-damage|p1b: Meowstic|72/100\n|\n|-weather|RainDance|[upkeep]\n|-damage|p1a: Meowstic|87/100 brn|[from] brn\n|upkeep\n|turn|4\n|\n|t:|1788286885\n|switch|p2b: Manectric|Manectric, L50, F|100/100\n|move|p1b: Meowstic|Sunny Day|p1b: Meowstic\n|-weather|SunnyDay\n|move|p2a: Sableye|Encore|p1a: Meowstic\n|-start|p1a: Meowstic|Encore\n|move|p1a: Meowstic|Protect||[still]\n|-fail|p1a: Meowstic\n|\n|-weather|SunnyDay|[upkeep]\n|-damage|p1a: Meowstic|81/100 brn|[from] brn\n|upkeep\n|turn|5\n|j| megachamp100\n|\n|t:|1788286914\n|move|p1a: Meowstic|Protect|p1a: Meowstic\n|-singleturn|p1a: Meowstic|Protect\n|move|p1b: Meowstic|Light Screen|p1b: Meowstic\n|-sidestart|p1: animonmaster GO|move: Light Screen\n|move|p2a: Sableye|Will-O-Wisp|p1b: Meowstic\n|-status|p1b: Meowstic|brn\n|move|p2b: Manectric|Volt Switch|p1b: Meowstic\n|-damage|p1b: Meowstic|44/100 brn\n|-damage|p2b: Manectric|90/100|[from] item: Life Orb\n|\n|t:|1788286933\n|switch|p2b: Gardevoir|Gardevoir, L50, F|14/100|[from] Volt Switch\n|\n|-weather|SunnyDay|[upkeep]\n|-damage|p1a: Meowstic|75/100 brn|[from] brn\n|-damage|p1b: Meowstic|38/100 brn|[from] brn\n|upkeep\n|turn|6\n|\n|t:|1788286963\n|move|p1a: Meowstic|Protect|p1a: Meowstic\n|-singleturn|p1a: Meowstic|Protect\n|move|p1b: Meowstic|Light Screen||[still]\n|-fail|p1b: Meowstic\n|move|p2a: Sableye|Encore|p1b: Meowstic\n|-start|p1b: Meowstic|Encore\n|-enditem|p1b: Meowstic|Mental Herb\n|-end|p1b: Meowstic|Encore\n|move|p2b: Gardevoir|Dazzling Gleam|p1a: Meowstic|[spread] p1b\n|-activate|p1a: Meowstic|move: Protect\n|-damage|p1b: Meowstic|18/100 brn\n|\n|-weather|SunnyDay|[upkeep]\n|-damage|p1a: Meowstic|69/100 brn|[from] brn\n|-damage|p1b: Meowstic|12/100 brn|[from] brn\n|-end|p1a: Meowstic|Encore\n|upkeep\n|turn|7\n|\n|t:|1788286990\n|switch|p1a: Staraptor|Staraptor, L50, F|100/100\n|-ability|p1a: Staraptor|Intimidate|boost\n|-unboost|p2a: Sableye|atk|1\n|-unboost|p2b: Gardevoir|atk|1\n|move|p1b: Meowstic|Charm|p2b: Gardevoir\n|-unboost|p2b: Gardevoir|atk|2\n|move|p2a: Sableye|Encore||[still]\n|-fail|p2a: Sableye\n|move|p2b: Gardevoir|Dazzling Gleam|p1b: Meowstic|[spread] p1a,p1b\n|-damage|p1a: Staraptor|66/100\n|-damage|p1b: Meowstic|0 fnt\n|faint|p1b: Meowstic\n|\n|-weather|SunnyDay|[upkeep]\n|upkeep\n|\n|t:|1788287005\n|switch|p1b: Zoroark|Zoroark-Hisui, L50, M|69/100 brn\n|turn|8\n|\n|t:|1788287033\n|detailschange|p1a: Staraptor|Staraptor-Mega, L50, F\n|-mega|p1a: Staraptor|Staraptor|Staraptite\n|move|p2a: Sableye|Will-O-Wisp|p1a: Staraptor|[miss]\n|-miss|p2a: Sableye|p1a: Staraptor\n|move|p2b: Gardevoir|Dazzling Gleam|p1a: Staraptor|[spread] p1a,p1b\n|-supereffective|p1a: Staraptor|1\n|-damage|p1a: Staraptor|11/100\n|-damage|p1b: Zoroark|21/100 brn\n|move|p1a: Staraptor|Close Combat|p2b: Gardevoir\n|-resisted|p2b: Gardevoir|2\n|-damage|p2b: Gardevoir|0 fnt\n|-boost|p1a: Staraptor|def|1\n|-boost|p1a: Staraptor|spd|1\n|faint|p2b: Gardevoir\n|move|p1b: Zoroark|Bitter Malice|p2a: Sableye\n|-damage|p2a: Sableye|0 fnt\n|faint|p2a: Sableye\n|\n|-weather|none\n|-damage|p1b: Zoroark|15/100 brn|[from] brn\n|upkeep\n|\n|t:|1788287054\n|switch|p2b: Swampert|Swampert-Mega, L50, F|95/100\n|switch|p2a: Manectric|Manectric, L50, F|90/100\n|turn|9\n|\n|t:|1788287082\n|move|p2a: Manectric|Protect|p2a: Manectric\n|-singleturn|p2a: Manectric|Protect\n|move|p1a: Staraptor|Roost|p1a: Staraptor\n|-heal|p1a: Staraptor|61/100\n|-singleturn|p1a: Staraptor|move: Roost\n|move|p1b: Zoroark|Hyper Voice|p2a: Manectric|[spread] p2b\n|-activate|p2a: Manectric|move: Protect\n|-damage|p2b: Swampert|64/100\n|move|p2b: Swampert|Wave Crash|p1a: Staraptor\n|-damage|p1a: Staraptor|6/100\n|-damage|p2b: Swampert|50/100g|[from] Recoil\n|\n|-damage|p1b: Zoroark|9/100 brn|[from] brn\n|-sideend|p1: animonmaster GO|move: Light Screen\n|upkeep\n|turn|10\n|\n|t:|1788287119\n|move|p2b: Swampert|Protect|p2b: Swampert\n|-singleturn|p2b: Swampert|Protect\n|move|p1a: Staraptor|Roost|p1a: Staraptor\n|-heal|p1a: Staraptor|56/100\n|-singleturn|p1a: Staraptor|move: Roost\n|move|p1b: Zoroark|Bitter Malice|p2b: Swampert\n|-activate|p2b: Swampert|move: Protect\n|move|p2a: Manectric|Volt Switch|p1b: Zoroark\n|-damage|p1b: Zoroark|0 fnt\n|faint|p1b: Zoroark\n|-damage|p2a: Manectric|80/100|[from] item: Life Orb\n|\n|upkeep\n|turn|11\n|\n|t:|1788287138\n|move|p1a: Staraptor|Close Combat|p2a: Manectric\n|-damage|p2a: Manectric|0 fnt\n|-boost|p1a: Staraptor|def|1\n|-boost|p1a: Staraptor|spd|1\n|faint|p2a: Manectric\n|move|p2b: Swampert|Wave Crash|p1a: Staraptor\n|-damage|p1a: Staraptor|17/100\n|-damage|p2b: Swampert|40/100|[from] Recoil\n|\n|upkeep\n|turn|12\n|\n|t:|1788287151\n|move|p1a: Staraptor|Roost|p1a: Staraptor\n|-heal|p1a: Staraptor|67/100\n|-singleturn|p1a: Staraptor|move: Roost\n|move|p2b: Swampert|Wave Crash|p1a: Staraptor\n|-damage|p1a: Staraptor|21/100\n|-damage|p2b: Swampert|28/100|[from] Recoil\n|\n|upkeep\n|turn|13\n|\n|t:|1788287162\n|move|p1a: Staraptor|Roost|p1a: Staraptor\n|-heal|p1a: Staraptor|71/100\n|-singleturn|p1a: Staraptor|move: Roost\n|move|p2b: Swampert|Wave Crash|p1a: Staraptor\n|-damage|p1a: Staraptor|30/100\n|-damage|p2b: Swampert|17/100|[from] Recoil\n|\n|upkeep\n|turn|14\n|\n|t:|1788287171\n|move|p1a: Staraptor|Roost|p1a: Staraptor\n|-heal|p1a: Staraptor|80/100\n|-singleturn|p1a: Staraptor|move: Roost\n|move|p2b: Swampert|Earthquake|p1a: Staraptor\n|-damage|p1a: Staraptor|48/100\n|\n|upkeep\n|turn|15\n|\n|t:|1788287180\n|move|p1a: Staraptor|Close Combat|p2b: Swampert\n|-damage|p2b: Swampert|0 fnt\n|-boost|p1a: Staraptor|def|1\n|-boost|p1a: Staraptor|spd|1\n|faint|p2b: Swampert\n|\n|win|animonmaster GO\n||animonmaster GO is ready for game 2.\n|inactive|Breadst1k has 30 seconds to confirm battle start!\n||Breadst1k is ready for game 2.\n|uhtml|next|Next: <a href=\"/battle-gen9championsvgc2026regmb-2674004644\"><strong>Game 2 of 3</strong></a>\n|j| getjiggy49\n|l| getjiggy49\n","uploadtime":1788287949,"views":"30","formatid":"gen9championsvgc2026regmb","rating":null,"private":0,"password":null}