{"id":"gen9championsvgc2026regmbbo3-2673352262","format":"[Gen 9 Champions] VGC 2026 Reg M-B (Bo3)","players":["humania1","Bananin4"],"log":"|j|☆humania1\n|j|☆Bananin4\n|html|<table width=\"100%\"><tr><td align=\"left\">humania1</td><td align=\"right\">Bananin4</tr><tr><td align=\"left\"><i class=\"fa fa-circle-o\"></i> <i class=\"fa fa-circle-o\"></i> </td><td align=\"right\"><i class=\"fa fa-circle-o\"></i> <i class=\"fa fa-circle-o\"></i> </tr></table>\n|uhtml|bestof|<h2><strong>Game 1</strong> of <a href=\"/game-bestof3-gen9championsvgc2026regmbbo3-2673352261\">a best-of-3</a></h2>\n|t:|1788187205\n|gametype|doubles\n|player|p1|humania1|170|1018\n|player|p2|Bananin4|lucas-gen4pt|1163\n|gen|9\n|tier|[Gen 9 Champions] VGC 2026 Reg M-B (Bo3)\n|rated|\n|rule|Species Clause: Limit one of each Pokémon\n|rule|Item Clause: Limit 1 of each item\n|clearpoke\n|poke|p1|Blastoise, L50, M|\n|poke|p1|Delphox, L50, M, shiny|\n|poke|p1|Incineroar, L50, M|\n|poke|p1|Sinistcha, L50|\n|poke|p1|Sneasler, L50, M|\n|poke|p1|Vivillon, L50, M|\n|poke|p2|Floette-Eternal, L50, F|\n|poke|p2|Basculegion, L50, M, shiny|\n|poke|p2|Kingambit, L50, M, shiny|\n|poke|p2|Sneasler, L50, F|\n|poke|p2|Dragonite, L50, M|\n|poke|p2|Garchomp, L50, F|\n|teampreview|4\n|showteam|p1|Blastoise||Blastoisinite|Torrent|Protect,ShellSmash,WaterSpout,DarkPulse|Modest||M|||50|]Delphox||Delphoxite|Blaze|Protect,HeatWave,Psyshock,NastyPlot|Timid||M|||50|]Incineroar||PasshoBerry|Intimidate|FakeOut,PartingShot,FlareBlitz,ThroatChop|Impish||M|||50|]Sinistcha||SitrusBerry|Hospitality|Protect,MatchaGotcha,TrickRoom,RagePowder|Bold|||||50|]Sneasler||FocusSash|PoisonTouch|QuickGuard,FakeOut,CloseCombat,DireClaw|Jolly||M|||50|]Vivillon||ChoiceScarf|CompoundEyes|Hurricane,SleepPowder,RagePowder,Uturn|Timid||M|||50|\n|showteam|p2|Floette-Eternal||Floettite|FlowerVeil|Moonblast,DazzlingGleam,LightofRuin,Protect|Modest||F|||50|]Basculegion||LifeOrb|Adaptability|WaveCrash,LastRespects,AquaJet,Protect|Adamant||M|||50|]Kingambit||ChopleBerry|Defiant|KowtowCleave,SuckerPunch,IronHead,LowKick|Adamant||M|||50|]Sneasler||FocusSash|PoisonTouch|DireClaw,CloseCombat,Feint,FakeOut|Jolly||F|||50|]Dragonite||Dragoninite|InnerFocus|DragonPulse,HeatWave,Thunderbolt,Protect|Modest||M|||50|]Garchomp||ChoiceScarf|RoughSkin|Earthquake,StompingTantrum,RockSlide,DragonClaw|Adamant||F|||50|\n|inactive|Battle timer is ON: inactive players will automatically lose when time's up. (requested by humania1)\n|inactive|Bananin4 has 60 seconds left.\n|inactive|Bananin4 has 30 seconds left.\n|inactive|Bananin4 has 20 seconds left.\n|\n|t:|1788187277\n|teamsize|p1|4\n|teamsize|p2|4\n|start\n|switch|p1a: Blastoise|Blastoise, L50, M|100/100\n|switch|p1b: Incineroar|Incineroar, L50, M|100/100\n|switch|p2a: Sneasler|Sneasler, L50, F|100/100\n|switch|p2b: Garchomp|Garchomp, L50, F|100/100\n|-ability|p1b: Incineroar|Intimidate|boost\n|-unboost|p2a: Sneasler|atk|1\n|-unboost|p2b: Garchomp|atk|1\n|turn|1\n|\n|t:|1788187294\n|move|p2a: Sneasler|Fake Out|p1b: Incineroar\n|-damage|p1b: Incineroar|91/100\n|move|p2b: Garchomp|Rock Slide|p1b: Incineroar|[spread] p1a,p1b\n|-supereffective|p1b: Incineroar|1\n|-damage|p1a: Blastoise|85/100\n|-damage|p1b: Incineroar|67/100\n|cant|p1a: Blastoise|flinch\n|cant|p1b: Incineroar|flinch\n|\n|upkeep\n|turn|2\n|inactive|Bananin4 has 30 seconds left.\n|inactive|Bananin4 has 20 seconds left.\n|inactive|Bananin4 has 15 seconds left.\n|inactive|Bananin4 has 10 seconds left.\n|\n|t:|1788187342\n|move|p2b: Garchomp|Rock Slide|p1a: Blastoise|[spread] p1a,p1b\n|-supereffective|p1b: Incineroar|1\n|-damage|p1a: Blastoise|70/100\n|-damage|p1b: Incineroar|44/100\n|move|p2a: Sneasler|Dire Claw|p1a: Blastoise\n|-damage|p1a: Blastoise|36/100\n|move|p1a: Blastoise|Water Spout|p2b: Garchomp|[spread] p2a,p2b\n|-damage|p2a: Sneasler|78/100\n|-damage|p2b: Garchomp|82/100\n|move|p1b: Incineroar|Flare Blitz|p2a: Sneasler\n|-damage|p2a: Sneasler|0 fnt\n|faint|p2a: Sneasler\n|-damage|p1b: Incineroar|23/100|[from] Recoil\n|\n|upkeep\n|\n|t:|1788187361\n|switch|p2a: Dragonite|Dragonite, L50, M|100/100\n|turn|3\n|\n|t:|1788187367\n|switch|p1b: Sinistcha|Sinistcha, L50|100/100\n|-heal|p1a: Blastoise|60/100|[from] ability: Hospitality|[of] p1b: Sinistcha\n|detailschange|p2a: Dragonite|Dragonite-Mega, L50, M\n|-mega|p2a: Dragonite|Dragonite|Dragoninite\n|move|p2b: Garchomp|Rock Slide|p1a: Blastoise|[spread] p1a,p1b\n|-damage|p1a: Blastoise|44/100\n|-damage|p1b: Sinistcha|89/100\n|move|p2a: Dragonite|Thunderbolt|p1a: Blastoise\n|-supereffective|p1a: Blastoise|1\n|-damage|p1a: Blastoise|0 fnt\n|faint|p1a: Blastoise\n|\n|upkeep\n|\n|t:|1788187367\n|switch|p1a: Incineroar|Incineroar, L50, M|23/100\n|-ability|p1a: Incineroar|Intimidate|boost\n|-unboost|p2a: Dragonite|atk|1\n|-unboost|p2b: Garchomp|atk|1\n|turn|4\n|\n|t:|1788187391\n|move|p2a: Dragonite|Protect|p2a: Dragonite\n|-singleturn|p2a: Dragonite|Protect\n|move|p2b: Garchomp|Rock Slide|p1b: Sinistcha|[spread] p1a,p1b\n|-supereffective|p1a: Incineroar|1\n|-damage|p1a: Incineroar|5/100\n|-damage|p1b: Sinistcha|80/100\n|move|p1a: Incineroar|Parting Shot|p2a: Dragonite\n|-activate|p2a: Dragonite|move: Protect\n|move|p1b: Sinistcha|Trick Room|p1b: Sinistcha\n|-fieldstart|move: Trick Room|[of] p1b: Sinistcha\n|\n|upkeep\n|turn|5\n|\n|t:|1788187407\n|switch|p1a: Delphox|Delphox, L50, M, shiny|100/100\n|move|p1b: Sinistcha|Matcha Gotcha|p2b: Garchomp|[spread] p2a,p2b\n|-resisted|p2a: Dragonite|2\n|-damage|p2a: Dragonite|97/100\n|-heal|p1b: Sinistcha|81/100|[from] drain|[of] p2a: Dragonite\n|-damage|p2b: Garchomp|59/100\n|-heal|p1b: Sinistcha|94/100|[from] drain|[of] p2b: Garchomp\n|move|p2a: Dragonite|Dragon Pulse|p1a: Delphox\n|-damage|p1a: Delphox|40/100\n|move|p2b: Garchomp|Rock Slide|p1b: Sinistcha|[spread] p1a,p1b\n|-supereffective|p1a: Delphox|1\n|-damage|p1a: Delphox|10/100\n|-damage|p1b: Sinistcha|85/100\n|\n|upkeep\n|turn|6\n|inactive|Bananin4 has 30 seconds left.\n|\n|t:|1788187432\n|move|p1a: Delphox|Protect|p1a: Delphox\n|-singleturn|p1a: Delphox|Protect\n|move|p2a: Dragonite|Dragon Pulse|p1a: Delphox\n|-activate|p1a: Delphox|move: Protect\n|move|p2b: Garchomp|Rock Slide|p1a: Delphox|[spread] p1b\n|-activate|p1a: Delphox|move: Protect\n|-damage|p1b: Sinistcha|77/100\n|move|p1b: Sinistcha|Trick Room|p1b: Sinistcha\n|-fieldend|move: Trick Room\n|\n|upkeep\n|turn|7\n|\n|t:|1788187444\n|switch|p1a: Incineroar|Incineroar, L50, M|5/100\n|-ability|p1a: Incineroar|Intimidate|boost\n|-unboost|p2a: Dragonite|atk|1\n|-unboost|p2b: Garchomp|atk|1\n|move|p1b: Sinistcha|Protect|p1b: Sinistcha\n|-singleturn|p1b: Sinistcha|Protect\n|move|p2b: Garchomp|Rock Slide|p1b: Sinistcha|[spread] p1a\n|-activate|p1b: Sinistcha|move: Protect\n|-supereffective|p1a: Incineroar|1\n|-damage|p1a: Incineroar|0 fnt\n|faint|p1a: Incineroar\n|move|p2a: Dragonite|Dragon Pulse|p1b: Sinistcha\n|-activate|p1b: Sinistcha|move: Protect\n|\n|upkeep\n|\n|t:|1788187445\n|switch|p1a: Delphox|Delphox, L50, M, shiny|10/100\n|turn|8\n|\n|t:|1788187468\n|move|p1a: Delphox|Protect|p1a: Delphox\n|-singleturn|p1a: Delphox|Protect\n|move|p2b: Garchomp|Rock Slide|p1a: Delphox|[spread] p1b\n|-activate|p1a: Delphox|move: Protect\n|-damage|p1b: Sinistcha|70/100\n|move|p2a: Dragonite|Dragon Pulse|p1b: Sinistcha\n|-damage|p1b: Sinistcha|17/100\n|-enditem|p1b: Sinistcha|Sitrus Berry|[eat]\n|-heal|p1b: Sinistcha|42/100|[from] item: Sitrus Berry\n|cant|p1b: Sinistcha|flinch\n|\n|upkeep\n|turn|9\n|\n|t:|1788187483\n|move|p1b: Sinistcha|Rage Powder|p1b: Sinistcha\n|-singleturn|p1b: Sinistcha|move: Rage Powder\n|move|p2b: Garchomp|Rock Slide|p1b: Sinistcha|[spread] p1a,p1b\n|-supereffective|p1a: Delphox|1\n|-damage|p1a: Delphox|0 fnt\n|-damage|p1b: Sinistcha|35/100\n|faint|p1a: Delphox\n|move|p2a: Dragonite|Dragon Pulse|p1b: Sinistcha\n|-damage|p1b: Sinistcha|0 fnt\n|faint|p1b: Sinistcha\n|\n|win|Bananin4\n","uploadtime":1788187483,"views":"0","formatid":"gen9championsvgc2026regmbbo3","rating":null,"private":0,"password":null}