{"id":"gen9championsvgc2026regmb-2674642450","format":"[Gen 9 Champions] VGC 2026 Reg M-B","players":["Pawah","420Eesh"],"log":"|j|☆Pawah\n|j|☆420Eesh\n|t:|1788384068\n|gametype|doubles\n|player|p1|Pawah|ethan|1154\n|player|p2|420Eesh|102|1077\n|gen|9\n|tier|[Gen 9 Champions] VGC 2026 Reg M-B\n|rated|\n|rule|Species Clause: Limit one of each Pokémon\n|rule|Item Clause: Limit 1 of each item\n|clearpoke\n|poke|p1|Froslass, L50, F|\n|poke|p1|Scovillain, L50, F, shiny|\n|poke|p1|Basculegion, L50, M|\n|poke|p1|Kingambit, L50, F|\n|poke|p1|Sneasler, L50, M|\n|poke|p1|Lycanroc-Dusk, L50, F|\n|poke|p2|Gengar, L50, M|\n|poke|p2|Tyranitar, L50, F|\n|poke|p2|Archaludon, L50, M, shiny|\n|poke|p2|Garchomp, L50, F|\n|poke|p2|Farigiraf, L50, M, shiny|\n|poke|p2|Primarina, L50, F|\n|teampreview|4\n|inactive|Battle timer is ON: inactive players will automatically lose when time's up. (requested by Pawah)\n|inactive|420Eesh has 60 seconds left.\n|\n|t:|1788384118\n|teamsize|p1|4\n|teamsize|p2|4\n|start\n|switch|p1a: Froslass|Froslass, L50, F|100/100\n|switch|p1b: Sneasler|Sneasler, L50, M|100/100\n|switch|p2a: Gengar|Gengar, L50, M|100/100\n|switch|p2b: Primarina|Primarina, L50, F|100/100\n|turn|1\n|inactive|420Eesh has 30 seconds left.\n|\n|t:|1788384149\n|detailschange|p2a: Gengar|Gengar-Mega, L50, M\n|-mega|p2a: Gengar|Gengar|Gengarite\n|detailschange|p1a: Froslass|Froslass-Mega, L50, F\n|-mega|p1a: Froslass|Froslass|Froslassite\n|-weather|Snowscape|[from] ability: Snow Warning|[of] p1a: Froslass\n|move|p1b: Sneasler|Fake Out|p2b: Primarina\n|-damage|p2b: Primarina|83/100\n|move|p2a: Gengar|Shadow Ball|p1a: Froslass\n|-supereffective|p1a: Froslass|1\n|-damage|p1a: Froslass|0 fnt\n|faint|p1a: Froslass\n|cant|p2b: Primarina|flinch\n|\n|-weather|Snowscape|[upkeep]\n|upkeep\n|inactive|Pawah has 30 seconds left.\n|\n|t:|1788384182\n|switch|p1a: Kingambit|Kingambit, L50, F|100/100\n|turn|2\n|\n|t:|1788384191\n|move|p2a: Gengar|Focus Blast|p1a: Kingambit|[miss]\n|-miss|p2a: Gengar|p1a: Kingambit\n|move|p1b: Sneasler|Gunk Shot|p2b: Primarina|[miss]\n|-miss|p1b: Sneasler|p2b: Primarina\n|move|p2b: Primarina|Hyper Voice|p1b: Sneasler|[spread] p1a,p1b\n|-damage|p1a: Kingambit|65/100\n|-damage|p1b: Sneasler|53/100\n|move|p1a: Kingambit|Swords Dance|p1a: Kingambit\n|-boost|p1a: Kingambit|atk|2\n|\n|-weather|Snowscape|[upkeep]\n|upkeep\n|turn|3\n|\n|t:|1788384205\n|move|p1a: Kingambit|Sucker Punch|p2a: Gengar\n|-supereffective|p2a: Gengar|1\n|-damage|p2a: Gengar|0 fnt\n|faint|p2a: Gengar\n|move|p1b: Sneasler|Gunk Shot|p2b: Primarina\n|-supereffective|p2b: Primarina|1\n|-enditem|p2b: Primarina|Kebia Berry|[eat]\n|-enditem|p2b: Primarina|Kebia Berry|[weaken]\n|-damage|p2b: Primarina|16/100\n|move|p2b: Primarina|Hyper Voice|p1a: Kingambit|[spread] p1a,p1b\n|-damage|p1a: Kingambit|31/100\n|-damage|p1b: Sneasler|7/100\n|\n|-weather|Snowscape|[upkeep]\n|upkeep\n|\n|t:|1788384221\n|switch|p2a: Garchomp|Garchomp, L50, F|100/100\n|turn|4\n|\n|t:|1788384228\n|move|p1a: Kingambit|Sucker Punch|p2a: Garchomp\n|-damage|p2a: Garchomp|8/100\n|move|p2a: Garchomp|Stomping Tantrum|p1a: Kingambit\n|-supereffective|p1a: Kingambit|1\n|-damage|p1a: Kingambit|0 fnt\n|faint|p1a: Kingambit\n|move|p1b: Sneasler|Close Combat|p2b: Primarina\n|-resisted|p2b: Primarina|1\n|-damage|p2b: Primarina|0 fnt\n|-unboost|p1b: Sneasler|def|1\n|-unboost|p1b: Sneasler|spd|1\n|faint|p2b: Primarina\n|-enditem|p1b: Sneasler|White Herb\n|-clearnegativeboost|p1b: Sneasler|[silent]\n|\n|-weather|Snowscape|[upkeep]\n|upkeep\n|\n|t:|1788384241\n|switch|p2b: Tyranitar|Tyranitar, L50, F|100/100\n|switch|p1a: Basculegion|Basculegion, L50, M|100/100\n|-weather|Sandstorm|[from] ability: Sand Stream|[of] p2b: Tyranitar\n|turn|5\n|\n|t:|1788384253\n|move|p1a: Basculegion|Aqua Jet|p2a: Garchomp\n|-damage|p2a: Garchomp|0 fnt\n|faint|p2a: Garchomp\n|move|p1b: Sneasler|Close Combat|p2b: Tyranitar\n|-supereffective|p2b: Tyranitar|2\n|-damage|p2b: Tyranitar|0 fnt\n|-unboost|p1b: Sneasler|def|1\n|-unboost|p1b: Sneasler|spd|1\n|faint|p2b: Tyranitar\n|\n|win|Pawah\n|raw|Pawah's rating: 1154 &rarr; <strong>1174</strong><br />(+20 for winning)\n|raw|420Eesh's rating: 1077 &rarr; <strong>1060</strong><br />(-17 for losing)\n","uploadtime":1788384253,"views":"5","formatid":"gen9championsvgc2026regmb","rating":1060,"private":0,"password":null}