{"id":"gen9championsvgc2026regmbbo3-2674066005","format":"[Gen 9 Champions] VGC 2026 Reg M-B (Bo3)","players":["JakAttack626","anderitur"],"log":"|j|☆JakAttack626\n|j|☆anderitur\n|html|<table width=\"100%\"><tr><td align=\"left\">JakAttack626</td><td align=\"right\">anderitur</tr><tr><td align=\"left\"><i class=\"fa fa-circle-o\"></i> <i class=\"fa fa-circle-o\"></i> </td><td align=\"right\"><i class=\"fa fa-circle-o\"></i> <i class=\"fa fa-circle-o\"></i> </tr></table>\n|uhtml|bestof|<h2><strong>Game 1</strong> of <a href=\"/game-bestof3-gen9championsvgc2026regmbbo3-2674066004\">a best-of-3</a></h2>\n|t:|1788294558\n|gametype|doubles\n|player|p1|JakAttack626|pryce|1122\n|player|p2|anderitur|169|1255\n|gen|9\n|tier|[Gen 9 Champions] VGC 2026 Reg M-B (Bo3)\n|rated|\n|rule|Species Clause: Limit one of each Pokémon\n|rule|Item Clause: Limit 1 of each item\n|clearpoke\n|poke|p1|Scovillain, L50, M, shiny|\n|poke|p1|Basculegion, L50, M|\n|poke|p1|Kingambit, L50, F|\n|poke|p1|Sneasler, L50, F|\n|poke|p1|Lycanroc-Dusk, L50, M|\n|poke|p1|Froslass, L50, F|\n|poke|p2|Blaziken, L50, F|\n|poke|p2|Sneasler, L50, F|\n|poke|p2|Kingambit, L50, M|\n|poke|p2|Sinistcha, L50|\n|poke|p2|Froslass, L50, F|\n|poke|p2|Incineroar, L50, M|\n|teampreview|4\n|showteam|p1|Scovillain||Scovillainite|Moody|GigaDrain,Overheat,RagePowder,Protect|Bold||M|||50|]Basculegion||LifeOrb|Adaptability|WaveCrash,AquaJet,LastRespects,Protect|Adamant||M|||50|]Kingambit||BlackGlasses|Defiant|KowtowCleave,SuckerPunch,SwordsDance,Protect|Adamant||F|||50|]Sneasler||WhiteHerb|Unburden|DireClaw,CloseCombat,FakeOut,Protect|Adamant||F|||50|]Lycanroc-Dusk||FocusSash|ToughClaws|RockSlide,CloseCombat,Accelerock,Protect|Adamant||M|||50|]Froslass||Froslassite|CursedBody|Blizzard,ShadowBall,AuroraVeil,Protect|Timid||F|||50|\n|showteam|p2|Blaziken||Blazikenite|SpeedBoost|FlareBlitz,CloseCombat,RockSlide,Detect|Adamant||F|||50|]Sneasler||WhiteHerb|Unburden|FakeOut,CloseCombat,DireClaw,Protect|Adamant||F|||50|]Kingambit||BlackGlasses|Defiant|KowtowCleave,SuckerPunch,SwordsDance,Protect|Adamant||M|||50|]Sinistcha||OccaBerry|Hospitality|ShadowBall,MatchaGotcha,RagePowder,TrickRoom|Bold|||||50|]Froslass||Froslassite|SnowCloak|Blizzard,ShadowBall,AuroraVeil,Protect|Timid||F|||50|]Incineroar||SitrusBerry|Intimidate|FakeOut,FlareBlitz,HelpingHand,PartingShot|Careful||M|||50|\n|inactive|Battle timer is ON: inactive players will automatically lose when time's up. (requested by anderitur)\n|inactive|JakAttack626 has 60 seconds left.\n|inactive|anderitur has 60 seconds left.\n|\n|t:|1788294602\n|teamsize|p1|4\n|teamsize|p2|4\n|start\n|switch|p1a: Dirt road|Lycanroc-Dusk, L50, M|100/100\n|switch|p1b: Kachow|Sneasler, L50, F|100/100\n|switch|p2a: Kingambit|Kingambit, L50, M|100/100\n|switch|p2b: Blaziken|Blaziken, L50, F|100/100\n|turn|1\n|\n|t:|1788294626\n|switch|p2a: Sinistcha|Sinistcha, L50|100/100\n|move|p2b: Blaziken|Detect|p2b: Blaziken\n|-singleturn|p2b: Blaziken|Protect\n|move|p1b: Kachow|Close Combat|p2a: Sinistcha\n|-immune|p2a: Sinistcha\n|move|p1a: Dirt road|Rock Slide|p2b: Blaziken|[spread] p2a\n|-activate|p2b: Blaziken|move: Protect\n|-damage|p2a: Sinistcha|76/100\n|\n|-ability|p2b: Blaziken|Speed Boost|boost\n|-boost|p2b: Blaziken|spe|1\n|upkeep\n|turn|2\n|inactive|anderitur has 30 seconds left.\n|\n|t:|1788294654\n|detailschange|p2b: Blaziken|Blaziken-Mega, L50, F\n|-mega|p2b: Blaziken|Blaziken|Blazikenite\n|move|p2b: Blaziken|Flare Blitz|p1b: Kachow\n|-damage|p1b: Kachow|0 fnt\n|faint|p1b: Kachow\n|-damage|p2b: Blaziken|63/100|[from] Recoil\n|move|p1a: Dirt road|Close Combat|p2b: Blaziken\n|-damage|p2b: Blaziken|0 fnt\n|-unboost|p1a: Dirt road|def|1\n|-unboost|p1a: Dirt road|spd|1\n|faint|p2b: Blaziken\n|move|p2a: Sinistcha|Matcha Gotcha|p1a: Dirt road\n|-supereffective|p1a: Dirt road|1\n|-enditem|p1a: Dirt road|Focus Sash\n|-damage|p1a: Dirt road|1/100\n|-heal|p2a: Sinistcha|100/100|[from] drain|[of] p1a: Dirt road\n|\n|upkeep\n|\n|t:|1788294675\n|switch|p1b: Beetle|Kingambit, L50, F|100/100\n|switch|p2b: Kingambit|Kingambit, L50, M|100/100\n|turn|3\n|\n|t:|1788294688\n|move|p1a: Dirt road|Rock Slide|p2b: Kingambit|[spread] p2a,p2b\n|-resisted|p2b: Kingambit|1\n|-damage|p2a: Sinistcha|73/100\n|-damage|p2b: Kingambit|88/100\n|move|p2a: Sinistcha|Matcha Gotcha|p1b: Beetle|[spread] p1a,p1b\n|-supereffective|p1a: Dirt road|1\n|-resisted|p1b: Beetle|1\n|-damage|p1a: Dirt road|0 fnt\n|-heal|p2a: Sinistcha|73/100|[from] drain|[of] p1a: Dirt road\n|-damage|p1b: Beetle|88/100\n|-heal|p2a: Sinistcha|80/100|[from] drain|[of] p1b: Beetle\n|faint|p1a: Dirt road\n|move|p2b: Kingambit|Swords Dance|p2b: Kingambit\n|-boost|p2b: Kingambit|atk|2\n|move|p1b: Beetle|Swords Dance|p1b: Beetle\n|-boost|p1b: Beetle|atk|2\n|\n|upkeep\n|\n|t:|1788294702\n|switch|p1a: Hot One|Scovillain, L50, M, shiny|100/100\n|turn|4\n|\n|t:|1788294725\n|detailschange|p1a: Hot One|Scovillain-Mega, L50, M, shiny\n|-mega|p1a: Hot One|Scovillain|Scovillainite\n|move|p1a: Hot One|Rage Powder|p1a: Hot One\n|-singleturn|p1a: Hot One|move: Rage Powder\n|move|p2a: Sinistcha|Rage Powder|p2a: Sinistcha\n|-singleturn|p2a: Sinistcha|move: Rage Powder\n|move|p2b: Kingambit|Kowtow Cleave|p1a: Hot One\n|-damage|p1a: Hot One|0 fnt\n|-status|p2b: Kingambit|brn|[from] ability: Spicy Spray|[of] p1a: Hot One\n|faint|p1a: Hot One\n|move|p1b: Beetle|Kowtow Cleave|p2a: Sinistcha\n|-supereffective|p2a: Sinistcha|1\n|-damage|p2a: Sinistcha|0 fnt\n|faint|p2a: Sinistcha\n|\n|-damage|p2b: Kingambit|82/100 brn|[from] brn\n|upkeep\n|\n|t:|1788294738\n|switch|p2a: Incineroar|Incineroar, L50, M|100/100\n|-ability|p2a: Incineroar|Intimidate|boost\n|-unboost|p1b: Beetle|atk|1\n|-ability|p1b: Beetle|Defiant|boost\n|-boost|p1b: Beetle|atk|2\n|turn|5\n|\n|t:|1788294757\n|move|p1b: Beetle|Protect|p1b: Beetle\n|-singleturn|p1b: Beetle|Protect\n|move|p2a: Incineroar|Fake Out|p1b: Beetle\n|-activate|p1b: Beetle|move: Protect\n|move|p2b: Kingambit|Swords Dance|p2b: Kingambit\n|-boost|p2b: Kingambit|atk|2\n|\n|-damage|p2b: Kingambit|76/100 brn|[from] brn\n|upkeep\n|turn|6\n|\n|t:|1788294772\n|move|p2b: Kingambit|Sucker Punch|p1b: Beetle\n|-resisted|p1b: Beetle|1\n|-damage|p1b: Beetle|61/100\n|move|p2a: Incineroar|Flare Blitz|p1b: Beetle\n|-supereffective|p1b: Beetle|1\n|-damage|p1b: Beetle|0 fnt\n|faint|p1b: Beetle\n|-damage|p2a: Incineroar|79/100|[from] Recoil\n|\n|win|anderitur\n|inactive|JakAttack626 has 30 seconds to confirm battle start!\n|inactive|anderitur has 30 seconds to confirm battle start!\n||JakAttack626 is ready for game 2.\n||anderitur is ready for game 2.\n|uhtml|next|Next: <a href=\"/battle-gen9championsvgc2026regmbbo3-2674067810\"><strong>Game 2 of 3</strong></a>\n","uploadtime":1788294772,"views":"7","formatid":"gen9championsvgc2026regmbbo3","rating":null,"private":0,"password":null}