{"id":"gen9championsvgc2026regmbbo3-2673292242","format":"[Gen 9 Champions] VGC 2026 Reg M-B (Bo3)","players":["smooth719","CaratroncoSun"],"log":"|j|☆smooth719\n|j|☆CaratroncoSun\n|html|<table width=\"100%\"><tr><td align=\"left\">smooth719</td><td align=\"right\">CaratroncoSun</tr><tr><td align=\"left\"><i class=\"fa fa-circle-o\"></i> <i class=\"fa fa-circle-o\"></i> </td><td align=\"right\"><i class=\"fa fa-circle-o\"></i> <i class=\"fa fa-circle\"></i> </tr></table>\n|uhtml|bestof|<h2><strong>Game 2</strong> of <a href=\"/game-bestof3-gen9championsvgc2026regmbbo3-2673290721\">a best-of-3</a></h2>\n|t:|1788178261\n|gametype|doubles\n|player|p1|smooth719|2|1099\n|player|p2|CaratroncoSun|265|1344\n|gen|9\n|tier|[Gen 9 Champions] VGC 2026 Reg M-B (Bo3)\n|rated|\n|rule|Species Clause: Limit one of each Pokémon\n|rule|Item Clause: Limit 1 of each item\n|clearpoke\n|poke|p1|Dragalge, L50, M|\n|poke|p1|Sinistcha, L50|\n|poke|p1|Gholdengo, L50|\n|poke|p1|Empoleon, L50, F|\n|poke|p1|Talonflame, L50, F|\n|poke|p1|Gallade, L50, M|\n|poke|p2|Charizard, L50, M, shiny|\n|poke|p2|Venusaur, L50, M, shiny|\n|poke|p2|Whimsicott, L50, M, shiny|\n|poke|p2|Basculegion, L50, M|\n|poke|p2|Tyranitar, L50, F|\n|poke|p2|Mamoswine, L50, F|\n|teampreview|4\n|showteam|p1|Dragalge||Dragalgite|PoisonPoint|SludgeBomb,FlipTurn,DracoMeteor,Toxic|Bold||M|||50|]Sinistcha||Leftovers|Hospitality|LifeDew,RagePowder,StrengthSap,MatchaGotcha|Calm|||||50|]Gholdengo||ChoiceScarf|GoodasGold|MakeItRain,ShadowBall,PowerGem,Trick|Timid|||||50|]Empoleon||LifeOrb|Competitive|HydroPump,FlashCannon,Protect,Haze|Timid||F|||50|]Talonflame||FocusSash|GaleWings|Tailwind,BraveBird,BlazeKick,Uturn|Jolly||F|||50|]Gallade||SitrusBerry|Sharpness|SacredSword,PsychoCut,WideGuard,QuickGuard|Jolly||M|||50|\n|showteam|p2|Charizard||CharizarditeY|Blaze|Protect,SolarBeam,HeatWave,AirSlash|Modest||M|||50|]Venusaur||WideLens|Chlorophyll|Protect,GigaDrain,EarthPower,SleepPowder|Modest||M|||50|]Whimsicott||FocusSash|Prankster|Protect,Moonblast,Tailwind,Encore|Timid||M|||50|]Basculegion||MysticWater|Adaptability|Protect,AquaJet,WaveCrash,LastRespects|Adamant||M|||50|]Tyranitar||Tyranitarite|SandStream|Protect,RockSlide,KnockOff,LowKick|Adamant||F|||50|]Mamoswine||LifeOrb|Oblivious|Protect,HighHorsepower,RockSlide,IceShard|Adamant||F|||50|\n|inactive|Battle timer is ON: inactive players will automatically lose when time's up. (requested by smooth719)\n|\n|t:|1788178279\n|teamsize|p1|4\n|teamsize|p2|4\n|start\n|switch|p1a: Dragalge|Dragalge, L50, M|100/100\n|switch|p1b: Talonflame|Talonflame, L50, F|100/100\n|switch|p2a: Tyranitar|Tyranitar, L50, F|100/100\n|switch|p2b: Charizard|Charizard, L50, M, shiny|100/100\n|-weather|Sandstorm|[from] ability: Sand Stream|[of] p2a: Tyranitar\n|turn|1\n|\n|t:|1788178289\n|detailschange|p1a: Dragalge|Dragalge-Mega, L50, M\n|-mega|p1a: Dragalge|Dragalge|Dragalgite\n|move|p2b: Charizard|Protect|p2b: Charizard\n|-singleturn|p2b: Charizard|Protect\n|move|p1b: Talonflame|Tailwind|p1b: Talonflame\n|-sidestart|p1: smooth719|move: Tailwind\n|move|p1a: Dragalge|Toxic|p2b: Charizard\n|-activate|p2b: Charizard|move: Protect\n|move|p2a: Tyranitar|Rock Slide|p1a: Dragalge|[spread] p1a\n|-miss|p2a: Tyranitar|p1b: Talonflame\n|-damage|p1a: Dragalge|75/100\n|\n|-weather|Sandstorm|[upkeep]\n|-damage|p1b: Talonflame|94/100|[from] Sandstorm\n|-damage|p2b: Charizard|94/100|[from] Sandstorm\n|-damage|p1a: Dragalge|69/100|[from] Sandstorm\n|upkeep\n|turn|2\n|\n|t:|1788178310\n|move|p1b: Talonflame|U-turn|p2a: Tyranitar\n|-supereffective|p2a: Tyranitar|1\n|-damage|p2a: Tyranitar|66/100\n|\n|t:|1788178313\n|switch|p1b: Gholdengo|Gholdengo, L50|100/100|[from] U-turn\n|move|p2b: Charizard|Air Slash|p1a: Dragalge\n|-damage|p1a: Dragalge|46/100\n|move|p1a: Dragalge|Toxic|p2b: Charizard\n|-status|p2b: Charizard|tox\n|move|p2a: Tyranitar|Knock Off|p1b: Gholdengo\n|-supereffective|p1b: Gholdengo|1\n|-damage|p1b: Gholdengo|0 fnt\n|-enditem|p1b: Gholdengo|Choice Scarf|[from] move: Knock Off|[of] p2a: Tyranitar\n|faint|p1b: Gholdengo\n|\n|-weather|Sandstorm|[upkeep]\n|-damage|p2b: Charizard|88/100 tox|[from] Sandstorm\n|-damage|p1a: Dragalge|40/100|[from] Sandstorm\n|-damage|p2b: Charizard|82/100 tox|[from] psn\n|upkeep\n|\n|t:|1788178325\n|switch|p1b: Gallade|Gallade, L50, M|100/100\n|turn|3\n|\n|t:|1788178338\n|-heal|p1a: Dragalge|73/100|[from] ability: Regenerator|[silent]\n|switch|p1a: Talonflame|Talonflame, L50, F|94/100\n|detailschange|p2b: Charizard|Charizard-Mega-Y, L50, M, shiny\n|-mega|p2b: Charizard|Charizard|Charizardite Y\n|-weather|SunnyDay|[from] ability: Drought|[of] p2b: Charizard\n|move|p2a: Tyranitar|Protect|p2a: Tyranitar\n|-singleturn|p2a: Tyranitar|Protect\n|move|p1b: Gallade|Psycho Cut|p2b: Charizard\n|-damage|p2b: Charizard|19/100 tox\n|move|p2b: Charizard|Air Slash|p1b: Gallade\n|-supereffective|p1b: Gallade|1\n|-damage|p1b: Gallade|0 fnt\n|faint|p1b: Gallade\n|\n|-weather|SunnyDay|[upkeep]\n|-damage|p2b: Charizard|7/100 tox|[from] psn\n|upkeep\n|\n|t:|1788178356\n|switch|p1b: Dragalge|Dragalge-Mega, L50, M|73/100\n|turn|4\n|\n|t:|1788178370\n|move|p1a: Talonflame|Blaze Kick|p2a: Tyranitar\n|-resisted|p2a: Tyranitar|1\n|-damage|p2a: Tyranitar|43/100\n|move|p2b: Charizard|Air Slash|p1b: Dragalge\n|-crit|p1b: Dragalge\n|-damage|p1b: Dragalge|28/100\n|move|p1b: Dragalge|Draco Meteor|p2a: Tyranitar\n|-damage|p2a: Tyranitar|0 fnt\n|-unboost|p1b: Dragalge|spa|2\n|faint|p2a: Tyranitar\n|\n|-weather|SunnyDay|[upkeep]\n|-damage|p2b: Charizard|0 fnt|[from] psn\n|faint|p2b: Charizard\n|-sideend|p1: smooth719|move: Tailwind\n|upkeep\n|\n|t:|1788178384\n|switch|p2b: Basculegion|Basculegion, L50, M|100/100\n|switch|p2a: Venusaur|Venusaur, L50, M, shiny|100/100\n|turn|5\n|\n|t:|1788178395\n|move|p2a: Venusaur|Earth Power|p1b: Dragalge\n|-supereffective|p1b: Dragalge|1\n|-damage|p1b: Dragalge|0 fnt\n|faint|p1b: Dragalge\n|move|p1a: Talonflame|Blaze Kick|p2a: Venusaur|[miss]\n|-miss|p1a: Talonflame|p2a: Venusaur\n|move|p2b: Basculegion|Wave Crash|p1a: Talonflame\n|-supereffective|p1a: Talonflame|1\n|-damage|p1a: Talonflame|0 fnt\n|faint|p1a: Talonflame\n|-damage|p2b: Basculegion|75/100|[from] Recoil\n|\n|win|CaratroncoSun\n|raw|smooth719's rating: 1099 &rarr; <strong>1089</strong><br />(-10 for losing)\n|raw|CaratroncoSun's rating: 1344 &rarr; <strong>1352</strong><br />(+8 for winning)\n","uploadtime":1788178395,"views":"4","formatid":"gen9championsvgc2026regmbbo3","rating":1089,"private":0,"password":null}