{"id":"gen9championsvgc2026regmb-2674075610","format":"[Gen 9 Champions] VGC 2026 Reg M-B","players":["messages","CandidClem"],"log":"|j|☆messages\n|j|☆CandidClem\n|t:|1788295770\n|gametype|doubles\n|player|p1|messages|waitress-gen4|\n|player|p2|CandidClem|101|\n|gen|9\n|tier|[Gen 9 Champions] VGC 2026 Reg M-B\n|rule|Species Clause: Limit one of each Pokémon\n|rule|Item Clause: Limit 1 of each item\n|clearpoke\n|poke|p1|Farigiraf, L50, F, shiny|\n|poke|p1|Machamp, L50, M, shiny|\n|poke|p1|Tauros-Paldea-Aqua, L50, M, shiny|\n|poke|p1|Venusaur, L50, M, shiny|\n|poke|p1|Charizard, L50, M, shiny|\n|poke|p1|Sharpedo, L50, M, shiny|\n|poke|p2|Tyranitar, L50, M|\n|poke|p2|Excadrill, L50, M|\n|poke|p2|Corviknight, L50, M|\n|poke|p2|Aromatisse, L50, F|\n|poke|p2|Milotic, L50, F|\n|poke|p2|Lycanroc, L50, M|\n|teampreview|4\n|\n|t:|1788295795\n|teamsize|p1|4\n|teamsize|p2|4\n|start\n|switch|p1a: Gassy Champ|Machamp, L50, M, shiny|100/100\n|switch|p1b: JAWS|Sharpedo, L50, M, shiny|100/100\n|switch|p2a: Aromatisse|Aromatisse, L50, F|100/100\n|switch|p2b: Milotic|Milotic, L50, F|100/100\n|turn|1\n|\n|t:|1788295832\n|switch|p1b: Fraudasaur|Venusaur, L50, M, shiny|100/100\n|move|p2b: Milotic|Muddy Water|p1b: Fraudasaur|[spread] p1a,p1b\n|-resisted|p1b: Fraudasaur|1\n|-damage|p1a: Gassy Champ|80/100\n|-damage|p1b: Fraudasaur|86/100\n|move|p1a: Gassy Champ|Heavy Slam|p2a: Aromatisse\n|-supereffective|p2a: Aromatisse|1\n|-damage|p2a: Aromatisse|0 fnt\n|faint|p2a: Aromatisse\n|-damage|p1a: Gassy Champ|70/100|[from] item: Life Orb\n|\n|upkeep\n|\n|t:|1788295845\n|switch|p2a: Tyranitar|Tyranitar, L50, M|100/100\n|-weather|Sandstorm|[from] ability: Sand Stream|[of] p2a: Tyranitar\n|turn|2\n|\n|t:|1788295854\n|move|p2a: Tyranitar|Protect|p2a: Tyranitar\n|-singleturn|p2a: Tyranitar|Protect\n|move|p1b: Fraudasaur|Energy Ball|p2b: Milotic\n|-supereffective|p2b: Milotic|1\n|-damage|p2b: Milotic|40/100\n|-enditem|p2b: Milotic|Sitrus Berry|[eat]\n|-heal|p2b: Milotic|65/100|[from] item: Sitrus Berry\n|move|p2b: Milotic|Scald|p1a: Gassy Champ\n|-damage|p1a: Gassy Champ|47/100\n|move|p1a: Gassy Champ|Dynamic Punch|p2a: Tyranitar\n|-activate|p2a: Tyranitar|move: Protect\n|\n|-weather|Sandstorm|[upkeep]\n|-damage|p1b: Fraudasaur|80/100|[from] Sandstorm\n|-damage|p2b: Milotic|59/100|[from] Sandstorm\n|-damage|p1a: Gassy Champ|41/100|[from] Sandstorm\n|upkeep\n|turn|3\n|\n|t:|1788295880\n|move|p2a: Tyranitar|Protect||[still]\n|-fail|p2a: Tyranitar\n|move|p1b: Fraudasaur|Energy Ball|p2b: Milotic\n|-supereffective|p2b: Milotic|1\n|-damage|p2b: Milotic|0 fnt\n|faint|p2b: Milotic\n|move|p1a: Gassy Champ|Dynamic Punch|p2a: Tyranitar\n|-supereffective|p2a: Tyranitar|2\n|-enditem|p2a: Tyranitar|Chople Berry|[eat]\n|-enditem|p2a: Tyranitar|Chople Berry|[weaken]\n|-damage|p2a: Tyranitar|24/100\n|-start|p2a: Tyranitar|confusion\n|-damage|p1a: Gassy Champ|31/100|[from] item: Life Orb\n|\n|-weather|Sandstorm|[upkeep]\n|-damage|p1b: Fraudasaur|75/100|[from] Sandstorm\n|-damage|p1a: Gassy Champ|25/100|[from] Sandstorm\n|upkeep\n|\n|t:|1788295898\n|switch|p2b: Lycanroc|Lycanroc, L50, M|100/100\n|turn|4\n|\n|t:|1788295924\n|move|p2b: Lycanroc|Swords Dance|p2b: Lycanroc\n|-boost|p2b: Lycanroc|atk|2\n|move|p1b: Fraudasaur|Energy Ball|p2a: Tyranitar\n|-supereffective|p2a: Tyranitar|1\n|-damage|p2a: Tyranitar|0 fnt\n|faint|p2a: Tyranitar\n|move|p1a: Gassy Champ|Dynamic Punch|p2b: Lycanroc\n|-supereffective|p2b: Lycanroc|1\n|-enditem|p2b: Lycanroc|Focus Sash\n|-damage|p2b: Lycanroc|1/100\n|-start|p2b: Lycanroc|confusion\n|-damage|p1a: Gassy Champ|15/100|[from] item: Life Orb\n|\n|-weather|Sandstorm|[upkeep]\n|-damage|p1b: Fraudasaur|69/100|[from] Sandstorm\n|-damage|p1a: Gassy Champ|9/100|[from] Sandstorm\n|upkeep\n|turn|5\n|\n|t:|1788295938\n|move|p1a: Gassy Champ|Bullet Punch|p2b: Lycanroc\n|-supereffective|p2b: Lycanroc|1\n|-damage|p2b: Lycanroc|0 fnt\n|faint|p2b: Lycanroc\n|-damage|p1a: Gassy Champ|0 fnt|[from] item: Life Orb\n|faint|p1a: Gassy Champ\n|\n|win|messages\n","uploadtime":1788295942,"views":"0","formatid":"gen9championsvgc2026regmb","rating":null,"private":0,"password":null}