{"id":"gen9championsvgc2026regmbbo3-2674151062","format":"[Gen 9 Champions] VGC 2026 Reg M-B (Bo3)","players":["nwalesu","sixivs"],"log":"|j|☆nwalesu\n|j|☆sixivs\n|html|<table width=\"100%\"><tr><td align=\"left\">nwalesu</td><td align=\"right\">sixivs</tr><tr><td align=\"left\"><i class=\"fa fa-circle-o\"></i> <i class=\"fa fa-circle-o\"></i> </td><td align=\"right\"><i class=\"fa fa-circle-o\"></i> <i class=\"fa fa-circle-o\"></i> </tr></table>\n|uhtml|bestof|<h2><strong>Game 1</strong> of <a href=\"/game-bestof3-gen9championsvgc2026regmbbo3-2674151061\">a best-of-3</a></h2>\n|t:|1788306742\n|gametype|doubles\n|player|p1|nwalesu|2|1077\n|player|p2|sixivs|102|1117\n|gen|9\n|tier|[Gen 9 Champions] VGC 2026 Reg M-B (Bo3)\n|rated|\n|rule|Species Clause: Limit one of each Pokémon\n|rule|Item Clause: Limit 1 of each item\n|clearpoke\n|poke|p1|Staraptor, L50, F|\n|poke|p1|Incineroar, L50, F|\n|poke|p1|Whimsicott, L50, M|\n|poke|p1|Mamoswine, L50, F|\n|poke|p1|Gholdengo, L50|\n|poke|p1|Swampert, L50, M|\n|poke|p2|Floette-Eternal, L50, F|\n|poke|p2|Charizard, L50, M|\n|poke|p2|Whimsicott, L50, F|\n|poke|p2|Garchomp, L50, F|\n|poke|p2|Basculegion, L50, M|\n|poke|p2|Kingambit, L50, F|\n|teampreview|4\n|showteam|p1|Staraptor||Staraptite|Intimidate|BraveBird,CloseCombat,Tailwind,Protect|Jolly||F|||50|]Incineroar||PasshoBerry|Intimidate|FakeOut,FlareBlitz,PartingShot,Taunt|Impish||F|||50|]Whimsicott||FocusSash|Prankster|Tailwind,EnergyBall,Moonblast,Tickle|Modest||M|||50|]Mamoswine||LifeOrb|Oblivious|HighHorsepower,IceShard,IcicleCrash,Protect|Adamant||F|||50|]Gholdengo||MetalCoat|GoodasGold|MakeItRain,ShadowBall,Protect,NastyPlot|Modest|||||50|]Swampert||RindoBerry|Torrent|WideGuard,IcyWind,StoneEdge,MirrorCoat|Careful||M|||50|\n|showteam|p2|Floette-Eternal||Floettite|FlowerVeil|Moonblast,DazzlingGleam,LightofRuin,Protect|Modest||F|||50|]Charizard||CharizarditeY|Blaze|HeatWave,WeatherBall,SolarBeam,Protect|Modest||M|||50|]Whimsicott||FocusSash|Prankster|Moonblast,Tailwind,Encore,Protect|Timid||F|||50|]Garchomp||LifeOrb|RoughSkin|DragonClaw,Earthquake,RockSlide,Protect|Jolly||F|||50|]Basculegion||MysticWater|Adaptability|WaveCrash,LastRespects,AquaJet,Protect|Adamant||M|||50|]Kingambit||BlackGlasses|Defiant|KowtowCleave,SuckerPunch,IronHead,Protect|Adamant||F|||50|\n|inactive|Battle timer is ON: inactive players will automatically lose when time's up. (requested by nwalesu)\n|inactive|nwalesu has 60 seconds left.\n|inactive|sixivs has 60 seconds left.\n|l|☆nwalesu\n|inactive|nwalesu disconnected and has a minute to reconnect!\n|player|p1|\n|j|☆nwalesu\n|inactive|nwalesu reconnected.\n|player|p1|nwalesu|2|\n|inactive|sixivs has 30 seconds left.\n|\n|t:|1788306813\n|teamsize|p1|4\n|teamsize|p2|4\n|start\n|switch|p1a: Swampert|Swampert, L50, M|100/100\n|switch|p1b: Whimsicott|Whimsicott, L50, M|100/100\n|switch|p2a: Whimsicott|Whimsicott, L50, F|100/100\n|switch|p2b: Floette|Floette-Eternal, L50, F|100/100\n|turn|1\n|inactive|sixivs has 30 seconds left.\n|\n|t:|1788306845\n|detailschange|p2b: Floette|Floette-Mega, L50, F\n|-mega|p2b: Floette|Floette|Floettite\n|-ability|p2b: Floette|Fairy Aura\n|move|p1b: Whimsicott|Tailwind|p1b: Whimsicott\n|-sidestart|p1: nwalesu|move: Tailwind\n|move|p2a: Whimsicott|Moonblast|p1b: Whimsicott\n|-damage|p1b: Whimsicott|24/100\n|move|p1a: Swampert|Icy Wind|p2b: Floette|[spread] p2a,p2b\n|-supereffective|p2a: Whimsicott|1\n|-damage|p2a: Whimsicott|75/100\n|-damage|p2b: Floette|93/100\n|-unboost|p2a: Whimsicott|spe|1\n|-unboost|p2b: Floette|spe|1\n|move|p2b: Floette|Moonblast|p1b: Whimsicott\n|-damage|p1b: Whimsicott|0 fnt\n|faint|p1b: Whimsicott\n|\n|upkeep\n|\n|t:|1788306865\n|switch|p1b: Mamoswine|Mamoswine, L50, F|100/100\n|turn|2\n|\n|t:|1788306884\n|move|p1b: Mamoswine|Ice Shard|p2a: Whimsicott\n|-supereffective|p2a: Whimsicott|1\n|-damage|p2a: Whimsicott|0 fnt\n|faint|p2a: Whimsicott\n|-damage|p1b: Mamoswine|90/100|[from] item: Life Orb\n|move|p2b: Floette|Dazzling Gleam|p1a: Swampert|[spread] p1a,p1b\n|-damage|p1a: Swampert|66/100\n|-damage|p1b: Mamoswine|28/100\n|move|p1a: Swampert|Mirror Coat|p2b: Floette\n|-damage|p2b: Floette|4/100\n|\n|upkeep\n|\n|t:|1788306894\n|switch|p2a: Basculegion|Basculegion, L50, M|100/100\n|turn|3\n|\n|t:|1788306901\n|move|p1b: Mamoswine|Protect|p1b: Mamoswine\n|-singleturn|p1b: Mamoswine|Protect\n|move|p2b: Floette|Protect|p2b: Floette\n|-singleturn|p2b: Floette|Protect\n|move|p2a: Basculegion|Aqua Jet|p1b: Mamoswine\n|-activate|p1b: Mamoswine|move: Protect\n|move|p1a: Swampert|Icy Wind|p2b: Floette|[spread] p2a\n|-activate|p2b: Floette|move: Protect\n|-resisted|p2a: Basculegion|1\n|-damage|p2a: Basculegion|95/100\n|-unboost|p2a: Basculegion|spe|1\n|\n|upkeep\n|turn|4\n|\n|t:|1788306920\n|switch|p1b: Staraptor|Staraptor, L50, F|100/100\n|-ability|p1b: Staraptor|Intimidate|boost\n|-unboost|p2a: Basculegion|atk|1\n|-unboost|p2b: Floette|atk|1\n|switch|p2b: Charizard|Charizard, L50, M|100/100\n|move|p2a: Basculegion|Aqua Jet|p1b: Staraptor\n|-damage|p1b: Staraptor|64/100\n|move|p1a: Swampert|Icy Wind|p2a: Basculegion|[spread] p2a,p2b\n|-resisted|p2a: Basculegion|1\n|-damage|p2a: Basculegion|91/100\n|-damage|p2b: Charizard|91/100\n|-unboost|p2a: Basculegion|spe|1\n|-unboost|p2b: Charizard|spe|1\n|\n|-sideend|p1: nwalesu|move: Tailwind\n|upkeep\n|turn|5\n|inactive|nwalesu has 30 seconds left.\n|inactive|sixivs has 30 seconds left.\n|l|☆nwalesu\n|inactive|nwalesu disconnected and has a minute to reconnect!\n|player|p1|\n|\n|t:|1788306962\n|detailschange|p1b: Staraptor|Staraptor-Mega, L50, F\n|-mega|p1b: Staraptor|Staraptor|Staraptite\n|move|p1b: Staraptor|Tailwind|p1b: Staraptor\n|-sidestart|p1: nwalesu|move: Tailwind\n|move|p1a: Swampert|Stone Edge|p2b: Charizard\n|-supereffective|p2b: Charizard|2\n|-crit|p2b: Charizard\n|-damage|p2b: Charizard|0 fnt\n|faint|p2b: Charizard\n|move|p2a: Basculegion|Wave Crash|p1b: Staraptor\n|-damage|p1b: Staraptor|0 fnt\n|faint|p1b: Staraptor\n|-damage|p2a: Basculegion|74/100|[from] Recoil\n|\n|upkeep\n|j|☆nwalesu\n|inactive|nwalesu reconnected and has 50 seconds left.\n|player|p1|nwalesu|2|\n|\n|t:|1788306974\n|switch|p1b: Mamoswine|Mamoswine, L50, F|28/100\n|switch|p2b: Floette|Floette-Mega, L50, F|4/100\n|-ability|p2b: Floette|Fairy Aura\n|turn|6\n|\n|t:|1788306986\n|move|p1b: Mamoswine|Protect|p1b: Mamoswine\n|-singleturn|p1b: Mamoswine|Protect\n|move|p2b: Floette|Protect|p2b: Floette\n|-singleturn|p2b: Floette|Protect\n|move|p1a: Swampert|Stone Edge|p2a: Basculegion\n|-damage|p2a: Basculegion|44/100\n|move|p2a: Basculegion|Wave Crash|p1a: Swampert\n|-damage|p1a: Swampert|2/100\n|-damage|p2a: Basculegion|22/100|[from] Recoil\n|\n|upkeep\n|turn|7\n|inactive|nwalesu has 30 seconds left.\n|inactive|sixivs has 30 seconds left.\n|\n|t:|1788307013\n|move|p1b: Mamoswine|Ice Shard|p2b: Floette\n|-damage|p2b: Floette|0 fnt\n|faint|p2b: Floette\n|-damage|p1b: Mamoswine|18/100|[from] item: Life Orb\n|move|p2a: Basculegion|Aqua Jet|p1b: Mamoswine\n|-supereffective|p1b: Mamoswine|1\n|-damage|p1b: Mamoswine|0 fnt\n|faint|p1b: Mamoswine\n|move|p1a: Swampert|Stone Edge|p2a: Basculegion\n|-damage|p2a: Basculegion|0 fnt\n|faint|p2a: Basculegion\n|\n|win|nwalesu\n|l|☆nwalesu\n|player|p1|\n||nwalesu is ready for game 2.\n","uploadtime":1788307023,"views":"4","formatid":"gen9championsvgc2026regmbbo3","rating":null,"private":0,"password":null}