{"id":"gen9championsvgc2026regmb-2674551798","format":"[Gen 9 Champions] VGC 2026 Reg M-B","players":["Sammias","tenspew"],"log":"|j|☆Sammias\n|j|☆tenspew\n|t:|1788373043\n|gametype|doubles\n|player|p1|Sammias|miku-ground|1671\n|player|p2|tenspew|palmer|1623\n|gen|9\n|tier|[Gen 9 Champions] VGC 2026 Reg M-B\n|rated|\n|rule|Species Clause: Limit one of each Pokémon\n|rule|Item Clause: Limit 1 of each item\n|clearpoke\n|poke|p1|Floette-Eternal, L50, F|\n|poke|p1|Kingambit, L50, M|\n|poke|p1|Sneasler, L50, F|\n|poke|p1|Whimsicott, L50, M, shiny|\n|poke|p1|Basculegion, L50, M|\n|poke|p1|Kommo-o, L50, M|\n|poke|p2|Incineroar, L50, M|\n|poke|p2|Grimmsnarl, L50, M|\n|poke|p2|Hippowdon, L50, M|\n|poke|p2|Venusaur, L50, F|\n|poke|p2|Toxapex, L50, M|\n|poke|p2|Staraptor, L50, M|\n|teampreview|4\n|inactive|Battle timer is ON: inactive players will automatically lose when time's up. (requested by Sammias)\n|inactive|Sammias has 60 seconds left.\n|inactive|tenspew has 60 seconds left.\n|\n|t:|1788373092\n|teamsize|p1|4\n|teamsize|p2|4\n|start\n|switch|p1a: Basculegion|Basculegion, L50, M|100/100\n|switch|p1b: Sneasler|Sneasler, L50, F|100/100\n|switch|p2a: Venusaur|Venusaur, L50, F|100/100\n|switch|p2b: Grimmsnarl|Grimmsnarl, L50, M|100/100\n|turn|1\n|\n|t:|1788373113\n|detailschange|p2a: Venusaur|Venusaur-Mega, L50, F\n|-mega|p2a: Venusaur|Venusaur|Venusaurite\n|move|p1b: Sneasler|Fake Out|p2b: Grimmsnarl\n|-damage|p2b: Grimmsnarl|86/100\n|cant|p2b: Grimmsnarl|flinch\n|move|p1a: Basculegion|Wave Crash|p2b: Grimmsnarl\n|-damage|p2b: Grimmsnarl|6/100\n|-damage|p1a: Basculegion|73/100|[from] Recoil\n|move|p2a: Venusaur|Earth Power|p1b: Sneasler\n|-supereffective|p1b: Sneasler|1\n|-damage|p1b: Sneasler|15/100\n|\n|upkeep\n|turn|2\n|\n|t:|1788373126\n|move|p2b: Grimmsnarl|Reflect|p2b: Grimmsnarl\n|-sidestart|p2: tenspew|Reflect\n|move|p1a: Basculegion|Wave Crash|p2b: Grimmsnarl\n|-damage|p2b: Grimmsnarl|0 fnt\n|faint|p2b: Grimmsnarl\n|-damage|p1a: Basculegion|71/100|[from] Recoil\n|move|p1b: Sneasler|Dire Claw|p2a: Venusaur\n|-damage|p2a: Venusaur|78/100\n|move|p2a: Venusaur|Giga Drain|p1a: Basculegion\n|-supereffective|p1a: Basculegion|1\n|-damage|p1a: Basculegion|0 fnt\n|-heal|p2a: Venusaur|100/100|[from] drain|[of] p1a: Basculegion\n|faint|p1a: Basculegion\n|\n|upkeep\n|\n|t:|1788373149\n|switch|p1a: Kommo-o|Kommo-o, L50, M|100/100\n|switch|p2b: Toxapex|Toxapex, L50, M|100/100\n|turn|3\n|\n|t:|1788373158\n|move|p1b: Sneasler|Taunt|p2b: Toxapex\n|-start|p2b: Toxapex|move: Taunt\n|move|p1a: Kommo-o|Clanging Scales|p2a: Venusaur|[spread] p2a,p2b\n|-damage|p2a: Venusaur|56/100\n|-damage|p2b: Toxapex|64/100\n|-unboost|p1a: Kommo-o|def|1\n|-damage|p1a: Kommo-o|90/100|[from] item: Life Orb\n|move|p2a: Venusaur|Earth Power|p1b: Sneasler\n|-supereffective|p1b: Sneasler|1\n|-crit|p1b: Sneasler\n|-damage|p1b: Sneasler|0 fnt\n|faint|p1b: Sneasler\n|cant|p2b: Toxapex|move: Taunt|Toxic\n|\n|-heal|p2b: Toxapex|70/100|[from] item: Leftovers\n|upkeep\n|\n|t:|1788373170\n|switch|p1b: Floette|Floette-Eternal, L50, F|100/100\n|turn|4\n|inactive|tenspew has 30 seconds left.\n|inactive|Sammias has 30 seconds left.\n|\n|t:|1788373202\n|-heal|p2b: Toxapex|100/100|[from] ability: Regenerator|[silent]\n|switch|p2b: Staraptor|Staraptor, L50, M|100/100\n|-ability|p2b: Staraptor|Intimidate|boost\n|-unboost|p1a: Kommo-o|atk|1\n|-unboost|p1b: Floette|atk|1\n|detailschange|p1b: Floette|Floette-Mega, L50, F\n|-mega|p1b: Floette|Floette|Floettite\n|-ability|p1b: Floette|Fairy Aura\n|move|p2a: Venusaur|Protect|p2a: Venusaur\n|-singleturn|p2a: Venusaur|Protect\n|move|p1b: Floette|Dazzling Gleam|p2b: Staraptor|[spread] p2b\n|-activate|p2a: Venusaur|move: Protect\n|-damage|p2b: Staraptor|31/100\n|move|p1a: Kommo-o|Clanging Scales|p2b: Staraptor|[spread] p2b\n|-activate|p2a: Venusaur|move: Protect\n|-damage|p2b: Staraptor|0 fnt\n|faint|p2b: Staraptor\n|-unboost|p1a: Kommo-o|def|1\n|-damage|p1a: Kommo-o|80/100|[from] item: Life Orb\n|\n|upkeep\n|\n|t:|1788373221\n|switch|p2b: Toxapex|Toxapex, L50, M|100/100\n|turn|5\n|\n|t:|1788373228\n|move|p1b: Floette|Light of Ruin|p2a: Venusaur\n|-resisted|p2a: Venusaur|1\n|-damage|p2a: Venusaur|6/100\n|-damage|p1b: Floette|72/100|[from] Recoil\n|move|p1a: Kommo-o|Flamethrower|p2a: Venusaur\n|-supereffective|p2a: Venusaur|1\n|-damage|p2a: Venusaur|0 fnt\n|faint|p2a: Venusaur\n|-damage|p1a: Kommo-o|71/100|[from] item: Life Orb\n|move|p2b: Toxapex|Toxic|p1a: Kommo-o\n|-status|p1a: Kommo-o|tox\n|\n|-damage|p1a: Kommo-o|65/100 tox|[from] psn\n|upkeep\n|turn|6\n|\n|t:|1788373245\n|move|p1b: Floette|Moonblast|p2b: Toxapex\n|-resisted|p2b: Toxapex|1\n|-damage|p2b: Toxapex|77/100\n|move|p1a: Kommo-o|Clanging Scales|p2b: Toxapex\n|-damage|p2b: Toxapex|29/100\n|-unboost|p1a: Kommo-o|def|1\n|-damage|p1a: Kommo-o|55/100 tox|[from] item: Life Orb\n|move|p2b: Toxapex|Toxic|p1b: Floette\n|-status|p1b: Floette|tox\n|\n|-heal|p2b: Toxapex|35/100|[from] item: Leftovers\n|-damage|p1b: Floette|66/100 tox|[from] psn\n|-damage|p1a: Kommo-o|44/100 tox|[from] psn\n|upkeep\n|turn|7\n|\n|t:|1788373258\n|move|p2b: Toxapex|Baneful Bunker|p2b: Toxapex\n|-singleturn|p2b: Toxapex|move: Protect\n|move|p1b: Floette|Light of Ruin|p2b: Toxapex\n|-activate|p2b: Toxapex|move: Protect\n|move|p1a: Kommo-o|Clanging Scales|p2b: Toxapex\n|-activate|p2b: Toxapex|move: Protect\n|\n|-heal|p2b: Toxapex|41/100|[from] item: Leftovers\n|-damage|p1b: Floette|53/100 tox|[from] psn\n|-damage|p1a: Kommo-o|26/100 tox|[from] psn\n|upkeep\n|turn|8\n|\n|t:|1788373269\n|move|p1b: Floette|Moonblast|p2b: Toxapex\n|-resisted|p2b: Toxapex|1\n|-damage|p2b: Toxapex|18/100\n|move|p1a: Kommo-o|Clanging Scales|p2b: Toxapex\n|-damage|p2b: Toxapex|0 fnt\n|faint|p2b: Toxapex\n|-damage|p1a: Kommo-o|17/100 tox|[from] item: Life Orb\n|\n|win|Sammias\n|raw|Sammias's rating: 1671 &rarr; <strong>1688</strong><br />(+17 for winning)\n|raw|tenspew's rating: 1623 &rarr; <strong>1606</strong><br />(-17 for losing)\n|l|☆tenspew\n|player|p2|\n","uploadtime":1788373274,"views":"2","formatid":"gen9championsvgc2026regmb","rating":1606,"private":0,"password":null}