{"id":"gen9championsvgc2026regmbbo3-2675015514","format":"[Gen 9 Champions] VGC 2026 Reg M-B (Bo3)","players":["okkia3","AustiBear"],"log":"|j|☆okkia3\n|j|☆AustiBear\n|html|<table width=\"100%\"><tr><td align=\"left\">okkia3</td><td align=\"right\">AustiBear</tr><tr><td align=\"left\"><i class=\"fa fa-circle-o\"></i> <i class=\"fa fa-circle-o\"></i> </td><td align=\"right\"><i class=\"fa fa-circle-o\"></i> <i class=\"fa fa-circle-o\"></i> </tr></table>\n|uhtml|bestof|<h2><strong>Game 1</strong> of <a href=\"/game-bestof3-gen9championsvgc2026regmbbo3-2675015513\">a best-of-3</a></h2>\n|t:|1788448959\n|gametype|doubles\n|player|p1|okkia3|102|1135\n|player|p2|AustiBear|265|1186\n|gen|9\n|tier|[Gen 9 Champions] VGC 2026 Reg M-B (Bo3)\n|rated|\n|rule|Species Clause: Limit one of each Pokémon\n|rule|Item Clause: Limit 1 of each item\n|clearpoke\n|poke|p1|Charizard, L50, M|\n|poke|p1|Whimsicott, L50, M|\n|poke|p1|Basculegion, L50, M|\n|poke|p1|Farigiraf, L50, M|\n|poke|p1|Kangaskhan, L50, F|\n|poke|p1|Sneasler, L50, F|\n|poke|p2|Gengar, L50, M|\n|poke|p2|Raichu, L50, F|\n|poke|p2|Primarina, L50, F|\n|poke|p2|Whimsicott, L50, M|\n|poke|p2|Incineroar, L50, F|\n|poke|p2|Kommo-o, L50, F|\n|teampreview|4\n|showteam|p1|Charizard||CharizarditeY|SolarPower|WeatherBall,HeatWave,SolarBeam,Protect|Timid||M|||50|]Whimsicott||FocusSash|Prankster|Moonblast,Tailwind,SunnyDay,Encore|Timid||M|||50|]Basculegion||ChoiceScarf|Adaptability|WaveCrash,AquaJet,LastRespects,FlipTurn|Adamant||M|||50|]Farigiraf||SitrusBerry|ArmorTail|Psychic,HyperVoice,HelpingHand,TrickRoom|Modest||M|||50|]Kangaskhan||Kangaskhanite|Scrappy|FakeOut,DoubleEdge,DrainPunch,SuckerPunch|Adamant||F|||50|]Sneasler||WhiteHerb|Unburden|FakeOut,CloseCombat,DireClaw,RockTomb|Adamant||F|||50|\n|showteam|p2|Gengar||Gengarite|CursedBody|Thunderbolt,ShadowBall,PerishSong,Protect|Timid||M|||50|]Raichu||RaichuniteY|LightningRod|FakeOut,Encore,FocusBlast,ZapCannon|Hasty||F|||50|]Primarina||Leftovers|LiquidVoice|CalmMind,Protect,HyperVoice,PerishSong|Bold||F|||50|]Whimsicott||FocusSash|Prankster|Moonblast,Encore,Tailwind,Protect|Calm||M|||50|]Incineroar||ChopleBerry|Intimidate|FlareBlitz,FakeOut,DarkestLariat,PartingShot|Careful||F|||50|]Kommo-o||SitrusBerry|Soundproof|ClangingScales,AuraSphere,ClangorousSoul,Protect|Timid||F|||50|\n|inactive|Battle timer is ON: inactive players will automatically lose when time's up. (requested by okkia3)\n|\n|t:|1788448971\n|teamsize|p1|4\n|teamsize|p2|4\n|start\n|switch|p1a: Basculegion|Basculegion, L50, M|100/100\n|switch|p1b: Farigiraf|Farigiraf, L50, M|100/100\n|switch|p2a: Raichu|Raichu, L50, F|100/100\n|switch|p2b: Primarina|Primarina, L50, F|100/100\n|turn|1\n|\n|t:|1788448991\n|detailschange|p2a: Raichu|Raichu-Mega-Y, L50, F\n|-mega|p2a: Raichu|Raichu|Raichunite Y\n|move|p2a: Raichu|Zap Cannon|p1a: Basculegion\n|-supereffective|p1a: Basculegion|1\n|-damage|p1a: Basculegion|0 fnt\n|faint|p1a: Basculegion\n|move|p1b: Farigiraf|Psychic|p2a: Raichu\n|-damage|p2a: Raichu|33/100\n|move|p2b: Primarina|Calm Mind|p2b: Primarina\n|-boost|p2b: Primarina|spa|1\n|-boost|p2b: Primarina|spd|1\n|\n|upkeep\n|\n|t:|1788448991\n|switch|p1a: Kangaskhan|Kangaskhan, L50, F|100/100\n|turn|2\n|\n|t:|1788449003\n|detailschange|p1a: Kangaskhan|Kangaskhan-Mega, L50, F\n|-mega|p1a: Kangaskhan|Kangaskhan|Kangaskhanite\n|move|p1a: Kangaskhan|Fake Out|p2a: Raichu\n|-damage|p2a: Raichu|0 fnt\n|faint|p2a: Raichu\n|move|p1b: Farigiraf|Hyper Voice|p2b: Primarina\n|-damage|p2b: Primarina|78/100\n|move|p2b: Primarina|Calm Mind|p2b: Primarina\n|-boost|p2b: Primarina|spa|1\n|-boost|p2b: Primarina|spd|1\n|\n|-heal|p2b: Primarina|84/100|[from] item: Leftovers\n|upkeep\n|\n|t:|1788449011\n|switch|p2a: Incineroar|Incineroar, L50, F|100/100\n|-ability|p2a: Incineroar|Intimidate|boost\n|-unboost|p1a: Kangaskhan|atk|1\n|-unboost|p1b: Farigiraf|atk|1\n|turn|3\n|\n|t:|1788449021\n|move|p1a: Kangaskhan|Double-Edge|p2a: Incineroar\n|-damage|p2a: Incineroar|56/100\n|-damage|p2a: Incineroar|44/100\n|-hitcount|p2a: Incineroar|2\n|-damage|p1a: Kangaskhan|79/100|[from] Recoil\n|move|p2b: Primarina|Perish Song|p2b: Primarina\n|-start|p1a: Kangaskhan|perish3|[silent]\n|-start|p1b: Farigiraf|perish3|[silent]\n|-start|p2a: Incineroar|perish3|[silent]\n|-start|p2b: Primarina|perish3|[silent]\n|-fieldactivate|move: Perish Song\n|move|p2a: Incineroar|Parting Shot|p1a: Kangaskhan\n|-unboost|p1a: Kangaskhan|atk|1\n|-unboost|p1a: Kangaskhan|spa|1\n|\n|t:|1788449031\n|switch|p2a: Whimsicott|Whimsicott, L50, M|100/100|[from] Parting Shot\n|move|p1b: Farigiraf|Trick Room|p1b: Farigiraf\n|-fieldstart|move: Trick Room|[of] p1b: Farigiraf\n|\n|-heal|p2b: Primarina|90/100|[from] item: Leftovers\n|-start|p2b: Primarina|perish3\n|-start|p1b: Farigiraf|perish3\n|-start|p1a: Kangaskhan|perish3\n|upkeep\n|turn|4\n|\n|t:|1788449050\n|move|p2b: Primarina|Hyper Voice|p1a: Kangaskhan|[spread] p1a,p1b\n|-damage|p1a: Kangaskhan|19/100\n|-damage|p1b: Farigiraf|45/100\n|-enditem|p1b: Farigiraf|Sitrus Berry|[eat]\n|-heal|p1b: Farigiraf|70/100|[from] item: Sitrus Berry\n|move|p1b: Farigiraf|Psychic|p2a: Whimsicott\n|-damage|p2a: Whimsicott|64/100\n|move|p2a: Whimsicott|Moonblast|p1a: Kangaskhan\n|-damage|p1a: Kangaskhan|0 fnt\n|faint|p1a: Kangaskhan\n|\n|-heal|p2b: Primarina|96/100|[from] item: Leftovers\n|-start|p2b: Primarina|perish2\n|-start|p1b: Farigiraf|perish2\n|upkeep\n|\n|t:|1788449051\n|switch|p1a: Sneasler|Sneasler, L50, F|100/100\n|turn|5\n|inactive|AustiBear has 30 seconds left.\n|\n|t:|1788449077\n|switch|p2a: Incineroar|Incineroar, L50, F|44/100\n|-ability|p2a: Incineroar|Intimidate|boost\n|-unboost|p1a: Sneasler|atk|1\n|-unboost|p1b: Farigiraf|atk|1\n|-enditem|p1a: Sneasler|White Herb\n|-clearnegativeboost|p1a: Sneasler|[silent]\n|move|p1b: Farigiraf|Helping Hand|p1a: Sneasler\n|-singleturn|p1a: Sneasler|Helping Hand|[of] p1b: Farigiraf\n|move|p2b: Primarina|Hyper Voice|p1b: Farigiraf|[spread] p1a,p1b\n|-damage|p1a: Sneasler|15/100\n|-damage|p1b: Farigiraf|22/100\n|move|p1a: Sneasler|Dire Claw|p2a: Incineroar\n|-damage|p2a: Incineroar|0 fnt\n|faint|p2a: Incineroar\n|\n|-heal|p2b: Primarina|100/100|[from] item: Leftovers\n|-start|p2b: Primarina|perish1\n|-start|p1b: Farigiraf|perish1\n|upkeep\n|\n|t:|1788449089\n|switch|p2a: Whimsicott|Whimsicott, L50, M|64/100\n|turn|6\n|\n|t:|1788449094\n|move|p2b: Primarina|Hyper Voice|p1b: Farigiraf|[spread] p1a,p1b\n|-damage|p1a: Sneasler|0 fnt\n|-damage|p1b: Farigiraf|0 fnt\n|faint|p1a: Sneasler\n|faint|p1b: Farigiraf\n|\n|win|AustiBear\n","uploadtime":1788449094,"views":"1","formatid":"gen9championsvgc2026regmbbo3","rating":null,"private":0,"password":null}