{"id":"gen9championsvgc2026regmb-2674269020","format":"[Gen 9 Champions] VGC 2026 Reg M-B","players":["kobietdattengi","Noobiedoobie537"],"log":"|j|☆kobietdattengi\n|j|☆Noobiedoobie537\n|t:|1788327678\n|gametype|doubles\n|player|p1|kobietdattengi|101|1175\n|player|p2|Noobiedoobie537|lucas-gen4pt|1260\n|gen|9\n|tier|[Gen 9 Champions] VGC 2026 Reg M-B\n|rated|\n|rule|Species Clause: Limit one of each Pokémon\n|rule|Item Clause: Limit 1 of each item\n|clearpoke\n|poke|p1|Grimmsnarl, L50, M|\n|poke|p1|Swampert, L50, F|\n|poke|p1|Pelipper, L50, F|\n|poke|p1|Archaludon, L50, M|\n|poke|p1|Venusaur, L50, M|\n|poke|p1|Charizard, L50, F|\n|poke|p2|Reuniclus, L50, M, shiny|\n|poke|p2|Farigiraf, L50, F|\n|poke|p2|Sneasler, L50, F|\n|poke|p2|Pelipper, L50, F|\n|poke|p2|Swampert, L50, M|\n|poke|p2|Mawile, L50, F|\n|teampreview|4\n|j| j of hhhfyun\n|\n|t:|1788327710\n|teamsize|p1|4\n|teamsize|p2|4\n|start\n|switch|p1a: Charizard|Charizard, L50, F|100/100\n|switch|p1b: Venusaur|Venusaur, L50, M|100/100\n|switch|p2a: sukuna|Reuniclus, L50, M, shiny|100/100\n|switch|p2b: Harryhardtr|Farigiraf, L50, F|100/100\n|turn|1\n|\n|t:|1788327756\n|detailschange|p1a: Charizard|Charizard-Mega-Y, L50, F\n|-mega|p1a: Charizard|Charizard|Charizardite Y\n|-weather|SunnyDay|[from] ability: Drought|[of] p1a: Charizard\n|move|p2b: Harryhardtr|Protect|p2b: Harryhardtr\n|-singleturn|p2b: Harryhardtr|Protect\n|move|p1b: Venusaur|Sleep Powder|p2b: Harryhardtr\n|-activate|p2b: Harryhardtr|move: Protect\n|move|p1a: Charizard|Heat Wave|p2b: Harryhardtr|[spread] p2a\n|-activate|p2b: Harryhardtr|move: Protect\n|-damage|p2a: sukuna|43/100\n|move|p2a: sukuna|Trick Room|p2a: sukuna\n|-fieldstart|move: Trick Room|[of] p2a: sukuna\n|\n|-weather|SunnyDay|[upkeep]\n|upkeep\n|turn|2\n|\n|t:|1788327777\n|switch|p1b: Grimmsnarl|Grimmsnarl, L50, M|100/100\n|move|p2b: Harryhardtr|Helping Hand|p2a: sukuna\n|-singleturn|p2a: sukuna|Helping Hand|[of] p2b: Harryhardtr\n|move|p1a: Charizard|Protect|p1a: Charizard\n|-singleturn|p1a: Charizard|Protect\n|move|p2a: sukuna|Psychic|p1a: Charizard\n|-activate|p1a: Charizard|move: Protect\n|\n|-weather|SunnyDay|[upkeep]\n|upkeep\n|turn|3\n|\n|t:|1788327795\n|switch|p2b: Pelipper|Pelipper, L50, F|100/100\n|-weather|RainDance|[from] ability: Drizzle|[of] p2b: Pelipper\n|move|p1b: Grimmsnarl|Light Screen|p1b: Grimmsnarl\n|-sidestart|p1: kobietdattengi|move: Light Screen\n|move|p2a: sukuna|Psychic|p1a: Charizard\n|-damage|p1a: Charizard|61/100\n|move|p1a: Charizard|Heat Wave|p2b: Pelipper|[spread] p2a,p2b\n|-resisted|p2b: Pelipper|1\n|-damage|p2a: sukuna|23/100\n|-damage|p2b: Pelipper|86/100\n|-status|p2b: Pelipper|brn\n|\n|-weather|RainDance|[upkeep]\n|-damage|p2b: Pelipper|81/100 brn|[from] brn\n|upkeep\n|turn|4\n|\n|t:|1788327824\n|switch|p1a: Archaludon|Archaludon, L50, M|100/100\n|move|p2a: sukuna|Psychic|p1a: Archaludon\n|-resisted|p1a: Archaludon|1\n|-damage|p1a: Archaludon|80/100\n|-ability|p1a: Archaludon|Stamina|boost\n|-boost|p1a: Archaludon|def|1\n|move|p1b: Grimmsnarl|Foul Play|p2a: sukuna\n|-supereffective|p2a: sukuna|1\n|-damage|p2a: sukuna|0 fnt\n|faint|p2a: sukuna\n|move|p2b: Pelipper|Weather Ball|p1b: Grimmsnarl\n|-damage|p1b: Grimmsnarl|47/100\n|\n|-weather|RainDance|[upkeep]\n|-heal|p1a: Archaludon|86/100|[from] item: Leftovers\n|-damage|p2b: Pelipper|75/100 brn|[from] brn\n|upkeep\n|\n|t:|1788327831\n|switch|p2a: Mawile|Mawile, L50, F|100/100\n|-ability|p2a: Mawile|Intimidate|boost\n|-unboost|p1a: Archaludon|atk|1\n|-unboost|p1b: Grimmsnarl|atk|1\n|turn|5\n|\n|t:|1788327862\n|detailschange|p2a: Mawile|Mawile-Mega, L50, F\n|-mega|p2a: Mawile|Mawile|Mawilite\n|move|p2b: Pelipper|Protect|p2b: Pelipper\n|-singleturn|p2b: Pelipper|Protect\n|move|p1b: Grimmsnarl|Reflect|p1b: Grimmsnarl\n|-sidestart|p1: kobietdattengi|Reflect\n|move|p2a: Mawile|Play Rough|p1a: Archaludon|[miss]\n|-miss|p2a: Mawile|p1a: Archaludon\n|move|p1a: Archaludon|Electro Shot||[still]\n|-prepare|p1a: Archaludon|Electro Shot\n|-boost|p1a: Archaludon|spa|1\n|-anim|p1a: Archaludon|Electro Shot|p2b: Pelipper\n|-activate|p2b: Pelipper|move: Protect\n|\n|-weather|RainDance|[upkeep]\n|-heal|p1a: Archaludon|92/100|[from] item: Leftovers\n|-damage|p2b: Pelipper|69/100 brn|[from] brn\n|-fieldend|move: Trick Room\n|upkeep\n|turn|6\n|inactive|Battle timer is ON: inactive players will automatically lose when time's up. (requested by Noobiedoobie537)\n|inactive|kobietdattengi has 60 seconds left.\n|\n|t:|1788327896\n|switch|p2b: Harryhardtr|Farigiraf, L50, F|100/100\n|move|p1b: Grimmsnarl|Parting Shot||[still]\n|cant|p2b: Harryhardtr|ability: Armor Tail|Parting Shot|[of] p1b: Grimmsnarl\n|move|p1a: Archaludon|Electro Shot||[still]\n|-prepare|p1a: Archaludon|Electro Shot\n|-boost|p1a: Archaludon|spa|1\n|-anim|p1a: Archaludon|Electro Shot|p2b: Harryhardtr\n|-damage|p2b: Harryhardtr|30/100\n|-enditem|p2b: Harryhardtr|Sitrus Berry|[eat]\n|-heal|p2b: Harryhardtr|54/100|[from] item: Sitrus Berry\n|move|p2a: Mawile|Iron Head|p1b: Grimmsnarl\n|-supereffective|p1b: Grimmsnarl|1\n|-damage|p1b: Grimmsnarl|0 fnt\n|faint|p1b: Grimmsnarl\n|\n|-weather|RainDance|[upkeep]\n|-heal|p1a: Archaludon|98/100|[from] item: Leftovers\n|upkeep\n|\n|t:|1788327916\n|switch|p1b: Venusaur|Venusaur, L50, M|100/100\n|turn|7\n|\n|t:|1788327928\n|move|p2a: Mawile|Protect|p2a: Mawile\n|-singleturn|p2a: Mawile|Protect\n|move|p1b: Venusaur|Sleep Powder|p2a: Mawile\n|-activate|p2a: Mawile|move: Protect\n|move|p1a: Archaludon|Electro Shot||[still]\n|-prepare|p1a: Archaludon|Electro Shot\n|-boost|p1a: Archaludon|spa|1\n|-anim|p1a: Archaludon|Electro Shot|p2b: Harryhardtr\n|-damage|p2b: Harryhardtr|0 fnt\n|faint|p2b: Harryhardtr\n|\n|-weather|none\n|-heal|p1a: Archaludon|100/100|[from] item: Leftovers\n|upkeep\n|\n|t:|1788327939\n|switch|p2b: Pelipper|Pelipper, L50, F|69/100 brn\n|-weather|RainDance|[from] ability: Drizzle|[of] p2b: Pelipper\n|turn|8\n|\n|t:|1788327951\n|move|p1b: Venusaur|Sleep Powder|p2a: Mawile\n|-status|p2a: Mawile|slp|[from] move: Sleep Powder\n|move|p1a: Archaludon|Electro Shot||[still]\n|-prepare|p1a: Archaludon|Electro Shot\n|-boost|p1a: Archaludon|spa|1\n|-anim|p1a: Archaludon|Electro Shot|p2b: Pelipper\n|-supereffective|p2b: Pelipper|2\n|-damage|p2b: Pelipper|0 fnt\n|faint|p2b: Pelipper\n|cant|p2a: Mawile|slp\n|\n|-weather|RainDance|[upkeep]\n|upkeep\n|turn|9\n|\n|t:|1788327967\n|move|p1b: Venusaur|Leaf Storm|p2a: Mawile\n|-resisted|p2a: Mawile|1\n|-damage|p2a: Mawile|65/100 slp\n|-unboost|p1b: Venusaur|spa|2\n|move|p1a: Archaludon|Electro Shot||[still]\n|-prepare|p1a: Archaludon|Electro Shot\n|-boost|p1a: Archaludon|spa|1\n|-anim|p1a: Archaludon|Electro Shot|p2a: Mawile\n|-damage|p2a: Mawile|0 fnt\n|faint|p2a: Mawile\n|\n|win|kobietdattengi\n|raw|kobietdattengi's rating: 1175 &rarr; <strong>1206</strong><br />(+31 for winning)\n|raw|Noobiedoobie537's rating: 1260 &rarr; <strong>1229</strong><br />(-31 for losing)\n|l| j of hhhfyun\n|l|☆kobietdattengi\n|player|p1|\n","uploadtime":1788328002,"views":"2","formatid":"gen9championsvgc2026regmb","rating":1206,"private":0,"password":null}