{"id":"gen9championsvgc2026regmb-2674814897","format":"[Gen 9 Champions] VGC 2026 Reg M-B","players":["tomcheung22","JustAnAlpaca<3"],"log":"|j|☆tomcheung22\n|j|☆JustAnAlpaca<3\n|html|<table width=\"100%\"><tr><td align=\"left\">tomcheung22</td><td align=\"right\">JustAnAlpaca&lt;3</tr><tr><td align=\"left\"><i class=\"fa fa-circle-o\"></i> <i class=\"fa fa-circle-o\"></i> </td><td align=\"right\"><i class=\"fa fa-circle-o\"></i> <i class=\"fa fa-circle-o\"></i> </tr></table>\n|uhtml|bestof|<h2><strong>Game 1</strong> of <a href=\"/game-bestof3-gen9championsvgc2026regmb-2674814896\">a best-of-3</a></h2>\n|t:|1788412354\n|gametype|doubles\n|player|p1|tomcheung22|lady|\n|player|p2|JustAnAlpaca<3|iono-masters2|\n|gen|9\n|tier|[Gen 9 Champions] VGC 2026 Reg M-B\n|rated|Tournament battle\n|rule|Species Clause: Limit one of each Pokémon\n|rule|Item Clause: Limit 1 of each item\n|raw|<div class=\"infobox\"><details class=\"readmore\" open><summary><strong>2 custom rules:</strong></summary> Force Open Team Sheets, Best of = 3</details></div>\n|clearpoke\n|poke|p1|Gengar, L50, M|\n|poke|p1|Incineroar, L50, M|\n|poke|p1|Politoed, L50, M|\n|poke|p1|Archaludon, L50, M|\n|poke|p1|Vivillon, L50, M|\n|poke|p1|Swampert, L50, M|\n|poke|p2|Delphox, L50, F|\n|poke|p2|Floette-Eternal, L50, F|\n|poke|p2|Garchomp, L50, F|\n|poke|p2|Basculegion, L50, M|\n|poke|p2|Kingambit, L50, F|\n|poke|p2|Whimsicott, L50, F, shiny|\n|teampreview|4\n|showteam|p1|Gengar||Gengarite|CursedBody|ShadowBall,SludgeBomb,PerishSong,Protect|Timid||M|||50|]Incineroar||PasshoBerry|Intimidate|DarkestLariat,PartingShot,FakeOut,Protect|Sassy||M|||50|]Politoed||SitrusBerry|Drizzle|WeatherBall,PerishSong,Encore,Protect|Calm||M|||50|]Archaludon||Leftovers|Stamina|FlashCannon,DragonPulse,ElectroShot,Protect|Modest||M|||50|]Vivillon||FocusSash|CompoundEyes|Hurricane,SleepPowder,RagePowder,Protect|Timid||M|||50|]Swampert||Swampertite|Torrent|WaveCrash,Earthquake,IcePunch,Protect|Adamant||M|||50|\n|showteam|p2|Delphox||Delphoxite|Blaze|HeatWave,Psychic,WillOWisp,Protect|Timid||F|||50|]Floette-Eternal||Floettite|FlowerVeil|Moonblast,DazzlingGleam,LightofRuin,Protect|Modest||F|||50|]Garchomp||LifeOrb|RoughSkin|StompingTantrum,DragonClaw,RockSlide,Protect|Jolly||F|||50|]Basculegion||ChoiceScarf|Adaptability|WaveCrash,LastRespects,AquaJet,FlipTurn|Jolly||M|||50|]Kingambit||ChopleBerry|Defiant|KowtowCleave,SuckerPunch,IronHead,LowKick|Adamant||F|||50|]Whimsicott||FocusSash|Prankster|Moonblast,Encore,Tailwind,Protect|Timid||F|||50|\n|\n|t:|1788412377\n|teamsize|p1|4\n|teamsize|p2|4\n|start\n|switch|p1a: Politoed|Politoed, L50, M|100/100\n|switch|p1b: Swampert|Swampert, L50, M|100/100\n|switch|p2a: Floette|Floette-Eternal, L50, F|100/100\n|switch|p2b: Whimsicott|Whimsicott, L50, F, shiny|100/100\n|-weather|RainDance|[from] ability: Drizzle|[of] p1a: Politoed\n|turn|1\n|\n|t:|1788412397\n|detailschange|p2a: Floette|Floette-Mega, L50, F\n|-mega|p2a: Floette|Floette|Floettite\n|-ability|p2a: Floette|Fairy Aura\n|detailschange|p1b: Swampert|Swampert-Mega, L50, M\n|-mega|p1b: Swampert|Swampert|Swampertite\n|move|p2b: Whimsicott|Tailwind|p2b: Whimsicott\n|-sidestart|p2: JustAnAlpaca<3|move: Tailwind\n|move|p2a: Floette|Light of Ruin|p1b: Swampert\n|-damage|p1b: Swampert|11/100\n|-damage|p2a: Floette|49/100|[from] Recoil\n|move|p1b: Swampert|Wave Crash|p2a: Floette\n|-damage|p2a: Floette|0 fnt\n|faint|p2a: Floette\n|-damage|p1b: Swampert|0 fnt|[from] Recoil\n|faint|p1b: Swampert\n|move|p1a: Politoed|Encore|p2b: Whimsicott\n|-start|p2b: Whimsicott|Encore\n|\n|-weather|RainDance|[upkeep]\n|upkeep\n|\n|t:|1788412417\n|switch|p2a: Garchomp|Garchomp, L50, F|100/100\n|switch|p1b: Archaludon|Archaludon, L50, M|100/100\n|turn|2\n|j| Rainpelt103\n|\n|t:|1788412452\n|switch|p2b: Kingambit|Kingambit, L50, F|100/100\n|switch|p1a: Incineroar|Incineroar, L50, M|100/100\n|-ability|p1a: Incineroar|Intimidate|boost\n|-unboost|p2a: Garchomp|atk|1\n|-unboost|p2b: Kingambit|atk|1\n|-ability|p2b: Kingambit|Defiant|boost\n|-boost|p2b: Kingambit|atk|2\n|move|p2a: Garchomp|Protect|p2a: Garchomp\n|-singleturn|p2a: Garchomp|Protect\n|move|p1b: Archaludon|Electro Shot||[still]\n|-prepare|p1b: Archaludon|Electro Shot\n|-boost|p1b: Archaludon|spa|1\n|-anim|p1b: Archaludon|Electro Shot|p2b: Kingambit\n|-damage|p2b: Kingambit|39/100\n|\n|-weather|RainDance|[upkeep]\n|upkeep\n|turn|3\n|\n|t:|1788412483\n|switch|p2b: Whimsicott|Whimsicott, L50, F, shiny|100/100\n|move|p1a: Incineroar|Fake Out|p2b: Whimsicott\n|-damage|p2b: Whimsicott|84/100\n|move|p2a: Garchomp|Stomping Tantrum|p1b: Archaludon\n|-supereffective|p1b: Archaludon|1\n|-crit|p1b: Archaludon\n|-damage|p1b: Archaludon|0 fnt\n|faint|p1b: Archaludon\n|-damage|p2a: Garchomp|90/100|[from] item: Life Orb\n|\n|-weather|RainDance|[upkeep]\n|upkeep\n|l| Rainpelt103\n|\n|t:|1788412528\n|switch|p1b: Politoed|Politoed, L50, M|100/100\n|turn|4\n|\n|t:|1788412543\n|switch|p2a: Kingambit|Kingambit, L50, F|39/100\n|move|p2b: Whimsicott|Moonblast|p1b: Politoed\n|-damage|p1b: Politoed|74/100\n|move|p1b: Politoed|Weather Ball|p2a: Kingambit\n|-damage|p2a: Kingambit|0 fnt\n|faint|p2a: Kingambit\n|move|p1a: Incineroar|Darkest Lariat|p2b: Whimsicott\n|-resisted|p2b: Whimsicott|1\n|-damage|p2b: Whimsicott|59/100\n|\n|-weather|RainDance|[upkeep]\n|-sideend|p2: JustAnAlpaca<3|move: Tailwind\n|upkeep\n|\n|t:|1788412551\n|switch|p2a: Garchomp|Garchomp, L50, F|90/100\n|turn|5\n|\n|t:|1788412558\n|move|p1a: Incineroar|Protect|p1a: Incineroar\n|-singleturn|p1a: Incineroar|Protect\n|move|p2b: Whimsicott|Moonblast|p1b: Politoed\n|-damage|p1b: Politoed|48/100\n|-enditem|p1b: Politoed|Sitrus Berry|[eat]\n|-heal|p1b: Politoed|73/100|[from] item: Sitrus Berry\n|move|p2a: Garchomp|Dragon Claw|p1b: Politoed\n|-damage|p1b: Politoed|20/100y\n|-damage|p2a: Garchomp|80/100|[from] item: Life Orb\n|move|p1b: Politoed|Perish Song|p1b: Politoed\n|-start|p1a: Incineroar|perish3|[silent]\n|-start|p1b: Politoed|perish3|[silent]\n|-start|p2a: Garchomp|perish3|[silent]\n|-start|p2b: Whimsicott|perish3|[silent]\n|-fieldactivate|move: Perish Song\n|\n|-weather|none\n|-start|p2b: Whimsicott|perish3\n|-start|p2a: Garchomp|perish3\n|-start|p1b: Politoed|perish3\n|-start|p1a: Incineroar|perish3\n|upkeep\n|turn|6\n|\n|t:|1788412574\n|move|p1b: Politoed|Protect|p1b: Politoed\n|-singleturn|p1b: Politoed|Protect\n|move|p2b: Whimsicott|Moonblast|p1b: Politoed\n|-activate|p1b: Politoed|move: Protect\n|move|p2a: Garchomp|Stomping Tantrum|p1a: Incineroar\n|-supereffective|p1a: Incineroar|1\n|-damage|p1a: Incineroar|14/100\n|-damage|p2a: Garchomp|70/100|[from] item: Life Orb\n|move|p1a: Incineroar|Parting Shot|p2a: Garchomp\n|-unboost|p2a: Garchomp|atk|1\n|-unboost|p2a: Garchomp|spa|1\n|\n|-start|p2b: Whimsicott|perish2\n|-start|p2a: Garchomp|perish2\n|-start|p1b: Politoed|perish2\n|-start|p1a: Incineroar|perish2\n|upkeep\n|turn|7\n|\n|t:|1788412596\n|move|p1b: Politoed|Protect|p1b: Politoed\n|-singleturn|p1b: Politoed|Protect\n|move|p1a: Incineroar|Protect|p1a: Incineroar\n|-singleturn|p1a: Incineroar|Protect\n|move|p2b: Whimsicott|Moonblast|p1a: Incineroar\n|-activate|p1a: Incineroar|move: Protect\n|move|p2a: Garchomp|Dragon Claw|p1b: Politoed\n|-activate|p1b: Politoed|move: Protect\n|\n|-start|p2b: Whimsicott|perish1\n|-start|p2a: Garchomp|perish1\n|-start|p1b: Politoed|perish1\n|-start|p1a: Incineroar|perish1\n|upkeep\n|turn|8\n|\n|t:|1788412615\n|move|p1b: Politoed|Protect||[still]\n|-fail|p1b: Politoed\n|move|p1a: Incineroar|Protect||[still]\n|-fail|p1a: Incineroar\n|move|p2b: Whimsicott|Moonblast|p1b: Politoed\n|-damage|p1b: Politoed|0 fnt\n|faint|p1b: Politoed\n|move|p2a: Garchomp|Stomping Tantrum|p1a: Incineroar\n|-supereffective|p1a: Incineroar|1\n|-damage|p1a: Incineroar|0 fnt\n|faint|p1a: Incineroar\n|-damage|p2a: Garchomp|61/100|[from] item: Life Orb\n|\n|win|JustAnAlpaca<3\n||JustAnAlpaca<3 is ready for game 2.\n||tomcheung22 is ready for game 2.\n|uhtml|next|Next: <a href=\"/battle-gen9championsvgc2026regmb-2674816047\"><strong>Game 2 of 3</strong></a>\n|l|☆JustAnAlpaca<3\n|player|p2|\n","uploadtime":1788412992,"views":"6","formatid":"gen9championsvgc2026regmb","rating":null,"private":0,"password":null}