{"id":"gen9championsvgc2026regmb-2674243563","format":"[Gen 9 Champions] VGC 2026 Reg M-B","players":["UnovAgenda","Clownbot"],"log":"|j|☆UnovAgenda\n|j|☆Clownbot\n|t:|1788321957\n|gametype|doubles\n|player|p1|UnovAgenda|n|1046\n|player|p2|Clownbot|brycenman|1140\n|gen|9\n|tier|[Gen 9 Champions] VGC 2026 Reg M-B\n|rated|\n|rule|Species Clause: Limit one of each Pokémon\n|rule|Item Clause: Limit 1 of each item\n|clearpoke\n|poke|p1|Basculegion, L50, M|\n|poke|p1|Audino, L50, F|\n|poke|p1|Samurott-Hisui, L50, M|\n|poke|p1|Hydreigon, L50, F|\n|poke|p1|Glimmora, L50, F|\n|poke|p1|Golurk, L50|\n|poke|p2|Whimsicott, L50, F, shiny|\n|poke|p2|Gholdengo, L50|\n|poke|p2|Farigiraf, L50, M|\n|poke|p2|Sneasler, L50, F|\n|poke|p2|Dragapult, L50, F|\n|poke|p2|Charizard, L50, M|\n|teampreview|4\n|inactive|Battle timer is ON: inactive players will automatically lose when time's up. (requested by Clownbot)\n|inactive|Clownbot has 60 seconds left.\n|\n|t:|1788321998\n|teamsize|p1|4\n|teamsize|p2|4\n|start\n|switch|p1a: Arceus Poison|Samurott-Hisui, L50, M|100/100\n|switch|p1b: Glimmora|Glimmora, L50, F|100/100\n|switch|p2a: Charizard|Charizard, L50, M|100/100\n|switch|p2b: Whimsicott|Whimsicott, L50, F, shiny|100/100\n|turn|1\n|\n|t:|1788322008\n|detailschange|p2a: Charizard|Charizard-Mega-Y, L50, M\n|-mega|p2a: Charizard|Charizard|Charizardite Y\n|-weather|SunnyDay|[from] ability: Drought|[of] p2a: Charizard\n|move|p2b: Whimsicott|Tailwind|p2b: Whimsicott\n|-sidestart|p2: Clownbot|move: Tailwind\n|move|p2a: Charizard|Heat Wave|p1a: Arceus Poison|[spread] p1b\n|-miss|p2a: Charizard|p1a: Arceus Poison\n|-resisted|p1b: Glimmora|1\n|-damage|p1b: Glimmora|65/100\n|move|p1b: Glimmora|Stealth Rock|p2b: Whimsicott\n|-sidestart|p2: Clownbot|move: Stealth Rock\n|move|p1a: Arceus Poison|Copycat|p1a: Arceus Poison\n|move|p1a: Arceus Poison|Stealth Rock||[from] move: Copycat|[still]\n|-fail|p1a: Arceus Poison\n|\n|-weather|SunnyDay|[upkeep]\n|upkeep\n|turn|2\n|\n|t:|1788322029\n|move|p2b: Whimsicott|Encore|p1b: Glimmora\n|-start|p1b: Glimmora|Encore\n|move|p2a: Charizard|Solar Beam||[still]\n|-prepare|p2a: Charizard|Solar Beam\n|-anim|p2a: Charizard|Solar Beam|p1a: Arceus Poison\n|-supereffective|p1a: Arceus Poison|1\n|-damage|p1a: Arceus Poison|0 fnt\n|faint|p1a: Arceus Poison\n|move|p1b: Glimmora|Stealth Rock||[still]\n|-fail|p1b: Glimmora\n|\n|-weather|SunnyDay|[upkeep]\n|upkeep\n|\n|t:|1788322035\n|switch|p1a: Arceus Steel|Basculegion, L50, M|100/100\n|turn|3\n|\n|t:|1788322042\n|switch|p1b: Audino|Audino, L50, F|100/100\n|move|p2b: Whimsicott|Moonblast|p1a: Arceus Steel\n|-damage|p1a: Arceus Steel|59/100\n|move|p2a: Charizard|Solar Beam||[still]\n|-prepare|p2a: Charizard|Solar Beam\n|-anim|p2a: Charizard|Solar Beam|p1a: Arceus Steel\n|-supereffective|p1a: Arceus Steel|1\n|-damage|p1a: Arceus Steel|0 fnt\n|faint|p1a: Arceus Steel\n|\n|-weather|SunnyDay|[upkeep]\n|upkeep\n|\n|t:|1788322044\n|switch|p1a: Glimmora|Glimmora, L50, F|65/100\n|turn|4\n|\n|t:|1788322061\n|detailschange|p1b: Audino|Audino-Mega, L50, F\n|-mega|p1b: Audino|Audino|Audinite\n|move|p2b: Whimsicott|Protect|p2b: Whimsicott\n|-singleturn|p2b: Whimsicott|Protect\n|move|p2a: Charizard|Solar Beam||[still]\n|-prepare|p2a: Charizard|Solar Beam\n|-anim|p2a: Charizard|Solar Beam|p1a: Glimmora\n|-damage|p1a: Glimmora|15/100\n|move|p1a: Glimmora|Power Gem|p2a: Charizard\n|-supereffective|p2a: Charizard|2\n|-damage|p2a: Charizard|0 fnt\n|faint|p2a: Charizard\n|move|p1b: Audino|Life Dew||[still]|[spread] p1a,p1b\n|-heal|p1a: Glimmora|40/100\n|-fail|p1b: Audino|heal\n|\n|-weather|SunnyDay|[upkeep]\n|-sideend|p2: Clownbot|move: Tailwind\n|upkeep\n|\n|t:|1788322079\n|switch|p2a: Sneasler|Sneasler, L50, F|100/100\n|-damage|p2a: Sneasler|94/100|[from] Stealth Rock\n|turn|5\n|\n|t:|1788322092\n|move|p2b: Whimsicott|Tailwind|p2b: Whimsicott\n|-sidestart|p2: Clownbot|move: Tailwind\n|move|p2a: Sneasler|Dire Claw|p1b: Audino\n|-supereffective|p1b: Audino|1\n|-damage|p1b: Audino|30/100\n|-status|p1b: Audino|psn\n|move|p1a: Glimmora|Memento|p2a: Sneasler\n|-unboost|p2a: Sneasler|atk|2\n|-unboost|p2a: Sneasler|spa|2\n|faint|p1a: Glimmora\n|-enditem|p2a: Sneasler|White Herb\n|-clearnegativeboost|p2a: Sneasler|[silent]\n|move|p1b: Audino|Hyper Voice|p2a: Sneasler|[spread] p2a,p2b\n|-damage|p2a: Sneasler|68/100\n|-damage|p2b: Whimsicott|68/100\n|\n|-weather|none\n|-damage|p1b: Audino|18/100 psn|[from] psn\n|upkeep\n|turn|6\n|-message|UnovAgenda forfeited.\n|\n|win|Clownbot\n|raw|UnovAgenda's rating: 1046 &rarr; <strong>1034</strong><br />(-12 for losing)\n|raw|Clownbot's rating: 1140 &rarr; <strong>1158</strong><br />(+18 for winning)\n|l|☆UnovAgenda\n|player|p1|\n","uploadtime":1788322116,"views":"0","formatid":"gen9championsvgc2026regmb","rating":1034,"private":0,"password":null}