{"id":"gen9championsvgc2026regmb-2674851766","format":"[Gen 9 Champions] VGC 2026 Reg M-B","players":["Snowball_seer","terratron"],"log":"|j|☆Snowball_seer\n|j|☆terratron\n|t:|1788421268\n|gametype|doubles\n|player|p1|Snowball_seer|allister-masters|1641\n|player|p2|terratron|bruno|1540\n|gen|9\n|tier|[Gen 9 Champions] VGC 2026 Reg M-B\n|rated|\n|rule|Species Clause: Limit one of each Pokémon\n|rule|Item Clause: Limit 1 of each item\n|clearpoke\n|poke|p1|Mawile, L50, F, shiny|\n|poke|p1|Farigiraf, L50, M|\n|poke|p1|Incineroar, L50, M|\n|poke|p1|Basculegion, L50, M|\n|poke|p1|Ninetales-Alola, L50, M|\n|poke|p1|Raichu, L50, F|\n|poke|p2|Metagross, L50|\n|poke|p2|Ceruledge, L50, M|\n|poke|p2|Kommo-o, L50, M|\n|poke|p2|Swampert, L50, M|\n|poke|p2|Weavile, L50, M|\n|poke|p2|Whimsicott, L50, M|\n|teampreview|4\n|inactive|Battle timer is ON: inactive players will automatically lose when time's up. (requested by terratron)\n|inactive|Snowball_seer has 60 seconds left.\n|inactive|terratron has 60 seconds left.\n|inactive|Snowball_seer has 30 seconds left.\n|inactive|Snowball_seer has 20 seconds left.\n|inactive|Snowball_seer has 15 seconds left.\n|\n|t:|1788421346\n|teamsize|p1|4\n|teamsize|p2|4\n|start\n|switch|p1a: Farigiraf|Farigiraf, L50, M|100/100\n|switch|p1b: Basculegion|Basculegion, L50, M|100/100\n|switch|p2a: Metagross|Metagross, L50|100/100\n|switch|p2b: Swampert|Swampert, L50, M|100/100\n|turn|1\n|inactive|Snowball_seer has 30 seconds left.\n|\n|t:|1788421378\n|detailschange|p2a: Metagross|Metagross-Mega, L50\n|-mega|p2a: Metagross|Metagross|Metagrossite\n|move|p1b: Basculegion|Flip Turn|p2a: Metagross\n|-damage|p2a: Metagross|71/100\n|\n|t:|1788421383\n|switch|p1b: Incineroar|Incineroar, L50, M|100/100|[from] Flip Turn\n|-ability|p1b: Incineroar|Intimidate|boost\n|-unboost|p2a: Metagross|atk|1\n|-unboost|p2b: Swampert|atk|1\n|move|p2a: Metagross|Psychic Fangs|p1b: Incineroar\n|-immune|p1b: Incineroar\n|move|p2b: Swampert|Yawn|p1a: Farigiraf\n|-start|p1a: Farigiraf|move: Yawn|[of] p2b: Swampert\n|move|p1a: Farigiraf|Twin Beam|p2b: Swampert\n|-damage|p2b: Swampert|85/100\n|-damage|p2b: Swampert|70/100\n|-hitcount|p2b: Swampert|2\n|\n|upkeep\n|turn|2\n|j| ylmao\n|inactive|Snowball_seer has 30 seconds left.\n|inactive|Snowball_seer has 20 seconds left.\n|inactive|Snowball_seer has 15 seconds left.\n|\n|t:|1788421427\n|switch|p1a: Basculegion|Basculegion, L50, M|100/100\n|move|p2a: Metagross|Body Press|p1b: Incineroar\n|-supereffective|p1b: Incineroar|1\n|-damage|p1b: Incineroar|32/100\n|move|p2b: Swampert|Wave Crash|p1b: Incineroar\n|-supereffective|p1b: Incineroar|1\n|-damage|p1b: Incineroar|0 fnt\n|faint|p1b: Incineroar\n|-damage|p2b: Swampert|59/100|[from] Recoil\n|\n|upkeep\n|\n|t:|1788421436\n|switch|p1b: Ninetales|Ninetales-Alola, L50, M|100/100\n|-weather|Snowscape|[from] ability: Snow Warning|[of] p1b: Ninetales\n|turn|3\n|\n|t:|1788421448\n|switch|p2a: Whimsicott|Whimsicott, L50, M|100/100\n|move|p2b: Swampert|Wide Guard|p2b: Swampert\n|-singleturn|p2b: Swampert|Wide Guard\n|move|p1a: Basculegion|Last Respects|p2a: Whimsicott\n|-damage|p2a: Whimsicott|37/100\n|move|p1b: Ninetales|Freeze-Dry|p2b: Swampert\n|-supereffective|p2b: Swampert|2\n|-damage|p2b: Swampert|0 fnt\n|faint|p2b: Swampert\n|\n|-weather|Snowscape|[upkeep]\n|upkeep\n|\n|t:|1788421459\n|switch|p2b: Metagross|Metagross-Mega, L50|71/100\n|turn|4\n|\n|t:|1788421470\n|switch|p1b: Farigiraf|Farigiraf, L50, M|100/100\n|move|p2a: Whimsicott|Tailwind|p2a: Whimsicott\n|-sidestart|p2: terratron|move: Tailwind\n|move|p2b: Metagross|Psychic Fangs|p1a: Basculegion\n|-damage|p1a: Basculegion|28/100\n|move|p1a: Basculegion|Last Respects|p2b: Metagross\n|-supereffective|p2b: Metagross|1\n|-damage|p2b: Metagross|0 fnt\n|faint|p2b: Metagross\n|\n|-weather|Snowscape|[upkeep]\n|upkeep\n|\n|t:|1788421473\n|switch|p2b: Ceruledge|Ceruledge, L50, M|100/100\n|turn|5\n|\n|t:|1788421482\n|switch|p1a: Ninetales|Ninetales-Alola, L50, M|100/100\n|move|p2a: Whimsicott|Light Screen|p2a: Whimsicott\n|-sidestart|p2: terratron|move: Light Screen\n|move|p2b: Ceruledge|Shadow Sneak||[still]\n|cant|p1b: Farigiraf|ability: Armor Tail|Shadow Sneak|[of] p2b: Ceruledge\n|move|p1b: Farigiraf|Trick Room|p1b: Farigiraf\n|-fieldstart|move: Trick Room|[of] p1b: Farigiraf\n|\n|-weather|Snowscape|[upkeep]\n|upkeep\n|turn|6\n|\n|t:|1788421493\n|move|p1b: Farigiraf|Twin Beam|p2a: Whimsicott\n|-damage|p2a: Whimsicott|26/100\n|-crit|p2a: Whimsicott\n|-damage|p2a: Whimsicott|4/100\n|-hitcount|p2a: Whimsicott|2\n|move|p1a: Ninetales|Encore|p2b: Ceruledge\n|-start|p2b: Ceruledge|Encore\n|move|p2b: Ceruledge|Shadow Sneak||[still]\n|cant|p1b: Farigiraf|ability: Armor Tail|Shadow Sneak|[of] p2b: Ceruledge\n|move|p2a: Whimsicott|Moonblast|p1b: Farigiraf\n|-damage|p1b: Farigiraf|74/100\n|\n|-weather|Snowscape|[upkeep]\n|upkeep\n|turn|7\n|\n|t:|1788421507\n|move|p2b: Ceruledge|Shadow Sneak||[still]\n|cant|p1b: Farigiraf|ability: Armor Tail|Shadow Sneak|[of] p2b: Ceruledge\n|move|p1b: Farigiraf|Twin Beam|p2b: Ceruledge\n|-damage|p2b: Ceruledge|88/100\n|-damage|p2b: Ceruledge|78/100\n|-hitcount|p2b: Ceruledge|2\n|move|p1a: Ninetales|Blizzard|p2b: Ceruledge|[spread] p2a,p2b\n|-supereffective|p2a: Whimsicott|1\n|-resisted|p2b: Ceruledge|1\n|-damage|p2a: Whimsicott|0 fnt\n|-damage|p2b: Ceruledge|66/100\n|faint|p2a: Whimsicott\n|\n|-weather|none\n|-sideend|p2: terratron|move: Tailwind\n|upkeep\n|turn|8\n|\n|t:|1788421517\n|move|p2b: Ceruledge|Shadow Sneak||[still]\n|cant|p1b: Farigiraf|ability: Armor Tail|Shadow Sneak|[of] p2b: Ceruledge\n|move|p1a: Ninetales|Freeze-Dry|p2b: Ceruledge\n|-resisted|p2b: Ceruledge|1\n|-damage|p2b: Ceruledge|57/100\n|move|p1b: Farigiraf|Trick Room|p1b: Farigiraf\n|-fieldend|move: Trick Room\n|\n|-end|p2b: Ceruledge|Encore\n|upkeep\n|turn|9\n|c|☆terratron|My hand slipped and now I lose cuz of that\n|\n|t:|1788421533\n|move|p2b: Ceruledge|Shadow Sneak||[still]\n|cant|p1b: Farigiraf|ability: Armor Tail|Shadow Sneak|[of] p2b: Ceruledge\n|move|p1a: Ninetales|Encore|p2b: Ceruledge\n|-start|p2b: Ceruledge|Encore\n|move|p1b: Farigiraf|Twin Beam|p2b: Ceruledge\n|-damage|p2b: Ceruledge|46/100\n|-damage|p2b: Ceruledge|37/100\n|-hitcount|p2b: Ceruledge|2\n|\n|-sideend|p2: terratron|move: Light Screen\n|upkeep\n|turn|10\n|\n|t:|1788421539\n|move|p2b: Ceruledge|Shadow Sneak||[still]\n|cant|p1b: Farigiraf|ability: Armor Tail|Shadow Sneak|[of] p2b: Ceruledge\n|move|p1a: Ninetales|Freeze-Dry|p2b: Ceruledge\n|-resisted|p2b: Ceruledge|1\n|-damage|p2b: Ceruledge|23/100\n|move|p1b: Farigiraf|Twin Beam|p2b: Ceruledge\n|-damage|p2b: Ceruledge|8/100\n|-damage|p2b: Ceruledge|0 fnt\n|faint|p2b: Ceruledge\n|-hitcount|p2: Ceruledge|2\n|\n|win|Snowball_seer\n|raw|Snowball_seer's rating: 1641 &rarr; <strong>1655</strong><br />(+14 for winning)\n|raw|terratron's rating: 1540 &rarr; <strong>1526</strong><br />(-14 for losing)\n","uploadtime":1788421543,"views":"7","formatid":"gen9championsvgc2026regmb","rating":1526,"private":0,"password":null}