{"id":"gen9championsvgc2026regmb-2674559013","format":"[Gen 9 Champions] VGC 2026 Reg M-B","players":["Others sides","Nori29"],"log":"|j|☆Others sides\n|j|☆Nori29\n|t:|1788373860\n|gametype|doubles\n|player|p1|Others sides|101|1117\n|player|p2|Nori29|palmer|1090\n|gen|9\n|tier|[Gen 9 Champions] VGC 2026 Reg M-B\n|rated|\n|rule|Species Clause: Limit one of each Pokémon\n|rule|Item Clause: Limit 1 of each item\n|clearpoke\n|poke|p1|Camerupt, L50, M, shiny|\n|poke|p1|Farigiraf, L50, M|\n|poke|p1|Abomasnow, L50, M, shiny|\n|poke|p1|Sinistcha-Masterpiece, L50|\n|poke|p1|Incineroar, L50, F|\n|poke|p1|Glaceon, L50, M|\n|poke|p2|Dragonite, L50, M, shiny|\n|poke|p2|Pelipper, L50, F, shiny|\n|poke|p2|Swampert, L50, M, shiny|\n|poke|p2|Gengar, L50, M|\n|poke|p2|Roserade, L50, M|\n|poke|p2|Kingambit, L50, F|\n|teampreview|4\n|inactive|Battle timer is ON: inactive players will automatically lose when time's up. (requested by Others sides)\n|inactive|Nori29 has 60 seconds left.\n|\n|t:|1788373891\n|teamsize|p1|4\n|teamsize|p2|4\n|start\n|switch|p1a: Farigiraf|Farigiraf, L50, M|100/100\n|switch|p1b: Incineroar|Incineroar, L50, F|100/100\n|switch|p2a: Kingambit|Kingambit, L50, F|100/100\n|switch|p2b: Swampert|Swampert, L50, M, shiny|100/100\n|turn|1\n|\n|t:|1788373914\n|move|p1b: Incineroar|Fake Out|p2a: Kingambit\n|-resisted|p2a: Kingambit|1\n|-damage|p2a: Kingambit|95/100\n|cant|p2a: Kingambit|flinch\n|move|p2b: Swampert|Wave Crash|p1b: Incineroar\n|-supereffective|p1b: Incineroar|1\n|-damage|p1b: Incineroar|0 fnt\n|faint|p1b: Incineroar\n|-damage|p2b: Swampert|61/100|[from] Recoil\n|move|p1a: Farigiraf|Trick Room|p1a: Farigiraf\n|-fieldstart|move: Trick Room|[of] p1a: Farigiraf\n|\n|upkeep\n|\n|t:|1788373923\n|switch|p1b: Camerupt|Camerupt, L50, M, shiny|100/100\n|turn|2\n|\n|t:|1788373938\n|detailschange|p1b: Camerupt|Camerupt-Mega, L50, M, shiny\n|-mega|p1b: Camerupt|Camerupt|Cameruptite\n|move|p1a: Farigiraf|Helping Hand|p1b: Camerupt\n|-singleturn|p1b: Camerupt|Helping Hand|[of] p1a: Farigiraf\n|move|p1b: Camerupt|Earth Power|p2b: Swampert\n|-damage|p2b: Swampert|0 fnt\n|faint|p2b: Swampert\n|move|p2a: Kingambit|Kowtow Cleave|p1a: Farigiraf\n|-supereffective|p1a: Farigiraf|1\n|-enditem|p1a: Farigiraf|Colbur Berry|[eat]\n|-enditem|p1a: Farigiraf|Colbur Berry|[weaken]\n|-damage|p1a: Farigiraf|33/100\n|\n|upkeep\n|\n|t:|1788373951\n|switch|p2b: Pelipper|Pelipper, L50, F, shiny|100/100\n|-weather|RainDance|[from] ability: Drizzle|[of] p2b: Pelipper\n|turn|3\n|\n|t:|1788373964\n|move|p1a: Farigiraf|Helping Hand|p1b: Camerupt\n|-singleturn|p1b: Camerupt|Helping Hand|[of] p1a: Farigiraf\n|move|p1b: Camerupt|Ancient Power|p2b: Pelipper\n|-supereffective|p2b: Pelipper|1\n|-damage|p2b: Pelipper|0 fnt\n|faint|p2b: Pelipper\n|move|p2a: Kingambit|Kowtow Cleave|p1a: Farigiraf\n|-supereffective|p1a: Farigiraf|1\n|-damage|p1a: Farigiraf|0 fnt\n|faint|p1a: Farigiraf\n|\n|-weather|RainDance|[upkeep]\n|upkeep\n|\n|t:|1788373980\n|switch|p1a: Sinistcha|Sinistcha-Masterpiece, L50|100/100\n|switch|p2b: Gengar|Gengar, L50, M|100/100\n|turn|4\n|\n|t:|1788374004\n|move|p1a: Sinistcha|Protect|p1a: Sinistcha\n|-singleturn|p1a: Sinistcha|Protect\n|move|p2a: Kingambit|Sucker Punch||[still]\n|-fail|p2a: Kingambit\n|move|p1b: Camerupt|Earth Power|p2b: Gengar\n|-supereffective|p2b: Gengar|1\n|-damage|p2b: Gengar|0 fnt\n|faint|p2b: Gengar\n|\n|-weather|RainDance|[upkeep]\n|upkeep\n|turn|5\n|\n|t:|1788374021\n|move|p2a: Kingambit|Sucker Punch||[still]\n|-fail|p2a: Kingambit\n|move|p1b: Camerupt|Earth Power|p2a: Kingambit\n|-supereffective|p2a: Kingambit|1\n|-damage|p2a: Kingambit|0 fnt\n|faint|p2a: Kingambit\n|\n|win|Others sides\n|raw|Others sides's rating: 1117 &rarr; <strong>1140</strong><br />(+23 for winning)\n|raw|Nori29's rating: 1090 &rarr; <strong>1068</strong><br />(-22 for losing)\n|l|☆Nori29\n|player|p2|\n|l|☆Others sides\n|player|p1|\n|j|☆Others sides\n|player|p1|Others sides|101|\n","uploadtime":1788374213,"views":"2","formatid":"gen9championsvgc2026regmb","rating":1068,"private":0,"password":null}