{"id":"gen9championsvgc2026regmb-2674369257","format":"[Gen 9 Champions] VGC 2026 Reg M-B","players":["meobeoo","amethyst312"],"log":"|j|☆meobeoo\n|j|☆amethyst312\n|t:|1788350256\n|gametype|doubles\n|player|p1|meobeoo|n|\n|player|p2|amethyst312|artist-gen4|\n|gen|9\n|tier|[Gen 9 Champions] VGC 2026 Reg M-B\n|rule|Species Clause: Limit one of each Pokémon\n|rule|Item Clause: Limit 1 of each item\n|clearpoke\n|poke|p1|Lycanroc-Dusk, L50, M|\n|poke|p1|Froslass, L50, F|\n|poke|p1|Scovillain, L50, M|\n|poke|p1|Gholdengo, L50|\n|poke|p1|Dragonite, L50, M|\n|poke|p1|Meowscarada, L50, F|\n|poke|p2|Scizor, L50, M, shiny|\n|poke|p2|Incineroar, L50, F, shiny|\n|poke|p2|Garchomp, L50, F, shiny|\n|poke|p2|Sinistcha-Masterpiece, L50, shiny|\n|poke|p2|Floette-Eternal, L50, F|\n|poke|p2|Rotom-Wash, L50, shiny|\n|teampreview|4\n|inactive|Battle timer is ON: inactive players will automatically lose when time's up. (requested by meobeoo)\n|inactive|meobeoo has 60 seconds left.\n|\n|t:|1788350310\n|teamsize|p1|4\n|teamsize|p2|4\n|start\n|switch|p1a: Scovillain|Scovillain, L50, M|100/100\n|switch|p1b: Gholdengo|Gholdengo, L50|100/100\n|switch|p2a: Scizor|Scizor, L50, M, shiny|100/100\n|switch|p2b: Garchomp|Garchomp, L50, F, shiny|100/100\n|turn|1\n|inactive|amethyst312 has 30 seconds left.\n|inactive|amethyst312 has 20 seconds left.\n|inactive|amethyst312 has 15 seconds left.\n|\n|t:|1788350355\n|switch|p1b: Meowscarada|Meowscarada, L50, F|100/100\n|detailschange|p1a: Scovillain|Scovillain-Mega, L50, M\n|-mega|p1a: Scovillain|Scovillain|Scovillainite\n|detailschange|p2a: Scizor|Scizor-Mega, L50, M, shiny\n|-mega|p2a: Scizor|Scizor|Scizorite\n|move|p1a: Scovillain|Rage Powder|p1a: Scovillain\n|-singleturn|p1a: Scovillain|move: Rage Powder\n|move|p2b: Garchomp|Rock Slide|p1a: Scovillain|[spread] p1a,p1b\n|-supereffective|p1a: Scovillain|1\n|-damage|p1a: Scovillain|49/100\n|-damage|p1b: Meowscarada|67/100\n|-status|p2b: Garchomp|brn|[from] ability: Spicy Spray|[of] p1a: Scovillain\n|move|p2a: Scizor|Swords Dance|p2a: Scizor\n|-boost|p2a: Scizor|atk|2\n|\n|-damage|p2b: Garchomp|94/100 brn|[from] brn\n|upkeep\n|turn|2\n|inactive|amethyst312 has 30 seconds left.\n|\n|t:|1788350382\n|move|p1a: Scovillain|Rage Powder|p1a: Scovillain\n|-singleturn|p1a: Scovillain|move: Rage Powder\n|move|p2a: Scizor|Bullet Punch|p1a: Scovillain\n|-resisted|p1a: Scovillain|1\n|-damage|p1a: Scovillain|2/100\n|-status|p2a: Scizor|brn|[from] ability: Spicy Spray|[of] p1a: Scovillain\n|move|p1b: Meowscarada|Triple Axel|p2b: Garchomp\n|-start|p1b: Meowscarada|typechange|Ice|[from] ability: Protean\n|-supereffective|p2b: Garchomp|2\n|-damage|p2b: Garchomp|43/100 brn\n|-damage|p1b: Meowscarada|54/100|[from] ability: Rough Skin|[of] p2b: Garchomp\n|-supereffective|p2b: Garchomp|2\n|-damage|p2b: Garchomp|0 fnt\n|-damage|p1b: Meowscarada|42/100|[from] ability: Rough Skin|[of] p2b: Garchomp\n|faint|p2b: Garchomp\n|-hitcount|p2: Garchomp|2\n|-damage|p1b: Meowscarada|32/100|[from] item: Life Orb\n|\n|-damage|p2a: Scizor|93/100 brn|[from] brn\n|upkeep\n|\n|t:|1788350406\n|switch|p2b: Incineroar|Incineroar, L50, F, shiny|100/100\n|-ability|p2b: Incineroar|Intimidate|boost\n|-unboost|p1a: Scovillain|atk|1\n|-unboost|p1b: Meowscarada|atk|1\n|turn|3\n|inactive|meobeoo has 30 seconds left.\n|\n|t:|1788350437\n|switch|p1b: Gholdengo|Gholdengo, L50|100/100\n|move|p1a: Scovillain|Protect|p1a: Scovillain\n|-singleturn|p1a: Scovillain|Protect\n|move|p2b: Incineroar|Fake Out|p1a: Scovillain\n|-activate|p1a: Scovillain|move: Protect\n|move|p2a: Scizor|Bullet Punch|p1b: Gholdengo\n|-resisted|p1b: Gholdengo|1\n|-damage|p1b: Gholdengo|78/100\n|\n|-heal|p1b: Gholdengo|84/100|[from] item: Leftovers\n|-damage|p2a: Scizor|87/100 brn|[from] brn\n|upkeep\n|turn|4\n|\n|t:|1788350461\n|move|p1b: Gholdengo|Protect|p1b: Gholdengo\n|-singleturn|p1b: Gholdengo|Protect\n|move|p1a: Scovillain|Overheat|p2a: Scizor\n|-supereffective|p2a: Scizor|2\n|-damage|p2a: Scizor|0 fnt\n|-unboost|p1a: Scovillain|spa|2\n|faint|p2a: Scizor\n|move|p2b: Incineroar|Flare Blitz|p1b: Gholdengo\n|-activate|p1b: Gholdengo|move: Protect\n|\n|-heal|p1b: Gholdengo|90/100|[from] item: Leftovers\n|upkeep\n|\n|t:|1788350475\n|switch|p2a: Rotom|Rotom-Wash, L50, shiny|100/100\n|turn|5\n|inactive|meobeoo has 30 seconds left.\n|inactive|amethyst312 has 30 seconds left.\n|inactive|meobeoo has 20 seconds left.\n|inactive|meobeoo has 15 seconds left.\n|inactive|meobeoo has 10 seconds left.\n|\n|t:|1788350523\n|switch|p1b: Lycanroc|Lycanroc-Dusk, L50, M|100/100\n|move|p2a: Rotom|Hydro Pump|p1b: Lycanroc\n|-supereffective|p1b: Lycanroc|1\n|-enditem|p1b: Lycanroc|Focus Sash\n|-damage|p1b: Lycanroc|1/100\n|move|p1a: Scovillain|Giga Drain|p2a: Rotom\n|-supereffective|p2a: Rotom|1\n|-damage|p2a: Rotom|51/100\n|-heal|p1a: Scovillain|21/100|[from] drain|[of] p2a: Rotom\n|move|p2b: Incineroar|Parting Shot|p1b: Lycanroc\n|-unboost|p1b: Lycanroc|atk|1\n|-unboost|p1b: Lycanroc|spa|1\n|\n|upkeep\n|turn|6\n|inactive|meobeoo has 30 seconds left.\n|inactive|amethyst312 has 30 seconds left.\n|inactive|amethyst312 has 20 seconds left.\n|inactive|amethyst312 has 15 seconds left.\n|\n|t:|1788350564\n|move|p1b: Lycanroc|Accelerock|p2a: Rotom\n|-damage|p2a: Rotom|29/100\n|move|p2a: Rotom|Electro Ball|p1b: Lycanroc\n|-damage|p1b: Lycanroc|0 fnt\n|faint|p1b: Lycanroc\n|move|p1a: Scovillain|Giga Drain|p2a: Rotom\n|-supereffective|p2a: Rotom|1\n|-damage|p2a: Rotom|0 fnt\n|-heal|p1a: Scovillain|32/100|[from] drain|[of] p2a: Rotom\n|faint|p2a: Rotom\n|move|p2b: Incineroar|Flare Blitz|p1a: Scovillain\n|-damage|p1a: Scovillain|0 fnt\n|faint|p1a: Scovillain\n|-damage|p2b: Incineroar|91/100|[from] Recoil\n|\n|upkeep\n|\n|t:|1788350574\n|switch|p1b: Meowscarada|Meowscarada, L50, F|32/100\n|switch|p1a: Gholdengo|Gholdengo, L50|90/100\n|turn|7\n|\n|t:|1788350588\n|move|p1b: Meowscarada|U-turn|p2b: Incineroar\n|-start|p1b: Meowscarada|typechange|Bug|[from] ability: Protean\n|-damage|p2b: Incineroar|50/100g\n|-damage|p1b: Meowscarada|22/100|[from] item: Life Orb\n|move|p1a: Gholdengo|Nasty Plot|p1a: Gholdengo\n|-boost|p1a: Gholdengo|spa|2\n|move|p2b: Incineroar|Flare Blitz|p1b: Meowscarada\n|-supereffective|p1b: Meowscarada|1\n|-damage|p1b: Meowscarada|0 fnt\n|faint|p1b: Meowscarada\n|-damage|p2b: Incineroar|44/100|[from] Recoil\n|-enditem|p2b: Incineroar|Sitrus Berry|[eat]\n|-heal|p2b: Incineroar|69/100|[from] item: Sitrus Berry\n|\n|-heal|p1a: Gholdengo|96/100|[from] item: Leftovers\n|upkeep\n|turn|8\n|\n|t:|1788350607\n|move|p1a: Gholdengo|Make It Rain|p2b: Incineroar\n|-resisted|p2b: Incineroar|1\n|-damage|p2b: Incineroar|5/100\n|-unboost|p1a: Gholdengo|spa|2\n|move|p2b: Incineroar|Flare Blitz|p1a: Gholdengo\n|-supereffective|p1a: Gholdengo|1\n|-damage|p1a: Gholdengo|0 fnt\n|faint|p1a: Gholdengo\n|-damage|p2b: Incineroar|0 fnt|[from] Recoil\n|faint|p2b: Incineroar\n|\n|win|amethyst312\n","uploadtime":1788350631,"views":"9","formatid":"gen9championsvgc2026regmb","rating":null,"private":0,"password":null}