{"id":"gen9championsvgc2026regmbbo3-2674254693","format":"[Gen 9 Champions] VGC 2026 Reg M-B (Bo3)","players":["PAZXD","noah100800"],"log":"|j|☆PAZXD\n|j|☆noah100800\n|html|<table width=\"100%\"><tr><td align=\"left\">PAZXD</td><td align=\"right\">noah100800</tr><tr><td align=\"left\"><i class=\"fa fa-circle-o\"></i> <i class=\"fa fa-circle-o\"></i> </td><td align=\"right\"><i class=\"fa fa-circle-o\"></i> <i class=\"fa fa-circle\"></i> </tr></table>\n|uhtml|bestof|<h2><strong>Game 2</strong> of <a href=\"/game-bestof3-gen9championsvgc2026regmbbo3-2674253447\">a best-of-3</a></h2>\n|t:|1788324342\n|gametype|doubles\n|player|p1|PAZXD|hilda-wonderlauncher|1093\n|player|p2|noah100800|265|1256\n|gen|9\n|tier|[Gen 9 Champions] VGC 2026 Reg M-B (Bo3)\n|rated|\n|rule|Species Clause: Limit one of each Pokémon\n|rule|Item Clause: Limit 1 of each item\n|clearpoke\n|poke|p1|Venusaur, L50, M|\n|poke|p1|Archaludon, L50, F|\n|poke|p1|Pelipper, L50, M|\n|poke|p1|Swampert, L50, M|\n|poke|p1|Grimmsnarl, L50, M|\n|poke|p1|Charizard, L50, F|\n|poke|p2|Scovillain, L50, M, shiny|\n|poke|p2|Basculegion, L50, M|\n|poke|p2|Kingambit, L50, M|\n|poke|p2|Sneasler, L50, M|\n|poke|p2|Lycanroc-Dusk, L50, M|\n|poke|p2|Froslass, L50, F|\n|teampreview|4\n|showteam|p1|Venusaur||LifeOrb|Overgrow|LeafStorm,SleepPowder,SludgeBomb,Protect|Modest||M|||50|]Archaludon||Leftovers|Stamina|Protect,FlashCannon,ElectroShot,DracoMeteor|Timid||F|||50|]Pelipper||FocusSash|Drizzle|Tailwind,Hurricane,WeatherBall,WideGuard|Timid||M|||50|]Swampert||Swampertite|Torrent|WaveCrash,IcePunch,Earthquake,Protect|Adamant||M|||50|]Grimmsnarl||LightClay|Prankster|LightScreen,Reflect,PartingShot,SpiritBreak|Careful||M|||50|]Charizard||CharizarditeY|Blaze|WeatherBall,HeatWave,Hurricane,Protect|Modest||F|||50|\n|showteam|p2|Scovillain||Scovillainite|Moody|GigaDrain,Overheat,RagePowder,Protect|Bold||M|||50|]Basculegion||LifeOrb|Adaptability|WaveCrash,LastRespects,AquaJet,Protect|Adamant||M|||50|]Kingambit||BlackGlasses|Defiant|KowtowCleave,SuckerPunch,SwordsDance,Protect|Adamant||M|||50|]Sneasler||WhiteHerb|Unburden|CloseCombat,DireClaw,Protect,FakeOut|Adamant||M|||50|]Lycanroc-Dusk||FocusSash|ToughClaws|CloseCombat,Accelerock,RockSlide,Protect|Adamant||M|||50|]Froslass||Froslassite|CursedBody|Blizzard,ShadowBall,AuroraVeil,Protect|Timid||F|||50|\n|inactive|Battle timer is ON: inactive players will automatically lose when time's up. (requested by PAZXD)\n|\n|t:|1788324377\n|teamsize|p1|4\n|teamsize|p2|4\n|start\n|switch|p1a: Grimmsnarl|Grimmsnarl, L50, M|100/100\n|switch|p1b: Swampert|Swampert, L50, M|100/100\n|switch|p2a: DDee|Lycanroc-Dusk, L50, M|100/100\n|switch|p2b: Cisco|Sneasler, L50, M|100/100\n|turn|1\n|\n|t:|1788324400\n|switch|p2a: SlycedBread|Basculegion, L50, M|100/100\n|move|p1b: Swampert|Protect|p1b: Swampert\n|-singleturn|p1b: Swampert|Protect\n|move|p1a: Grimmsnarl|Reflect|p1a: Grimmsnarl\n|-sidestart|p1: PAZXD|Reflect\n|move|p2b: Cisco|Dire Claw|p1a: Grimmsnarl\n|-supereffective|p1a: Grimmsnarl|1\n|-damage|p1a: Grimmsnarl|36/100\n|\n|upkeep\n|turn|2\n|\n|t:|1788324418\n|detailschange|p1b: Swampert|Swampert-Mega, L50, M\n|-mega|p1b: Swampert|Swampert|Swampertite\n|move|p2b: Cisco|Protect|p2b: Cisco\n|-singleturn|p2b: Cisco|Protect\n|move|p1a: Grimmsnarl|Parting Shot|p2a: SlycedBread\n|-unboost|p2a: SlycedBread|atk|1\n|-unboost|p2a: SlycedBread|spa|1\n|\n|t:|1788324429\n|switch|p1a: Pelipper|Pelipper, L50, M|100/100|[from] Parting Shot\n|-weather|RainDance|[from] ability: Drizzle|[of] p1a: Pelipper\n|move|p1b: Swampert|Earthquake|p2b: Cisco|[spread] p2a\n|-activate|p2b: Cisco|move: Protect\n|-immune|p1a: Pelipper\n|-damage|p2a: SlycedBread|42/100\n|move|p2a: SlycedBread|Wave Crash|p1b: Swampert\n|-damage|p1b: Swampert|33/100\n|-damage|p2a: SlycedBread|21/100|[from] Recoil\n|-damage|p2a: SlycedBread|12/100|[from] item: Life Orb\n|\n|-weather|RainDance|[upkeep]\n|upkeep\n|turn|3\n|inactive|noah100800 has 30 seconds left.\n|inactive|noah100800 has 20 seconds left.\n|inactive|noah100800 has 15 seconds left.\n|inactive|noah100800 has 10 seconds left.\n|inactive|noah100800 has 5 seconds left.\n|\n|t:|1788324480\n|switch|p2b: DDee|Lycanroc-Dusk, L50, M|100/100\n|move|p2a: SlycedBread|Aqua Jet|p1b: Swampert\n|-damage|p1b: Swampert|12/100\n|-damage|p2a: SlycedBread|2/100|[from] item: Life Orb\n|move|p1b: Swampert|Earthquake|p2b: DDee|[spread] p2a,p2b\n|-immune|p1a: Pelipper\n|-supereffective|p2b: DDee|1\n|-damage|p2a: SlycedBread|0 fnt\n|-enditem|p2b: DDee|Focus Sash\n|-damage|p2b: DDee|1/100\n|faint|p2a: SlycedBread\n|move|p1a: Pelipper|Tailwind|p1a: Pelipper\n|-sidestart|p1: PAZXD|move: Tailwind\n|\n|-weather|RainDance|[upkeep]\n|upkeep\n|\n|t:|1788324495\n|switch|p2a: Cisco|Sneasler, L50, M|100/100\n|turn|4\n|\n|t:|1788324519\n|switch|p1a: Venusaur|Venusaur, L50, M|100/100\n|move|p1b: Swampert|Protect|p1b: Swampert\n|-singleturn|p1b: Swampert|Protect\n|move|p2a: Cisco|Fake Out|p1a: Venusaur\n|-damage|p1a: Venusaur|86/100\n|move|p2b: DDee|Accelerock|p1a: Venusaur\n|-damage|p1a: Venusaur|61/100\n|\n|-weather|RainDance|[upkeep]\n|upkeep\n|turn|5\n|\n|t:|1788324544\n|switch|p2a: Koala|Froslass, L50, F|100/100\n|move|p2b: DDee|Protect|p2b: DDee\n|-singleturn|p2b: DDee|Protect\n|move|p1b: Swampert|Ice Punch|p2b: DDee\n|-activate|p2b: DDee|move: Protect\n|move|p1a: Venusaur|Sleep Powder|p2a: Koala|[miss]\n|-miss|p1a: Venusaur|p2a: Koala\n|\n|-weather|RainDance|[upkeep]\n|upkeep\n|turn|6\n|inactive|noah100800 has 30 seconds left.\n|\n|t:|1788324573\n|move|p2b: DDee|Accelerock|p1b: Swampert\n|-resisted|p1b: Swampert|1\n|-damage|p1b: Swampert|3/100\n|move|p1b: Swampert|Ice Punch|p2b: DDee\n|-damage|p2b: DDee|0 fnt\n|faint|p2b: DDee\n|move|p1a: Venusaur|Sleep Powder|p2a: Koala\n|-status|p2a: Koala|slp|[from] move: Sleep Powder\n|cant|p2a: Koala|slp\n|\n|-weather|none\n|-sideend|p1: PAZXD|move: Tailwind\n|upkeep\n|\n|t:|1788324590\n|switch|p2b: Cisco|Sneasler, L50, M|100/100\n|turn|7\n|c|☆noah100800|i clicked protect thats some bs\n|inactive|PAZXD has 30 seconds left.\n|inactive|noah100800 has 30 seconds left.\n|inactive|noah100800 has 20 seconds left.\n|\n|t:|1788324628\n|detailschange|p2a: Koala|Froslass-Mega, L50, F\n|-mega|p2a: Koala|Froslass|Froslassite\n|-weather|Snowscape|[from] ability: Snow Warning|[of] p2a: Koala\n|move|p1b: Swampert|Protect|p1b: Swampert\n|-singleturn|p1b: Swampert|Protect\n|cant|p2a: Koala|slp\n|move|p2b: Cisco|Close Combat|p1a: Venusaur\n|-resisted|p1a: Venusaur|1\n|-damage|p1a: Venusaur|33/100\n|-unboost|p2b: Cisco|def|1\n|-unboost|p2b: Cisco|spd|1\n|-enditem|p2b: Cisco|White Herb\n|-clearnegativeboost|p2b: Cisco|[silent]\n|move|p1a: Venusaur|Sleep Powder|p2b: Cisco\n|-status|p2b: Cisco|slp|[from] move: Sleep Powder\n|\n|-weather|Snowscape|[upkeep]\n|upkeep\n|turn|8\n|\n|t:|1788324648\n|switch|p1a: Pelipper|Pelipper, L50, M|100/100\n|-weather|RainDance|[from] ability: Drizzle|[of] p1a: Pelipper\n|cant|p2b: Cisco|slp\n|move|p1b: Swampert|Earthquake|p2b: Cisco|[spread] p2a,p2b\n|-immune|p1a: Pelipper\n|-supereffective|p2b: Cisco|1\n|-damage|p2a: Koala|29/100 slp\n|-damage|p2b: Cisco|0 fnt\n|faint|p2b: Cisco\n|-curestatus|p2a: Koala|slp|[msg]\n|move|p2a: Koala|Blizzard|p1b: Swampert|[spread] p1a,p1b\n|-damage|p1a: Pelipper|32/100\n|-damage|p1b: Swampert|0 fnt\n|faint|p1b: Swampert\n|\n|-weather|RainDance|[upkeep]\n|-sideend|p1: PAZXD|Reflect\n|upkeep\n|\n|t:|1788324658\n|switch|p1b: Grimmsnarl|Grimmsnarl, L50, M|36/100\n|turn|9\n|\n|t:|1788324670\n|move|p1a: Pelipper|Wide Guard|p1a: Pelipper\n|-singleturn|p1a: Pelipper|Wide Guard\n|move|p2a: Koala|Shadow Ball|p1a: Pelipper\n|-damage|p1a: Pelipper|0 fnt\n|faint|p1a: Pelipper\n|move|p1b: Grimmsnarl|Spirit Break|p2a: Koala\n|-damage|p2a: Koala|0 fnt\n|faint|p2a: Koala\n|\n|win|PAZXD\n||PAZXD is ready for game 3.\n||noah100800 is ready for game 3.\n|uhtml|next|Next: <a href=\"/battle-gen9championsvgc2026regmbbo3-2674256201\"><strong>Game 3 of 3</strong></a>\n|l|☆noah100800\n|player|p2|\n|l|☆PAZXD\n|player|p1|\n|j|☆noah100800\n|player|p2|noah100800|265|\n","uploadtime":1788325031,"views":"12","formatid":"gen9championsvgc2026regmbbo3","rating":null,"private":0,"password":null}