{"id":"gen9championsvgc2026regmbbo3-2674007656","format":"[Gen 9 Champions] VGC 2026 Reg M-B (Bo3)","players":["mumf","NeiloF18"],"log":"|j|☆mumf\n|j|☆NeiloF18\n|html|<table width=\"100%\"><tr><td align=\"left\">mumf</td><td align=\"right\">NeiloF18</tr><tr><td align=\"left\"><i class=\"fa fa-circle-o\"></i> <i class=\"fa fa-circle-o\"></i> </td><td align=\"right\"><i class=\"fa fa-circle-o\"></i> <i class=\"fa fa-circle\"></i> </tr></table>\n|uhtml|bestof|<h2><strong>Game 2</strong> of <a href=\"/game-bestof3-gen9championsvgc2026regmbbo3-2674006221\">a best-of-3</a></h2>\n|t:|1788287542\n|gametype|doubles\n|player|p1|mumf|1|1102\n|player|p2|NeiloF18|169|1163\n|gen|9\n|tier|[Gen 9 Champions] VGC 2026 Reg M-B (Bo3)\n|rated|\n|rule|Species Clause: Limit one of each Pokémon\n|rule|Item Clause: Limit 1 of each item\n|clearpoke\n|poke|p1|Kingambit, L50, F|\n|poke|p1|Blastoise, L50, M|\n|poke|p1|Delphox, L50, M|\n|poke|p1|Sinistcha, L50|\n|poke|p1|Sneasler, L50, M|\n|poke|p1|Incineroar, L50, F|\n|poke|p2|Raichu, L50, F|\n|poke|p2|Staraptor, L50, F|\n|poke|p2|Arcanine-Hisui, L50, M|\n|poke|p2|Farigiraf, L50, M|\n|poke|p2|Sylveon, L50, F|\n|poke|p2|Kingambit, L50, M|\n|teampreview|4\n|showteam|p1|Kingambit||LifeOrb|Defiant|KowtowCleave,Protect,SuckerPunch,SwordsDance|Adamant||F|||50|]Blastoise||Blastoisinite|RainDish|WaterSpout,DarkPulse,ShellSmash,Protect|Modest||M|||50|]Delphox||Delphoxite|Blaze|HeatWave,Protect,Psychic,NastyPlot|Timid||M|||50|]Sinistcha||ColburBerry|Hospitality|TrickRoom,MatchaGotcha,RagePowder,Protect|Bold|||||50|]Sneasler||FocusSash|Unburden|FakeOut,QuickGuard,CloseCombat,PoisonJab|Jolly||M|||50|]Incineroar||SitrusBerry|Intimidate|FakeOut,FlareBlitz,ThroatChop,PartingShot|Careful||F|||50|\n|showteam|p2|Raichu||RaichuniteY|LightningRod|ZapCannon,FocusBlast,FakeOut,Protect|Timid||F|||50|]Staraptor||Staraptite|Intimidate|CloseCombat,DualWingbeat,Tailwind,Protect|Jolly||F|||50|]Arcanine-Hisui||FocusSash|RockHead|FlareBlitz,HeadSmash,ExtremeSpeed,Protect|Jolly||M|||50|]Farigiraf||SitrusBerry|ArmorTail|Psychic,HelpingHand,TrickRoom,Protect|Calm||M|||50|]Sylveon||FairyFeather|Pixilate|HyperVoice,QuickAttack,HyperBeam,Detect|Modest||F|||50|]Kingambit||LifeOrb|Defiant|KowtowCleave,SuckerPunch,SwordsDance,Protect|Adamant||M|||50|\n|inactive|Battle timer is ON: inactive players will automatically lose when time's up. (requested by NeiloF18)\n|inactive|NeiloF18 has 60 seconds left.\n|\n|t:|1788287580\n|teamsize|p1|4\n|teamsize|p2|4\n|start\n|switch|p1a: Sinistcha|Sinistcha, L50|100/100\n|switch|p1b: Sneasler|Sneasler, L50, M|100/100\n|switch|p2a: Raichu|Raichu, L50, F|100/100\n|switch|p2b: Arcanine|Arcanine-Hisui, L50, M|100/100\n|turn|1\n|inactive|mumf has 30 seconds left.\n|\n|t:|1788287610\n|detailschange|p2a: Raichu|Raichu-Mega-Y, L50, F\n|-mega|p2a: Raichu|Raichu|Raichunite Y\n|move|p2a: Raichu|Fake Out|p1b: Sneasler\n|-damage|p1b: Sneasler|85/100\n|cant|p1b: Sneasler|flinch\n|move|p2b: Arcanine|Flare Blitz|p1a: Sinistcha\n|-supereffective|p1a: Sinistcha|1\n|-damage|p1a: Sinistcha|14/100\n|move|p1a: Sinistcha|Trick Room|p1a: Sinistcha\n|-fieldstart|move: Trick Room|[of] p1a: Sinistcha\n|\n|upkeep\n|turn|2\n|\n|t:|1788287625\n|move|p2b: Arcanine|Extreme Speed|p1b: Sneasler\n|-damage|p1b: Sneasler|40/100\n|move|p1a: Sinistcha|Matcha Gotcha|p2a: Raichu|[spread] p2a,p2b\n|-crit|p2a: Raichu\n|-damage|p2a: Raichu|50/100g\n|-heal|p1a: Sinistcha|37/100|[from] drain|[of] p2a: Raichu\n|-damage|p2b: Arcanine|72/100\n|-heal|p1a: Sinistcha|51/100|[from] drain|[of] p2b: Arcanine\n|move|p1b: Sneasler|Close Combat|p2b: Arcanine\n|-supereffective|p2b: Arcanine|1\n|-damage|p2b: Arcanine|0 fnt\n|-unboost|p1b: Sneasler|def|1\n|-unboost|p1b: Sneasler|spd|1\n|faint|p2b: Arcanine\n|move|p2a: Raichu|Zap Cannon|p1a: Sinistcha\n|-resisted|p1a: Sinistcha|1\n|-damage|p1a: Sinistcha|19/100\n|-status|p1a: Sinistcha|par\n|\n|upkeep\n|\n|t:|1788287634\n|switch|p2b: Sylveon|Sylveon, L50, F|100/100\n|turn|3\n|\n|t:|1788287653\n|switch|p1b: Kingambit|Kingambit, L50, F|100/100\n|switch|p2a: Kingambit|Kingambit, L50, M|100/100\n|move|p1a: Sinistcha|Matcha Gotcha|p2a: Kingambit|[spread] p2a\n|-miss|p1a: Sinistcha|p2b: Sylveon\n|-resisted|p2a: Kingambit|1\n|-damage|p2a: Kingambit|88/100\n|-heal|p1a: Sinistcha|25/100 par|[from] drain|[of] p2a: Kingambit\n|move|p2b: Sylveon|Hyper Voice|p1a: Sinistcha|[spread] p1a,p1b\n|-damage|p1a: Sinistcha|0 fnt\n|-damage|p1b: Kingambit|51/100\n|faint|p1a: Sinistcha\n|\n|upkeep\n|\n|t:|1788287666\n|switch|p1a: Sneasler|Sneasler, L50, M|40/100\n|turn|4\n|inactive|mumf has 30 seconds left.\n|\n|t:|1788287691\n|move|p2a: Kingambit|Protect|p2a: Kingambit\n|-singleturn|p2a: Kingambit|Protect\n|move|p2b: Sylveon|Detect|p2b: Sylveon\n|-singleturn|p2b: Sylveon|Protect\n|move|p1a: Sneasler|Fake Out|p2b: Sylveon\n|-activate|p2b: Sylveon|move: Protect\n|move|p1b: Kingambit|Swords Dance|p1b: Kingambit\n|-boost|p1b: Kingambit|atk|2\n|\n|upkeep\n|turn|5\n|inactive|NeiloF18 has 30 seconds left.\n|\n|t:|1788287718\n|switch|p2b: Raichu|Raichu-Mega-Y, L50, F|50/100g\n|move|p1b: Kingambit|Sucker Punch|p2a: Kingambit\n|-resisted|p2a: Kingambit|1\n|-damage|p2a: Kingambit|50/100g\n|-damage|p1b: Kingambit|41/100|[from] item: Life Orb\n|move|p2a: Kingambit|Kowtow Cleave|p1b: Kingambit\n|-resisted|p1b: Kingambit|1\n|-damage|p1b: Kingambit|16/100\n|-damage|p2a: Kingambit|41/100|[from] item: Life Orb\n|move|p1a: Sneasler|Poison Jab|p2b: Raichu\n|-damage|p2b: Raichu|0 fnt\n|faint|p2b: Raichu\n|\n|-fieldend|move: Trick Room\n|upkeep\n|\n|t:|1788287730\n|switch|p2b: Sylveon|Sylveon, L50, F|100/100\n|turn|6\n|inactive|NeiloF18 has 30 seconds left.\n|inactive|mumf has 30 seconds left.\n|\n|t:|1788287770\n|move|p2b: Sylveon|Detect|p2b: Sylveon\n|-singleturn|p2b: Sylveon|Protect\n|move|p1b: Kingambit|Sucker Punch||[still]\n|-fail|p1b: Kingambit\n|move|p1a: Sneasler|Poison Jab|p2b: Sylveon\n|-activate|p2b: Sylveon|move: Protect\n|move|p2a: Kingambit|Kowtow Cleave|p1b: Kingambit\n|-resisted|p1b: Kingambit|1\n|-damage|p1b: Kingambit|0 fnt\n|faint|p1b: Kingambit\n|-damage|p2a: Kingambit|31/100|[from] item: Life Orb\n|\n|upkeep\n|\n|t:|1788287773\n|switch|p1b: Blastoise|Blastoise, L50, M|100/100\n|turn|7\n|inactive|NeiloF18 has 30 seconds left.\n|inactive|NeiloF18 has 20 seconds left.\n|inactive|NeiloF18 has 15 seconds left.\n|\n|t:|1788287814\n|detailschange|p1b: Blastoise|Blastoise-Mega, L50, M\n|-mega|p1b: Blastoise|Blastoise|Blastoisinite\n|move|p1a: Sneasler|Quick Guard|p1a: Sneasler\n|-singleturn|p1a: Sneasler|Quick Guard\n|move|p2a: Kingambit|Sucker Punch|p1b: Blastoise\n|-activate|p1b: Blastoise|move: Quick Guard\n|move|p1b: Blastoise|Water Spout|p2a: Kingambit|[spread] p2a,p2b\n|-damage|p2a: Kingambit|0 fnt\n|-damage|p2b: Sylveon|47/100\n|faint|p2a: Kingambit\n|move|p2b: Sylveon|Hyper Voice|p1a: Sneasler|[spread] p1a,p1b\n|-damage|p1a: Sneasler|0 fnt\n|-damage|p1b: Blastoise|53/100\n|faint|p1a: Sneasler\n|\n|upkeep\n|turn|8\n|\n|t:|1788287834\n|move|p1b: Blastoise|Water Spout|p2b: Sylveon\n|-damage|p2b: Sylveon|14/100\n|move|p2b: Sylveon|Hyper Beam|p1b: Blastoise\n|-damage|p1b: Blastoise|0 fnt\n|-mustrecharge|p2b: Sylveon\n|faint|p1b: Blastoise\n|\n|win|NeiloF18\n|raw|mumf's rating: 1102 &rarr; <strong>1081</strong><br />(-21 for losing)\n|raw|NeiloF18's rating: 1163 &rarr; <strong>1184</strong><br />(+21 for winning)\n|l|☆mumf\n|player|p1|\n|j|☆mumf\n|player|p1|mumf|1|\n|l|☆mumf\n|player|p1|\n","uploadtime":1788287890,"views":"1","formatid":"gen9championsvgc2026regmbbo3","rating":1081,"private":0,"password":null}