{"id":"gen9championsvgc2026regmb-2674509671","format":"[Gen 9 Champions] VGC 2026 Reg M-B","players":["SolidAlias","777skills"],"log":"|j|☆SolidAlias\n|j|☆777skills\n|t:|1788368219\n|gametype|doubles\n|player|p1|SolidAlias|roxie|1095\n|player|p2|777skills|1|1149\n|gen|9\n|tier|[Gen 9 Champions] VGC 2026 Reg M-B\n|rated|\n|rule|Species Clause: Limit one of each Pokémon\n|rule|Item Clause: Limit 1 of each item\n|clearpoke\n|poke|p1|Floette-Eternal, L50, F|\n|poke|p1|Zoroark-Hisui, L50, F|\n|poke|p1|Maushold-Four, L50|\n|poke|p1|Whimsicott, L50, F|\n|poke|p1|Gholdengo, L50|\n|poke|p1|Incineroar, L50, M|\n|poke|p2|Basculegion, L50, M|\n|poke|p2|Clefable, L50, M|\n|poke|p2|Meganium, L50, M|\n|poke|p2|Rotom-Heat, L50|\n|poke|p2|Annihilape, L50, M|\n|poke|p2|Gholdengo, L50|\n|teampreview|4\n|inactive|Battle timer is ON: inactive players will automatically lose when time's up. (requested by 777skills)\n|inactive|777skills has 60 seconds left.\n|inactive|777skills has 30 seconds left.\n|\n|t:|1788368306\n|teamsize|p1|4\n|teamsize|p2|4\n|start\n|switch|p1a: Supreme Display|Floette-Eternal, L50, F|100/100\n|switch|p1b: Golden Toy|Gholdengo, L50|100/100\n|switch|p2a: Rotom|Rotom-Heat, L50|100/100\n|switch|p2b: Annihilape|Annihilape, L50, M|100/100\n|turn|1\n|inactive|SolidAlias has 30 seconds left.\n|inactive|777skills has 30 seconds left.\n|inactive|SolidAlias has 20 seconds left.\n|inactive|SolidAlias has 15 seconds left.\n|inactive|SolidAlias has 10 seconds left.\n|inactive|SolidAlias has 5 seconds left.\n|inactive|777skills has 20 seconds left.\n|inactive|777skills has 15 seconds left.\n|inactive|777skills has 10 seconds left.\n|inactive|777skills has 5 seconds left.\n|\n|t:|1788368378\n|detailschange|p1a: Supreme Display|Floette-Mega, L50, F\n|-mega|p1a: Supreme Display|Floette|Floettite\n|-ability|p1a: Supreme Display|Fairy Aura\n|move|p1b: Golden Toy|Bitter Malice|p2b: Annihilape\n|-supereffective|p2b: Annihilape|1\n|-crit|p2b: Annihilape\n|-damage|p2b: Annihilape|0 fnt\n|faint|p2b: Annihilape\n|move|p2a: Rotom|Overheat|p1b: Golden Toy\n|-damage|p1b: Golden Toy|0 fnt\n|-unboost|p2a: Rotom|spa|2\n|replace|p1b: Just Kidding!|Zoroark-Hisui, L50, F\n|-end|p1b: Just Kidding!|Illusion\n|faint|p1b: Just Kidding!\n|move|p1a: Supreme Display|Dazzling Gleam|p2a: Rotom\n|-resisted|p2a: Rotom|1\n|-damage|p2a: Rotom|64/100\n|\n|upkeep\n|\n|t:|1788368400\n|switch|p1b: Did I do that?|Whimsicott, L50, F|100/100\n|switch|p2b: Gholdengo|Gholdengo, L50|100/100\n|turn|2\n|inactive|777skills has 30 seconds left.\n|\n|t:|1788368434\n|switch|p2a: Basculegion|Basculegion, L50, M|100/100\n|move|p2b: Gholdengo|Protect|p2b: Gholdengo\n|-singleturn|p2b: Gholdengo|Protect\n|move|p1b: Did I do that?|Memento|p2b: Gholdengo\n|-activate|p2b: Gholdengo|move: Protect\n|move|p1a: Supreme Display|Dazzling Gleam|p2a: Basculegion|[spread] p2a\n|-activate|p2b: Gholdengo|move: Protect\n|-damage|p2a: Basculegion|54/100\n|\n|upkeep\n|turn|3\n|inactive|SolidAlias has 30 seconds left.\n|\n|t:|1788368465\n|switch|p2a: Rotom|Rotom-Heat, L50|64/100\n|move|p2b: Gholdengo|Make It Rain|p1a: Supreme Display|[spread] p1a\n|-miss|p2b: Gholdengo|p1b: Did I do that?\n|-supereffective|p1a: Supreme Display|1\n|-damage|p1a: Supreme Display|0 fnt\n|-unboost|p2b: Gholdengo|spa|2\n|faint|p1a: Supreme Display\n|-damage|p2b: Gholdengo|90/100|[from] item: Life Orb\n|move|p1b: Did I do that?|Moonblast|p2b: Gholdengo\n|-resisted|p2b: Gholdengo|1\n|-damage|p2b: Gholdengo|67/100\n|\n|upkeep\n|\n|t:|1788368479\n|switch|p1a: Golden Toy|Gholdengo, L50|100/100\n|turn|4\n|\n|t:|1788368493\n|move|p2b: Gholdengo|Protect|p2b: Gholdengo\n|-singleturn|p2b: Gholdengo|Protect\n|move|p1b: Did I do that?|Tailwind|p1b: Did I do that?\n|-sidestart|p1: SolidAlias|move: Tailwind\n|move|p1a: Golden Toy|Shadow Ball|p2b: Gholdengo\n|-activate|p2b: Gholdengo|move: Protect\n|move|p2a: Rotom|Overheat|p1a: Golden Toy\n|-supereffective|p1a: Golden Toy|1\n|-damage|p1a: Golden Toy|0 fnt\n|-unboost|p2a: Rotom|spa|2\n|faint|p1a: Golden Toy\n|\n|upkeep\n|turn|5\n|\n|t:|1788368514\n|switch|p2a: Basculegion|Basculegion, L50, M|54/100\n|move|p1b: Did I do that?|Moonblast|p2a: Basculegion\n|-damage|p2a: Basculegion|7/100\n|move|p2b: Gholdengo|Make It Rain|p1b: Did I do that?\n|-supereffective|p1b: Did I do that?|1\n|-damage|p1b: Did I do that?|0 fnt\n|-unboost|p2b: Gholdengo|spa|2\n|faint|p1b: Did I do that?\n|-damage|p2b: Gholdengo|57/100|[from] item: Life Orb\n|\n|win|777skills\n|raw|SolidAlias's rating: 1095 &rarr; <strong>1074</strong><br />(-21 for losing)\n|raw|777skills's rating: 1149 &rarr; <strong>1170</strong><br />(+21 for winning)\n|l|☆SolidAlias\n|player|p1|\n","uploadtime":1788368529,"views":"0","formatid":"gen9championsvgc2026regmb","rating":1074,"private":0,"password":null}