{"id":"gen9championsvgc2026regmbbo3-2673326332","format":"[Gen 9 Champions] VGC 2026 Reg M-B (Bo3)","players":["jeanryupr","jgm1234"],"log":"|j|☆jeanryupr\n|j|☆jgm1234\n|html|<table width=\"100%\"><tr><td align=\"left\">jeanryupr</td><td align=\"right\">jgm1234</tr><tr><td align=\"left\"><i class=\"fa fa-circle-o\"></i> <i class=\"fa fa-circle-o\"></i> </td><td align=\"right\"><i class=\"fa fa-circle-o\"></i> <i class=\"fa fa-circle\"></i> </tr></table>\n|uhtml|bestof|<h2><strong>Game 2</strong> of <a href=\"/game-bestof3-gen9championsvgc2026regmbbo3-2673324733\">a best-of-3</a></h2>\n|t:|1788183726\n|gametype|doubles\n|player|p1|jeanryupr|265|1330\n|player|p2|jgm1234|emmet|1319\n|gen|9\n|tier|[Gen 9 Champions] VGC 2026 Reg M-B (Bo3)\n|rated|\n|rule|Species Clause: Limit one of each Pokémon\n|rule|Item Clause: Limit 1 of each item\n|clearpoke\n|poke|p1|Scovillain, L50, M, shiny|\n|poke|p1|Basculegion, L50, M|\n|poke|p1|Kingambit, L50, M|\n|poke|p1|Sneasler, L50, M|\n|poke|p1|Lycanroc-Dusk, L50, F|\n|poke|p1|Froslass, L50, F|\n|poke|p2|Floette-Eternal, L50, F|\n|poke|p2|Charizard, L50, F|\n|poke|p2|Kingambit, L50, F|\n|poke|p2|Whimsicott, L50, M|\n|poke|p2|Basculegion, L50, M|\n|poke|p2|Garchomp, L50, M|\n|teampreview|4\n|showteam|p1|Scovillain||Scovillainite|Moody|GigaDrain,Overheat,RagePowder,Protect|Bold||M|||50|]Basculegion||LifeOrb|Adaptability|WaveCrash,LastRespects,AquaJet,Protect|Adamant||M|||50|]Kingambit||BlackGlasses|Defiant|KowtowCleave,SuckerPunch,SwordsDance,Protect|Adamant||M|||50|]Sneasler||WhiteHerb|Unburden|CloseCombat,DireClaw,Protect,FakeOut|Adamant||M|||50|]Lycanroc-Dusk||FocusSash|ToughClaws|CloseCombat,Accelerock,RockSlide,Protect|Adamant||F|||50|]Froslass||Froslassite|CursedBody|Blizzard,ShadowBall,AuroraVeil,Protect|Timid||F|||50|\n|showteam|p2|Floette-Eternal||Floettite|FlowerVeil|Protect,LightofRuin,Moonblast,DazzlingGleam|Timid||F|||50|]Charizard||CharizarditeY|Blaze|AncientPower,HeatWave,WeatherBall,Protect|Modest||F|||50|]Kingambit||OccaBerry|Defiant|IronHead,LowKick,KowtowCleave,SuckerPunch|Adamant||F|||50|]Whimsicott||FocusSash|Prankster|Moonblast,Tailwind,Encore,Protect|Timid||M|||50|]Basculegion||LifeOrb|Adaptability|WaveCrash,Protect,LastRespects,AquaJet|Adamant||M|||50|]Garchomp||SitrusBerry|RoughSkin|Earthquake,RockSlide,Protect,DragonClaw|Jolly||M|||50|\n|inactive|Battle timer is ON: inactive players will automatically lose when time's up. (requested by jgm1234)\n|\n|t:|1788183751\n|teamsize|p1|4\n|teamsize|p2|4\n|start\n|switch|p1a: Scovillain|Scovillain, L50, M, shiny|100/100\n|switch|p1b: Sneasler|Sneasler, L50, M|100/100\n|switch|p2a: Charizard|Charizard, L50, F|100/100\n|switch|p2b: Whimsicott|Whimsicott, L50, M|100/100\n|turn|1\n|\n|t:|1788183771\n|detailschange|p2a: Charizard|Charizard-Mega-Y, L50, F\n|-mega|p2a: Charizard|Charizard|Charizardite Y\n|-weather|SunnyDay|[from] ability: Drought|[of] p2a: Charizard\n|detailschange|p1a: Scovillain|Scovillain-Mega, L50, M, shiny\n|-mega|p1a: Scovillain|Scovillain|Scovillainite\n|move|p2b: Whimsicott|Protect|p2b: Whimsicott\n|-singleturn|p2b: Whimsicott|Protect\n|move|p1b: Sneasler|Fake Out|p2a: Charizard\n|-damage|p2a: Charizard|82/100\n|cant|p2a: Charizard|flinch\n|move|p1a: Scovillain|Overheat|p2b: Whimsicott\n|-activate|p2b: Whimsicott|move: Protect\n|\n|-weather|SunnyDay|[upkeep]\n|upkeep\n|turn|2\n|\n|t:|1788183793\n|switch|p1b: Lycanroc|Lycanroc-Dusk, L50, F|100/100\n|move|p2b: Whimsicott|Encore||[still]\n|-fail|p2b: Whimsicott\n|move|p2a: Charizard|Heat Wave|p1b: Lycanroc|[spread] p1b\n|-miss|p2a: Charizard|p1a: Scovillain\n|-resisted|p1b: Lycanroc|1\n|-damage|p1b: Lycanroc|43/100\n|move|p1a: Scovillain|Overheat|p2b: Whimsicott|[miss]\n|-miss|p1a: Scovillain|p2b: Whimsicott\n|\n|-weather|SunnyDay|[upkeep]\n|upkeep\n|turn|3\n|\n|t:|1788183816\n|switch|p1b: Sneasler|Sneasler, L50, M|100/100\n|switch|p2a: Garchomp|Garchomp, L50, M|100/100\n|move|p2b: Whimsicott|Moonblast|p1b: Sneasler\n|-damage|p1b: Sneasler|57/100\n|move|p1a: Scovillain|Overheat|p2b: Whimsicott\n|-supereffective|p2b: Whimsicott|1\n|-enditem|p2b: Whimsicott|Focus Sash\n|-damage|p2b: Whimsicott|1/100\n|-unboost|p1a: Scovillain|spa|2\n|\n|-weather|SunnyDay|[upkeep]\n|upkeep\n|turn|4\n|inactive|jeanryupr has 30 seconds left.\n|\n|t:|1788183847\n|move|p1b: Sneasler|Fake Out|p2b: Whimsicott\n|-damage|p2b: Whimsicott|0 fnt\n|faint|p2b: Whimsicott\n|move|p1a: Scovillain|Rage Powder|p1a: Scovillain\n|-singleturn|p1a: Scovillain|move: Rage Powder\n|move|p2a: Garchomp|Earthquake|p1a: Scovillain|[spread] p1a,p1b\n|-crit|p1a: Scovillain\n|-supereffective|p1b: Sneasler|1\n|-damage|p1a: Scovillain|43/100\n|-damage|p1b: Sneasler|0 fnt\n|-status|p2a: Garchomp|brn|[from] ability: Spicy Spray|[of] p1a: Scovillain\n|faint|p1b: Sneasler\n|\n|-weather|SunnyDay|[upkeep]\n|-damage|p2a: Garchomp|94/100 brn|[from] brn\n|upkeep\n|\n|t:|1788183859\n|switch|p2b: Kingambit|Kingambit, L50, F|100/100\n|switch|p1b: Lycanroc|Lycanroc-Dusk, L50, F|43/100\n|turn|5\n|\n|t:|1788183875\n|switch|p2b: Charizard|Charizard-Mega-Y, L50, F|82/100\n|move|p1b: Lycanroc|Protect|p1b: Lycanroc\n|-singleturn|p1b: Lycanroc|Protect\n|move|p2a: Garchomp|Earthquake|p1b: Lycanroc|[spread] p1a\n|-activate|p1b: Lycanroc|move: Protect\n|-immune|p2b: Charizard\n|-damage|p1a: Scovillain|24/100\n|move|p1a: Scovillain|Giga Drain|p2a: Garchomp\n|-damage|p2a: Garchomp|74/100 brn\n|-heal|p1a: Scovillain|35/100|[from] drain|[of] p2a: Garchomp\n|\n|-weather|none\n|-damage|p2a: Garchomp|68/100 brn|[from] brn\n|upkeep\n|turn|6\n|\n|t:|1788183898\n|switch|p1b: Kingambit|Kingambit, L50, M|100/100\n|move|p2a: Garchomp|Earthquake|p1b: Kingambit|[spread] p1a,p1b\n|-immune|p2b: Charizard\n|-supereffective|p1b: Kingambit|1\n|-damage|p1a: Scovillain|15/100\n|-damage|p1b: Kingambit|69/100\n|move|p2b: Charizard|Ancient Power|p1a: Scovillain\n|-supereffective|p1a: Scovillain|1\n|-damage|p1a: Scovillain|0 fnt\n|faint|p1a: Scovillain\n|\n|-damage|p2a: Garchomp|62/100 brn|[from] brn\n|upkeep\n|\n|t:|1788183912\n|switch|p1a: Lycanroc|Lycanroc-Dusk, L50, F|43/100\n|turn|7\n|\n|t:|1788183921\n|move|p1a: Lycanroc|Accelerock|p2a: Garchomp\n|-resisted|p2a: Garchomp|1\n|-damage|p2a: Garchomp|48/100 brn\n|-damage|p1a: Lycanroc|31/100|[from] ability: Rough Skin|[of] p2a: Garchomp\n|-enditem|p2a: Garchomp|Sitrus Berry|[eat]\n|-heal|p2a: Garchomp|72/100 brn|[from] item: Sitrus Berry\n|move|p1b: Kingambit|Sucker Punch|p2a: Garchomp\n|-damage|p2a: Garchomp|23/100 brn\n|-damage|p1b: Kingambit|57/100|[from] ability: Rough Skin|[of] p2a: Garchomp\n|move|p2a: Garchomp|Earthquake|p1a: Lycanroc|[spread] p1a,p1b\n|-immune|p2b: Charizard\n|-supereffective|p1a: Lycanroc|1\n|-supereffective|p1b: Kingambit|1\n|-damage|p1a: Lycanroc|0 fnt\n|-damage|p1b: Kingambit|26/100\n|faint|p1a: Lycanroc\n|move|p2b: Charizard|Heat Wave|p1b: Kingambit\n|-supereffective|p1b: Kingambit|1\n|-damage|p1b: Kingambit|0 fnt\n|faint|p1b: Kingambit\n|\n|win|jgm1234\n","uploadtime":1788183742,"views":"5","formatid":"gen9championsvgc2026regmbbo3","rating":null,"private":0,"password":null}