{"id":"gen9championsvgc2026regmbbo3-2673312221","format":"[Gen 9 Champions] VGC 2026 Reg M-B (Bo3)","players":["humania1","Prof. Bush"],"log":"|j|☆humania1\n|j|☆Prof. Bush\n|html|<table width=\"100%\"><tr><td align=\"left\">humania1</td><td align=\"right\">Prof. Bush</tr><tr><td align=\"left\"><i class=\"fa fa-circle\"></i> <i class=\"fa fa-circle-o\"></i> </td><td align=\"right\"><i class=\"fa fa-circle-o\"></i> <i class=\"fa fa-circle\"></i> </tr></table>\n|uhtml|bestof|<h2><strong>Game 3</strong> of <a href=\"/game-bestof3-gen9championsvgc2026regmbbo3-2673310056\">a best-of-3</a></h2>\n|t:|1788181623\n|gametype|doubles\n|player|p1|humania1|170|1014\n|player|p2|Prof. Bush|li|1084\n|gen|9\n|tier|[Gen 9 Champions] VGC 2026 Reg M-B (Bo3)\n|rated|\n|rule|Species Clause: Limit one of each Pokémon\n|rule|Item Clause: Limit 1 of each item\n|clearpoke\n|poke|p1|Blastoise, L50, F|\n|poke|p1|Delphox, L50, F, shiny|\n|poke|p1|Incineroar, L50, F|\n|poke|p1|Sinistcha, L50|\n|poke|p1|Sneasler, L50, F|\n|poke|p1|Vivillon, L50, M|\n|poke|p2|Gardevoir, L50, M|\n|poke|p2|Krookodile, L50, M|\n|poke|p2|Talonflame, L50, M|\n|poke|p2|Gholdengo, L50|\n|poke|p2|Rotom-Wash, L50|\n|poke|p2|Sneasler, L50, M|\n|teampreview|4\n|showteam|p1|Blastoise||Blastoisinite|Torrent|Protect,ShellSmash,WaterSpout,DarkPulse|Modest||F|||50|]Delphox||Delphoxite|Blaze|Protect,HeatWave,Psyshock,NastyPlot|Timid||F|||50|]Incineroar||PasshoBerry|Intimidate|FakeOut,PartingShot,FlareBlitz,ThroatChop|Impish||F|||50|]Sinistcha||SitrusBerry|Hospitality|Protect,MatchaGotcha,TrickRoom,RagePowder|Bold|||||50|]Sneasler||FocusSash|PoisonTouch|QuickGuard,FakeOut,CloseCombat,DireClaw|Jolly||F|||50|]Vivillon||ChoiceScarf|CompoundEyes|Hurricane,SleepPowder,RagePowder,Uturn|Timid||M|||50|\n|showteam|p2|Gardevoir||Gardevoirite|Synchronize|HyperVoice,TrickRoom,Psyshock,Protect|Quiet||M|||50|]Krookodile||RoseliBerry|Intimidate|KnockOff,HighHorsepower,RockSlide,Protect|Brave||M|||50|]Talonflame||SharpBeak|GaleWings|Tailwind,WillOWisp,BraveBird,FlareBlitz|Jolly||M|||50|]Gholdengo||LifeOrb|GoodasGold|MakeItRain,ShadowBall,NastyPlot,Protect|Modest|||||50|]Rotom-Wash||SitrusBerry|Levitate|WillOWisp,VoltSwitch,HydroPump,Thunderbolt|Modest|||||50|]Sneasler||FocusSash|PoisonTouch|FakeOut,CloseCombat,DireClaw,Protect|Adamant||M|||50|\n|inactive|Battle timer is ON: inactive players will automatically lose when time's up. (requested by humania1)\n|inactive|Prof. Bush also wants the timer to be on.\n|\n|t:|1788181632\n|teamsize|p1|4\n|teamsize|p2|4\n|start\n|switch|p1a: Blastoise|Blastoise, L50, F|100/100\n|switch|p1b: Delphox|Delphox, L50, F, shiny|100/100\n|switch|p2a: Krookodile|Krookodile, L50, M|100/100\n|switch|p2b: Sneasler|Sneasler, L50, M|100/100\n|-ability|p2a: Krookodile|Intimidate|boost\n|-unboost|p1a: Blastoise|atk|1\n|-unboost|p1b: Delphox|atk|1\n|turn|1\n|\n|t:|1788181638\n|move|p2b: Sneasler|Fake Out|p1a: Blastoise\n|-damage|p1a: Blastoise|81/100\n|move|p1b: Delphox|Psyshock|p2b: Sneasler\n|-supereffective|p2b: Sneasler|2\n|-enditem|p2b: Sneasler|Focus Sash\n|-damage|p2b: Sneasler|1/100\n|cant|p1a: Blastoise|flinch\n|move|p2a: Krookodile|High Horsepower|p1b: Delphox\n|-supereffective|p1b: Delphox|1\n|-damage|p1b: Delphox|0 fnt\n|faint|p1b: Delphox\n|\n|upkeep\n|\n|t:|1788181639\n|switch|p1b: Incineroar|Incineroar, L50, F|100/100\n|-ability|p1b: Incineroar|Intimidate|boost\n|-unboost|p2a: Krookodile|atk|1\n|-unboost|p2b: Sneasler|atk|1\n|turn|2\n|inactive|Prof. Bush has 30 seconds left.\n|\n|t:|1788181669\n|switch|p2a: Gardevoir|Gardevoir, L50, M|100/100\n|move|p2b: Sneasler|Close Combat|p1b: Incineroar\n|-supereffective|p1b: Incineroar|1\n|-crit|p1b: Incineroar\n|-damage|p1b: Incineroar|0 fnt\n|-unboost|p2b: Sneasler|def|1\n|-unboost|p2b: Sneasler|spd|1\n|faint|p1b: Incineroar\n|move|p1a: Blastoise|Water Spout|p2b: Sneasler|[spread] p2a,p2b\n|-damage|p2a: Gardevoir|66/100\n|-damage|p2b: Sneasler|0 fnt\n|faint|p2b: Sneasler\n|\n|upkeep\n|\n|t:|1788181679\n|switch|p2b: Talonflame|Talonflame, L50, M|100/100\n|switch|p1b: Sinistcha|Sinistcha, L50|100/100\n|-heal|p1a: Blastoise|100/100|[from] ability: Hospitality|[of] p1b: Sinistcha\n|turn|3\n|\n|t:|1788181685\n|detailschange|p2a: Gardevoir|Gardevoir-Mega, L50, M\n|-mega|p2a: Gardevoir|Gardevoir|Gardevoirite\n|move|p2b: Talonflame|Tailwind|p2b: Talonflame\n|-sidestart|p2: Prof. Bush|move: Tailwind\n|move|p2a: Gardevoir|Hyper Voice|p1a: Blastoise|[spread] p1a,p1b\n|-crit|p1a: Blastoise\n|-damage|p1a: Blastoise|15/100\n|-damage|p1b: Sinistcha|48/100\n|-enditem|p1b: Sinistcha|Sitrus Berry|[eat]\n|-heal|p1b: Sinistcha|73/100|[from] item: Sitrus Berry\n|move|p1a: Blastoise|Water Spout|p2a: Gardevoir|[spread] p2a,p2b\n|-supereffective|p2b: Talonflame|1\n|-damage|p2a: Gardevoir|59/100\n|-damage|p2b: Talonflame|65/100\n|move|p1b: Sinistcha|Trick Room|p1b: Sinistcha\n|-fieldstart|move: Trick Room|[of] p1b: Sinistcha\n|\n|upkeep\n|turn|4\n|\n|t:|1788181701\n|move|p1b: Sinistcha|Protect|p1b: Sinistcha\n|-singleturn|p1b: Sinistcha|Protect\n|move|p1a: Blastoise|Water Spout|p2b: Talonflame|[spread] p2a,p2b\n|-supereffective|p2b: Talonflame|1\n|-damage|p2a: Gardevoir|50/100g\n|-damage|p2b: Talonflame|32/100\n|move|p2b: Talonflame|Brave Bird|p1b: Sinistcha\n|-activate|p1b: Sinistcha|move: Protect\n|move|p2a: Gardevoir|Trick Room|p2a: Gardevoir\n|-fieldend|move: Trick Room\n|\n|upkeep\n|turn|5\n|\n|t:|1788181719\n|move|p1a: Blastoise|Protect|p1a: Blastoise\n|-singleturn|p1a: Blastoise|Protect\n|move|p2b: Talonflame|Brave Bird|p1b: Sinistcha\n|-supereffective|p1b: Sinistcha|1\n|-damage|p1b: Sinistcha|0 fnt\n|faint|p1b: Sinistcha\n|-damage|p2b: Talonflame|5/100|[from] Recoil\n|move|p2a: Gardevoir|Hyper Voice|p1a: Blastoise\n|-activate|p1a: Blastoise|move: Protect\n|\n|upkeep\n|turn|6\n|\n|t:|1788181728\n|move|p2b: Talonflame|Flare Blitz|p1a: Blastoise\n|-resisted|p1a: Blastoise|1\n|-damage|p1a: Blastoise|0 fnt\n|faint|p1a: Blastoise\n|-damage|p2b: Talonflame|0 fnt|[from] Recoil\n|faint|p2b: Talonflame\n|\n|win|Prof. Bush\n|raw|humania1's rating: 1014 &rarr; <strong>1004</strong><br />(-10 for losing)\n|raw|Prof. Bush's rating: 1084 &rarr; <strong>1106</strong><br />(+22 for winning)\n","uploadtime":1788181729,"views":"3","formatid":"gen9championsvgc2026regmbbo3","rating":1004,"private":0,"password":null}