{"id":"gen9championsvgc2026regmb-2674139275","format":"[Gen 9 Champions] VGC 2026 Reg M-B","players":["ravenskeeper","chabanov"],"log":"|j|☆ravenskeeper\n|j|☆chabanov\n|t:|1788304943\n|gametype|doubles\n|player|p1|ravenskeeper|102|\n|player|p2|chabanov|170|\n|gen|9\n|tier|[Gen 9 Champions] VGC 2026 Reg M-B\n|rule|Species Clause: Limit one of each Pokémon\n|rule|Item Clause: Limit 1 of each item\n|clearpoke\n|poke|p1|Tyranitar, L50, M|\n|poke|p1|Excadrill, L50, F|\n|poke|p1|Houndstone, L50, M|\n|poke|p1|Scizor, L50, M|\n|poke|p1|Rotom-Mow, L50|\n|poke|p1|Altaria, L50, F|\n|poke|p2|Hawlucha, L50, M|\n|poke|p2|Snorlax, L50, F|\n|poke|p2|Liepard, L50, M|\n|poke|p2|Sinistcha, L50|\n|poke|p2|Emboar, L50, F|\n|poke|p2|Noivern, L50, F|\n|teampreview|4\n|\n|t:|1788305049\n|teamsize|p1|4\n|teamsize|p2|4\n|start\n|switch|p1a: Tyranitar|Tyranitar, L50, M|100/100\n|switch|p1b: Excadrill|Excadrill, L50, F|100/100\n|switch|p2a: Liepard|Liepard, L50, M|100/100\n|switch|p2b: Sinistcha|Sinistcha, L50|100/100\n|-weather|Sandstorm|[from] ability: Sand Stream|[of] p1a: Tyranitar\n|turn|1\n|\n|t:|1788305090\n|move|p2a: Liepard|Fake Out|p1b: Excadrill\n|-resisted|p1b: Excadrill|1\n|-damage|p1b: Excadrill|93/100\n|cant|p1b: Excadrill|flinch\n|move|p1a: Tyranitar|Rock Slide|p2b: Sinistcha|[spread] p2a,p2b\n|-damage|p2a: Liepard|47/100\n|-damage|p2b: Sinistcha|80/100\n|cant|p2b: Sinistcha|flinch\n|\n|-weather|Sandstorm|[upkeep]\n|-damage|p2a: Liepard|41/100|[from] Sandstorm\n|-damage|p2b: Sinistcha|74/100|[from] Sandstorm\n|upkeep\n|turn|2\n|c|☆ravenskeeper|THE FLINCH\n|\n|t:|1788305110\n|move|p1b: Excadrill|Rock Slide|p2b: Sinistcha|[spread] p2a,p2b\n|-damage|p2a: Liepard|1/100\n|-damage|p2b: Sinistcha|57/100\n|move|p1a: Tyranitar|Rock Slide|p2b: Sinistcha|[spread] p2a\n|-miss|p1a: Tyranitar|p2b: Sinistcha\n|-damage|p2a: Liepard|0 fnt\n|faint|p2a: Liepard\n|move|p2b: Sinistcha|Matcha Gotcha|p1a: Tyranitar|[spread] p1a\n|-miss|p2b: Sinistcha|p1b: Excadrill\n|-supereffective|p1a: Tyranitar|1\n|-damage|p1a: Tyranitar|68/100\n|-heal|p2b: Sinistcha|73/100|[from] drain|[of] p1a: Tyranitar\n|\n|-weather|Sandstorm|[upkeep]\n|-damage|p2b: Sinistcha|67/100|[from] Sandstorm\n|upkeep\n|\n|t:|1788305138\n|switch|p2a: Noivern|Noivern, L50, F|100/100\n|turn|3\n|\n|t:|1788305157\n|move|p1b: Excadrill|Rock Slide|p2b: Sinistcha|[spread] p2a,p2b\n|-supereffective|p2a: Noivern|1\n|-damage|p2a: Noivern|38/100\n|-damage|p2b: Sinistcha|51/100\n|cant|p2a: Noivern|flinch\n|move|p1a: Tyranitar|Rock Slide|p2a: Noivern|[spread] p2a,p2b\n|-supereffective|p2a: Noivern|1\n|-damage|p2a: Noivern|0 fnt\n|-damage|p2b: Sinistcha|29/100\n|-enditem|p2b: Sinistcha|Sitrus Berry|[eat]\n|-heal|p2b: Sinistcha|53/100|[from] item: Sitrus Berry\n|faint|p2a: Noivern\n|move|p2b: Sinistcha|Trick Room|p2b: Sinistcha\n|-fieldstart|move: Trick Room|[of] p2b: Sinistcha\n|\n|-weather|Sandstorm|[upkeep]\n|-damage|p2b: Sinistcha|47/100|[from] Sandstorm\n|upkeep\n|\n|t:|1788305171\n|switch|p2a: Emboar|Emboar, L50, F|100/100\n|turn|4\n|\n|t:|1788305226\n|detailschange|p2a: Emboar|Emboar-Mega, L50, F\n|-mega|p2a: Emboar|Emboar|Emboarite\n|-ability|p2a: Emboar|Mold Breaker\n|move|p2b: Sinistcha|Matcha Gotcha|p1b: Excadrill|[spread] p1a\n|-miss|p2b: Sinistcha|p1b: Excadrill\n|-supereffective|p1a: Tyranitar|1\n|-damage|p1a: Tyranitar|33/100\n|-heal|p2b: Sinistcha|64/100|[from] drain|[of] p1a: Tyranitar\n|move|p2a: Emboar|Drain Punch|p1a: Tyranitar\n|-supereffective|p1a: Tyranitar|2\n|-damage|p1a: Tyranitar|0 fnt\n|faint|p1a: Tyranitar\n|move|p1b: Excadrill|Earthquake|p2a: Emboar|[spread] p2a,p2b\n|-supereffective|p2a: Emboar|1\n|-resisted|p2b: Sinistcha|1\n|-damage|p2a: Emboar|2/100\n|-damage|p2b: Sinistcha|48/100\n|\n|-weather|Sandstorm|[upkeep]\n|-damage|p2b: Sinistcha|42/100|[from] Sandstorm\n|-damage|p2a: Emboar|0 fnt|[from] Sandstorm\n|faint|p2a: Emboar\n|upkeep\n|\n|t:|1788305252\n|switch|p1a: Scizor|Scizor, L50, M|100/100\n|turn|5\n|\n|t:|1788305263\n|detailschange|p1a: Scizor|Scizor-Mega, L50, M\n|-mega|p1a: Scizor|Scizor|Scizorite\n|move|p2b: Sinistcha|Matcha Gotcha|p1b: Excadrill|[spread] p1a,p1b\n|-resisted|p1a: Scizor|2\n|-damage|p1a: Scizor|93/100\n|-heal|p2b: Sinistcha|46/100|[from] drain|[of] p1a: Scizor\n|-damage|p1b: Excadrill|61/100\n|-heal|p2b: Sinistcha|62/100|[from] drain|[of] p1b: Excadrill\n|-status|p1b: Excadrill|brn\n|move|p1a: Scizor|Bug Bite|p2b: Sinistcha\n|-crit|p2b: Sinistcha\n|-damage|p2b: Sinistcha|3/100\n|move|p1b: Excadrill|Iron Head|p2b: Sinistcha\n|-damage|p2b: Sinistcha|0 fnt\n|faint|p2b: Sinistcha\n|\n|win|ravenskeeper\n|c|☆chabanov|gg\n|c|☆ravenskeeper|gg\n|c|☆chabanov|recorded\n","uploadtime":1788305297,"views":"1","formatid":"gen9championsvgc2026regmb","rating":null,"private":0,"password":null}