{"id":"gen9championsvgc2026regmb-2674026536","format":"[Gen 9 Champions] VGC 2026 Reg M-B","players":["Argian","ethalem77"],"log":"|j|☆Argian\n|j|☆ethalem77\n|t:|1788289786\n|gametype|doubles\n|player|p1|Argian|265|1526\n|player|p2|ethalem77|acetrainer-gen4dp|1572\n|gen|9\n|tier|[Gen 9 Champions] VGC 2026 Reg M-B\n|rated|\n|rule|Species Clause: Limit one of each Pokémon\n|rule|Item Clause: Limit 1 of each item\n|clearpoke\n|poke|p1|Blaziken, L50, M|\n|poke|p1|Dragonite, L50, M, shiny|\n|poke|p1|Kingambit, L50, M, shiny|\n|poke|p1|Basculegion, L50, M, shiny|\n|poke|p1|Farigiraf, L50, F, shiny|\n|poke|p1|Ninetales-Alola, L50, M, shiny|\n|poke|p2|Dragonite, L50, M|\n|poke|p2|Sneasler, L50, M|\n|poke|p2|Basculegion, L50, M|\n|poke|p2|Kingambit, L50, F|\n|poke|p2|Garchomp, L50, F|\n|poke|p2|Floette-Eternal, L50, F|\n|teampreview|4\n|inactive|Battle timer is ON: inactive players will automatically lose when time's up. (requested by ethalem77)\n|inactive|Argian has 60 seconds left.\n|\n|t:|1788289825\n|teamsize|p1|4\n|teamsize|p2|4\n|start\n|switch|p1a: Dragonite|Dragonite, L50, M, shiny|100/100\n|switch|p1b: Kingambit|Kingambit, L50, M, shiny|100/100\n|switch|p2a: Floette|Floette-Eternal, L50, F|100/100\n|switch|p2b: Kingambit|Kingambit, L50, F|100/100\n|turn|1\n|\n|t:|1788289839\n|switch|p1a: Farigiraf|Farigiraf, L50, F, shiny|100/100\n|detailschange|p2a: Floette|Floette-Mega, L50, F\n|-mega|p2a: Floette|Floette|Floettite\n|-ability|p2a: Floette|Fairy Aura\n|move|p2a: Floette|Dazzling Gleam|p1b: Kingambit|[spread] p1a,p1b\n|-damage|p1a: Farigiraf|60/100\n|-damage|p1b: Kingambit|55/100\n|move|p1b: Kingambit|Iron Head|p2a: Floette\n|-supereffective|p2a: Floette|1\n|-damage|p2a: Floette|0 fnt\n|faint|p2a: Floette\n|move|p2b: Kingambit|Low Kick|p1b: Kingambit\n|-supereffective|p1b: Kingambit|2\n|-enditem|p1b: Kingambit|Chople Berry|[eat]\n|-enditem|p1b: Kingambit|Chople Berry|[weaken]\n|-damage|p1b: Kingambit|0 fnt\n|faint|p1b: Kingambit\n|\n|upkeep\n|\n|t:|1788289859\n|switch|p2a: Basculegion|Basculegion, L50, M|100/100\n|switch|p1b: Dragonite|Dragonite, L50, M, shiny|100/100\n|turn|2\n|inactive|Argian has 30 seconds left.\n|\n|t:|1788289885\n|detailschange|p1b: Dragonite|Dragonite-Mega, L50, M, shiny\n|-mega|p1b: Dragonite|Dragonite|Dragoninite\n|move|p1a: Farigiraf|Helping Hand|p1b: Dragonite\n|-singleturn|p1b: Dragonite|Helping Hand|[of] p1a: Farigiraf\n|move|p2a: Basculegion|Wave Crash|p1a: Farigiraf\n|-damage|p1a: Farigiraf|0 fnt\n|faint|p1a: Farigiraf\n|-damage|p2a: Basculegion|77/100|[from] Recoil\n|-damage|p2a: Basculegion|67/100|[from] item: Life Orb\n|move|p1b: Dragonite|Thunderbolt|p2a: Basculegion\n|-supereffective|p2a: Basculegion|1\n|-damage|p2a: Basculegion|0 fnt\n|faint|p2a: Basculegion\n|move|p2b: Kingambit|Kowtow Cleave|p1b: Dragonite\n|-damage|p1b: Dragonite|77/100\n|\n|upkeep\n|\n|t:|1788289898\n|switch|p2a: Sneasler|Sneasler, L50, M|100/100\n|switch|p1a: Ninetales|Ninetales-Alola, L50, M, shiny|100/100\n|-weather|Snowscape|[from] ability: Snow Warning|[of] p1a: Ninetales\n|turn|3\n|\n|t:|1788289912\n|move|p1a: Ninetales|Protect|p1a: Ninetales\n|-singleturn|p1a: Ninetales|Protect\n|move|p1b: Dragonite|Protect|p1b: Dragonite\n|-singleturn|p1b: Dragonite|Protect\n|move|p2a: Sneasler|Fake Out|p1a: Ninetales\n|-activate|p1a: Ninetales|move: Protect\n|move|p2b: Kingambit|Sucker Punch||[still]\n|-fail|p2b: Kingambit\n|\n|-weather|Snowscape|[upkeep]\n|upkeep\n|turn|4\n|inactive|Argian has 30 seconds left.\n|\n|t:|1788289937\n|move|p2b: Kingambit|Sucker Punch|p1b: Dragonite\n|-damage|p1b: Dragonite|40/100\n|move|p2a: Sneasler|Dire Claw|p1a: Ninetales\n|-supereffective|p1a: Ninetales|1\n|-damage|p1a: Ninetales|14/100\n|-status|p1a: Ninetales|slp\n|cant|p1a: Ninetales|slp\n|move|p1b: Dragonite|Dragon Pulse|p2a: Sneasler\n|-damage|p2a: Sneasler|21/100\n|\n|-weather|Snowscape|[upkeep]\n|upkeep\n|turn|5\n|inactive|Argian has 30 seconds left.\n|\n|t:|1788289969\n|move|p1b: Dragonite|Protect|p1b: Dragonite\n|-singleturn|p1b: Dragonite|Protect\n|move|p2a: Sneasler|Feint|p1a: Ninetales\n|-damage|p1a: Ninetales|2/100 slp\n|cant|p1a: Ninetales|slp\n|move|p2b: Kingambit|Kowtow Cleave|p1b: Dragonite\n|-activate|p1b: Dragonite|move: Protect\n|\n|-weather|Snowscape|[upkeep]\n|upkeep\n|turn|6\n|\n|t:|1788289977\n|move|p1b: Dragonite|Protect||[still]\n|-fail|p1b: Dragonite\n|move|p2a: Sneasler|Feint|p1a: Ninetales\n|-damage|p1a: Ninetales|0 fnt\n|faint|p1a: Ninetales\n|move|p2b: Kingambit|Kowtow Cleave|p1b: Dragonite\n|-damage|p1b: Dragonite|0 fnt\n|faint|p1b: Dragonite\n|\n|win|ethalem77\n|raw|Argian's rating: 1526 &rarr; <strong>1509</strong><br />(-17 for losing)\n|raw|ethalem77's rating: 1572 &rarr; <strong>1589</strong><br />(+17 for winning)\n|l|☆Argian\n|player|p1|\n","uploadtime":1788289989,"views":"0","formatid":"gen9championsvgc2026regmb","rating":1509,"private":0,"password":null}