{"id":"gen9championsvgc2026regmb-2674333738","format":"[Gen 9 Champions] VGC 2026 Reg M-B","players":["Lei41","buxtonator22"],"log":"|j|☆Lei41\n|j|☆buxtonator22\n|t:|1788343218\n|gametype|doubles\n|player|p1|Lei41|102|1662\n|player|p2|buxtonator22|ethan|1556\n|gen|9\n|tier|[Gen 9 Champions] VGC 2026 Reg M-B\n|rated|\n|rule|Species Clause: Limit one of each Pokémon\n|rule|Item Clause: Limit 1 of each item\n|clearpoke\n|poke|p1|Venusaur, L50, M|\n|poke|p1|Charizard, L50, M|\n|poke|p1|Mawile, L50, F|\n|poke|p1|Archaludon, L50, F|\n|poke|p1|Pelipper, L50, M|\n|poke|p1|Farigiraf, L50, M|\n|poke|p2|Froslass, L50, F, shiny|\n|poke|p2|Scovillain, L50, M|\n|poke|p2|Lycanroc-Dusk, L50, M, shiny|\n|poke|p2|Kingambit, L50, F|\n|poke|p2|Basculegion, L50, M|\n|poke|p2|Sneasler, L50, F|\n|teampreview|4\n|inactive|Battle timer is ON: inactive players will automatically lose when time's up. (requested by buxtonator22)\n|l|☆Lei41\n|inactive|Lei41 disconnected and has a minute to reconnect!\n|player|p1|\n|\n|t:|1788343253\n|teamsize|p1|4\n|teamsize|p2|4\n|start\n|switch|p1a: Archaludon|Archaludon, L50, F|100/100\n|switch|p1b: Pelipper|Pelipper, L50, M|100/100\n|switch|p2a: Kingambit|Kingambit, L50, F|100/100\n|switch|p2b: Lycanroc|Lycanroc-Dusk, L50, M, shiny|100/100\n|-weather|RainDance|[from] ability: Drizzle|[of] p1b: Pelipper\n|turn|1\n|j|☆Lei41\n|inactive|Lei41 reconnected and has 55 seconds left.\n|player|p1|Lei41|102|\n|\n|t:|1788343271\n|move|p2b: Lycanroc|Accelerock|p1b: Pelipper\n|-supereffective|p1b: Pelipper|1\n|-damage|p1b: Pelipper|38/100\n|move|p1b: Pelipper|Muddy Water|p2b: Lycanroc|[spread] p2b\n|-miss|p1b: Pelipper|p2a: Kingambit\n|-supereffective|p2b: Lycanroc|1\n|-enditem|p2b: Lycanroc|Focus Sash\n|-damage|p2b: Lycanroc|1/100\n|move|p1a: Archaludon|Electro Shot||[still]\n|-prepare|p1a: Archaludon|Electro Shot\n|-boost|p1a: Archaludon|spa|1\n|-anim|p1a: Archaludon|Electro Shot|p2a: Kingambit\n|-damage|p2a: Kingambit|16/100\n|move|p2a: Kingambit|Swords Dance|p2a: Kingambit\n|-boost|p2a: Kingambit|atk|2\n|\n|-weather|RainDance|[upkeep]\n|upkeep\n|turn|2\n|\n|t:|1788343297\n|switch|p1a: Farigiraf|Farigiraf, L50, M|100/100\n|move|p2a: Kingambit|Sucker Punch||[still]\n|cant|p1a: Farigiraf|ability: Armor Tail|Sucker Punch|[of] p2a: Kingambit\n|move|p1b: Pelipper|Muddy Water|p2b: Lycanroc|[spread] p2a,p2b\n|-supereffective|p2b: Lycanroc|1\n|-damage|p2a: Kingambit|0 fnt\n|-damage|p2b: Lycanroc|0 fnt\n|faint|p2a: Kingambit\n|faint|p2b: Lycanroc\n|\n|-weather|RainDance|[upkeep]\n|upkeep\n|\n|t:|1788343310\n|switch|p2b: Froslass|Froslass, L50, F, shiny|100/100\n|switch|p2a: Basculegion|Basculegion, L50, M|100/100\n|turn|3\n|\n|t:|1788343320\n|switch|p1b: Archaludon|Archaludon, L50, F|100/100\n|detailschange|p2b: Froslass|Froslass-Mega, L50, F, shiny\n|-mega|p2b: Froslass|Froslass|Froslassite\n|-weather|Snowscape|[from] ability: Snow Warning|[of] p2b: Froslass\n|move|p2b: Froslass|Blizzard|p1b: Archaludon|[spread] p1a,p1b\n|-damage|p1a: Farigiraf|60/100\n|-damage|p1b: Archaludon|29/100\n|move|p2a: Basculegion|Wave Crash|p1a: Farigiraf\n|-damage|p1a: Farigiraf|4/100\n|-enditem|p1a: Farigiraf|Sitrus Berry|[eat]\n|-heal|p1a: Farigiraf|29/100|[from] item: Sitrus Berry\n|-damage|p2a: Basculegion|79/100|[from] Recoil\n|move|p1a: Farigiraf|Trick Room|p1a: Farigiraf\n|-fieldstart|move: Trick Room|[of] p1a: Farigiraf\n|\n|-weather|Snowscape|[upkeep]\n|upkeep\n|turn|4\n|inactive|Lei41 has 30 seconds left.\n|\n|t:|1788343347\n|move|p2a: Basculegion|Protect|p2a: Basculegion\n|-singleturn|p2a: Basculegion|Protect\n|move|p1a: Farigiraf|Psychic|p2b: Froslass\n|-damage|p2b: Froslass|59/100\n|move|p1b: Archaludon|Flash Cannon|p2b: Froslass\n|-supereffective|p2b: Froslass|1\n|-damage|p2b: Froslass|0 fnt\n|faint|p2b: Froslass\n|\n|-weather|Snowscape|[upkeep]\n|upkeep\n|turn|5\n|-message|buxtonator22 forfeited.\n|\n|win|Lei41\n|raw|Lei41's rating: 1662 &rarr; <strong>1676</strong><br />(+14 for winning)\n|raw|buxtonator22's rating: 1556 &rarr; <strong>1542</strong><br />(-14 for losing)\n|l|☆buxtonator22\n|player|p2|\n","uploadtime":1788343358,"views":"13","formatid":"gen9championsvgc2026regmb","rating":1542,"private":0,"password":null}