{"id":"gen9championsvgc2026regmbbo3-2674889938","format":"[Gen 9 Champions] VGC 2026 Reg M-B (Bo3)","players":["marcio1428","Pawah"],"log":"|j|☆marcio1428\n|j|☆Pawah\n|html|<table width=\"100%\"><tr><td align=\"left\">marcio1428</td><td align=\"right\">Pawah</tr><tr><td align=\"left\"><i class=\"fa fa-circle\"></i> <i class=\"fa fa-circle-o\"></i> </td><td align=\"right\"><i class=\"fa fa-circle-o\"></i> <i class=\"fa fa-circle\"></i> </tr></table>\n|uhtml|bestof|<h2><strong>Game 3</strong> of <a href=\"/game-bestof3-gen9championsvgc2026regmbbo3-2674887092\">a best-of-3</a></h2>\n|t:|1788430056\n|gametype|doubles\n|player|p1|marcio1428|169|1149\n|player|p2|Pawah|ethan|1269\n|gen|9\n|tier|[Gen 9 Champions] VGC 2026 Reg M-B (Bo3)\n|rated|\n|rule|Species Clause: Limit one of each Pokémon\n|rule|Item Clause: Limit 1 of each item\n|clearpoke\n|poke|p1|Scrafty, L50, F|\n|poke|p1|Whimsicott, L50, F|\n|poke|p1|Mimikyu, L50, F|\n|poke|p1|Pelipper, L50, M|\n|poke|p1|Staraptor, L50, F|\n|poke|p1|Raichu, L50, M|\n|poke|p2|Staraptor, L50, M|\n|poke|p2|Milotic, L50, F|\n|poke|p2|Tyranitar, L50, M|\n|poke|p2|Gholdengo, L50|\n|poke|p2|Excadrill, L50, M|\n|poke|p2|Sinistcha, L50|\n|teampreview|4\n|showteam|p1|Scrafty||SitrusBerry|Intimidate|KnockOff,DrainPunch,FakeOut,Protect|Jolly||F|||50|]Whimsicott||FairyFeather|Prankster|Moonblast,Charm,Tailwind,Encore|Timid||F|||50|]Mimikyu||LifeOrb|Disguise|PhantomForce,PlayRough,ShadowSneak,TrickRoom|Brave||F|||50|]Pelipper||MysticWater|Drizzle|Hurricane,WeatherBall,WideGuard,Tailwind|Bold||M|||50|]Staraptor||WhiteHerb|Intimidate|BraveBird,CloseCombat,Tailwind,Protect|Jolly||F|||50|]Raichu||FocusSash|LightningRod|Thunderbolt,VoltSwitch,FakeOut,Protect|Timid||M|||50|\n|showteam|p2|Staraptor||Staraptite|Intimidate|BraveBird,CloseCombat,Tailwind,Protect|Jolly||M|||50|]Milotic||SitrusBerry|Competitive|Scald,IceBeam,IcyWind,Recover|Modest||F|||50|]Tyranitar||Tyranitarite|SandStream|RockSlide,KnockOff,LowKick,Protect|Adamant||M|||50|]Gholdengo||LifeOrb|GoodasGold|ShadowBall,MakeItRain,NastyPlot,Protect|Modest|||||50|]Excadrill||FocusSash|SandRush|HighHorsepower,IronHead,RockSlide,Protect|Adamant||M|||50|]Sinistcha||ColburBerry|Hospitality|MatchaGotcha,RagePowder,TrickRoom,Protect|Bold|||||50|\n|inactive|Battle timer is ON: inactive players will automatically lose when time's up. (requested by Pawah)\n|\n|t:|1788430086\n|teamsize|p1|4\n|teamsize|p2|4\n|start\n|switch|p1a: Whimsicott|Whimsicott, L50, F|100/100\n|switch|p1b: Raichu|Raichu, L50, M|100/100\n|switch|p2a: Staraptor|Staraptor, L50, M|100/100\n|switch|p2b: Gholdengo|Gholdengo, L50|100/100\n|-ability|p2a: Staraptor|Intimidate|boost\n|-unboost|p1a: Whimsicott|atk|1\n|-unboost|p1b: Raichu|atk|1\n|turn|1\n|inactive|marcio1428 has 30 seconds left.\n|\n|t:|1788430116\n|switch|p1a: Pelipper|Pelipper, L50, M|100/100\n|-weather|RainDance|[from] ability: Drizzle|[of] p1a: Pelipper\n|switch|p2a: Tyranitar|Tyranitar, L50, M|100/100\n|-weather|Sandstorm|[from] ability: Sand Stream|[of] p2a: Tyranitar\n|move|p1b: Raichu|Thunderbolt|p2a: Tyranitar\n|-damage|p2a: Tyranitar|78/100\n|move|p2b: Gholdengo|Make It Rain|p1a: Pelipper|[spread] p1a,p1b\n|-resisted|p1a: Pelipper|1\n|-resisted|p1b: Raichu|1\n|-damage|p1a: Pelipper|50/100y\n|-damage|p1b: Raichu|50/100y\n|-unboost|p2b: Gholdengo|spa|2\n|-damage|p2b: Gholdengo|90/100|[from] item: Life Orb\n|\n|-weather|Sandstorm|[upkeep]\n|-damage|p1b: Raichu|43/100|[from] Sandstorm\n|-damage|p1a: Pelipper|44/100|[from] Sandstorm\n|upkeep\n|turn|2\n|inactive|marcio1428 has 30 seconds left.\n|inactive|Pawah has 30 seconds left.\n|inactive|marcio1428 has 20 seconds left.\n|inactive|marcio1428 has 15 seconds left.\n|\n|t:|1788430157\n|switch|p1a: Mimikyu|Mimikyu, L50, F|100/100\n|detailschange|p2a: Tyranitar|Tyranitar-Mega, L50, M\n|-mega|p2a: Tyranitar|Tyranitar|Tyranitarite\n|move|p1b: Raichu|Volt Switch|p2b: Gholdengo\n|-damage|p2b: Gholdengo|59/100\n|\n|t:|1788430164\n|switch|p1b: Pelipper|Pelipper, L50, M|44/100|[from] Volt Switch\n|-weather|RainDance|[from] ability: Drizzle|[of] p1b: Pelipper\n|move|p2b: Gholdengo|Shadow Ball|p1b: Pelipper\n|-damage|p1b: Pelipper|1/100\n|-unboost|p1b: Pelipper|spd|1\n|-damage|p2b: Gholdengo|50/100g|[from] item: Life Orb\n|move|p2a: Tyranitar|Knock Off|p1a: Mimikyu\n|-activate|p1a: Mimikyu|ability: Disguise\n|-damage|p1a: Mimikyu|100/100\n|-enditem|p1a: Mimikyu|Life Orb|[from] move: Knock Off|[of] p2a: Tyranitar\n|detailschange|p1a: Mimikyu|Mimikyu-Busted, L50, F\n|-damage|p1a: Mimikyu|87/100|[from] pokemon: Mimikyu-Busted\n|\n|-weather|RainDance|[upkeep]\n|upkeep\n|turn|3\n|inactive|marcio1428 has 30 seconds left.\n|\n|t:|1788430191\n|move|p1b: Pelipper|Wide Guard|p1b: Pelipper\n|-singleturn|p1b: Pelipper|Wide Guard\n|move|p2b: Gholdengo|Shadow Ball|p1a: Mimikyu\n|-supereffective|p1a: Mimikyu|1\n|-crit|p1a: Mimikyu\n|-damage|p1a: Mimikyu|0 fnt\n|faint|p1a: Mimikyu\n|-damage|p2b: Gholdengo|40/100|[from] item: Life Orb\n|move|p2a: Tyranitar|Rock Slide|p1b: Pelipper\n|-activate|p1b: Pelipper|move: Wide Guard\n|\n|-weather|RainDance|[upkeep]\n|upkeep\n|\n|t:|1788430205\n|switch|p1a: Raichu|Raichu, L50, M|43/100\n|turn|4\n|\n|t:|1788430227\n|move|p1a: Raichu|Thunderbolt|p2b: Gholdengo\n|-damage|p2b: Gholdengo|3/100\n|move|p2b: Gholdengo|Shadow Ball|p1b: Pelipper\n|-damage|p1b: Pelipper|0 fnt\n|faint|p1b: Pelipper\n|-damage|p2b: Gholdengo|0 fnt|[from] item: Life Orb\n|faint|p2b: Gholdengo\n|move|p2a: Tyranitar|Knock Off|p1a: Raichu\n|-damage|p1a: Raichu|0 fnt\n|-enditem|p1a: Raichu|Focus Sash|[from] move: Knock Off|[of] p2a: Tyranitar\n|faint|p1a: Raichu\n|\n|-weather|RainDance|[upkeep]\n|upkeep\n|\n|t:|1788430244\n|switch|p2b: Staraptor|Staraptor, L50, M|100/100\n|switch|p1b: Whimsicott|Whimsicott, L50, F|100/100\n|-ability|p2b: Staraptor|Intimidate|boost\n|-unboost|p1b: Whimsicott|atk|1\n|turn|5\n|\n|t:|1788430253\n|move|p1b: Whimsicott|Moonblast|p2b: Staraptor\n|-damage|p2b: Staraptor|42/100\n|-unboost|p2b: Staraptor|spa|1\n|move|p2b: Staraptor|Brave Bird|p1b: Whimsicott\n|-supereffective|p1b: Whimsicott|1\n|-damage|p1b: Whimsicott|0 fnt\n|faint|p1b: Whimsicott\n|-damage|p2b: Staraptor|18/100|[from] Recoil\n|\n|win|Pawah\n|raw|marcio1428's rating: 1149 &rarr; <strong>1132</strong><br />(-17 for losing)\n|raw|Pawah's rating: 1269 &rarr; <strong>1286</strong><br />(+17 for winning)\n","uploadtime":1788430253,"views":"3","formatid":"gen9championsvgc2026regmbbo3","rating":1132,"private":0,"password":null}