{"id":"gen9championsvgc2026regmbbo3-2673590226","format":"[Gen 9 Champions] VGC 2026 Reg M-B (Bo3)","players":["tayluhautumn","Little Ze"],"log":"|j|☆tayluhautumn\n|html|<table width=\"100%\"><tr><td align=\"left\">tayluhautumn</td><td align=\"right\">Little Ze</tr><tr><td align=\"left\"><i class=\"fa fa-circle-o\"></i> <i class=\"fa fa-circle-o\"></i> </td><td align=\"right\"><i class=\"fa fa-circle-o\"></i> <i class=\"fa fa-circle\"></i> </tr></table>\n|uhtml|bestof|<h2><strong>Game 2</strong> of <a href=\"/game-bestof3-gen9championsvgc2026regmbbo3-2673588612\">a best-of-3</a></h2>\n|t:|1788217757\n|gametype|doubles\n|player|p1|tayluhautumn|265|1030\n|player|p2|Little Ze|marlon|1005\n|gen|9\n|tier|[Gen 9 Champions] VGC 2026 Reg M-B (Bo3)\n|rated|\n|rule|Species Clause: Limit one of each Pokémon\n|rule|Item Clause: Limit 1 of each item\n|clearpoke\n|poke|p1|Charizard, L50, F|\n|poke|p1|Lucario, L50, M|\n|poke|p1|Whimsicott, L50, M|\n|poke|p1|Samurott-Hisui, L50, M|\n|poke|p1|Torkoal, L50, F|\n|poke|p1|Glimmora, L50, M|\n|poke|p2|Sylveon, L50, F|\n|poke|p2|Venusaur, L50, M|\n|poke|p2|Charizard, L50, M|\n|poke|p2|Aerodactyl, L50, M|\n|poke|p2|Garchomp, L50, M|\n|poke|p2|Milotic, L50, F|\n|teampreview|4\n|showteam|p1|Charizard||CharizarditeX|Blaze|Protect,FlareBlitz,DragonClaw,ThunderPunch|Jolly||F|||50|]Lucario||Lucarionite|Steadfast|Protect,CloseCombat,MeteorMash,RockSlide|Jolly||M|||50|]Whimsicott||FocusSash|Prankster|Protect,Tailwind,Encore,Moonblast|Bold||M|||50|]Samurott-Hisui||ExpertBelt|Sharpness|Protect,AquaCutter,NightSlash,SacredSword|Naive||M|||50|]Torkoal||Leftovers|Drought|Protect,HeatWave,SolarBeam,EarthPower|Modest||F|||50|]Glimmora||LifeOrb|ToxicDebris|SpikyShield,PowerGem,SludgeWave,DazzlingGleam|Timid||M|||50|\n|showteam|p2|Sylveon||FairyFeather|Pixilate|HyperVoice,HyperBeam,Protect,QuickAttack|Modest||F|||50|]Venusaur||MiracleSeed|Chlorophyll|SludgeBomb,GigaDrain,EarthPower,SleepPowder|Modest||M|||50|]Charizard||CharizarditeY|SolarPower|HeatWave,WeatherBall,SolarBeam,Protect|Modest||M|||50|]Aerodactyl||FocusSash|Pressure|DualWingbeat,WideGuard,Tailwind,RockSlide|Jolly||M|||50|]Garchomp||RoseliBerry|RoughSkin|Earthquake,RockSlide,DragonClaw,Protect|Jolly||M|||50|]Milotic||Leftovers|Competitive|IcyWind,Scald,LifeDew,Protect|Bold||F|||50|\n|j|☆Little Ze\n|player|p2|Little Ze|marlon|\n|\n|t:|1788217800\n|teamsize|p1|4\n|teamsize|p2|4\n|start\n|switch|p1a: Lucario|Lucario, L50, M|100/100\n|switch|p1b: Whimsicott|Whimsicott, L50, M|100/100\n|switch|p2a: LL Pançuda|Charizard, L50, M|100/100\n|switch|p2b: Sapão Goat|Venusaur, L50, M|100/100\n|turn|1\n|\n|t:|1788217820\n|detailschange|p1a: Lucario|Lucario-Mega, L50, M\n|-mega|p1a: Lucario|Lucario|Lucarionite\n|detailschange|p2a: LL Pançuda|Charizard-Mega-Y, L50, M\n|-mega|p2a: LL Pançuda|Charizard|Charizardite Y\n|-weather|SunnyDay|[from] ability: Drought|[of] p2a: LL Pançuda\n|move|p1b: Whimsicott|Tailwind|p1b: Whimsicott\n|-sidestart|p1: tayluhautumn|move: Tailwind\n|move|p1a: Lucario|Rock Slide|p2a: LL Pançuda|[spread] p2a\n|-miss|p1a: Lucario|p2b: Sapão Goat\n|-supereffective|p2a: LL Pançuda|2\n|-damage|p2a: LL Pançuda|0 fnt\n|faint|p2a: LL Pançuda\n|move|p2b: Sapão Goat|Sludge Bomb|p1b: Whimsicott\n|-supereffective|p1b: Whimsicott|2\n|-enditem|p1b: Whimsicott|Focus Sash\n|-damage|p1b: Whimsicott|1/100\n|\n|-weather|SunnyDay|[upkeep]\n|upkeep\n|\n|t:|1788217848\n|switch|p2a: GoatDactyl|Aerodactyl, L50, M|100/100\n|-ability|p2a: GoatDactyl|Pressure\n|turn|2\n|\n|t:|1788217869\n|move|p1b: Whimsicott|Protect|p1b: Whimsicott\n|-singleturn|p1b: Whimsicott|Protect\n|move|p1a: Lucario|Meteor Mash|p2a: GoatDactyl\n|-supereffective|p2a: GoatDactyl|1\n|-enditem|p2a: GoatDactyl|Focus Sash\n|-damage|p2a: GoatDactyl|1/100\n|move|p2b: Sapão Goat|Earth Power|p1a: Lucario\n|-supereffective|p1a: Lucario|1\n|-damage|p1a: Lucario|10/100\n|move|p2a: GoatDactyl|Rock Slide|p1b: Whimsicott|[spread] p1a\n|-activate|p1b: Whimsicott|move: Protect\n|-resisted|p1a: Lucario|2\n|-damage|p1a: Lucario|1/100\n|\n|-weather|SunnyDay|[upkeep]\n|upkeep\n|turn|3\n|\n|t:|1788217902\n|switch|p1a: Glimmora|Glimmora, L50, M|100/100\n|move|p1b: Whimsicott|Moonblast|p2a: GoatDactyl\n|-damage|p2a: GoatDactyl|0 fnt\n|faint|p2a: GoatDactyl\n|move|p2b: Sapão Goat|Giga Drain|p1a: Glimmora\n|-damage|p1a: Glimmora|40/100\n|\n|-weather|SunnyDay|[upkeep]\n|upkeep\n|\n|t:|1788217913\n|switch|p2a: Tututubarão-nareia|Garchomp, L50, M|100/100\n|turn|4\n|\n|t:|1788217937\n|move|p1a: Glimmora|Spiky Shield|p1a: Glimmora\n|-singleturn|p1a: Glimmora|move: Protect\n|move|p2a: Tututubarão-nareia|Protect|p2a: Tututubarão-nareia\n|-singleturn|p2a: Tututubarão-nareia|Protect\n|move|p1b: Whimsicott|Moonblast|p2a: Tututubarão-nareia\n|-activate|p2a: Tututubarão-nareia|move: Protect\n|move|p2b: Sapão Goat|Giga Drain|p1a: Glimmora\n|-activate|p1a: Glimmora|move: Protect\n|\n|-weather|SunnyDay|[upkeep]\n|-sideend|p1: tayluhautumn|move: Tailwind\n|upkeep\n|turn|5\n|\n|t:|1788217958\n|move|p1b: Whimsicott|Tailwind|p1b: Whimsicott\n|-sidestart|p1: tayluhautumn|move: Tailwind\n|move|p1a: Glimmora|Dazzling Gleam|p2a: Tututubarão-nareia|[spread] p2a,p2b\n|-supereffective|p2a: Tututubarão-nareia|1\n|-enditem|p2a: Tututubarão-nareia|Roseli Berry|[eat]\n|-enditem|p2a: Tututubarão-nareia|Roseli Berry|[weaken]\n|-resisted|p2b: Sapão Goat|1\n|-damage|p2a: Tututubarão-nareia|71/100\n|-damage|p2b: Sapão Goat|83/100\n|-damage|p1a: Glimmora|31/100|[from] item: Life Orb\n|move|p2b: Sapão Goat|Giga Drain|p1a: Glimmora\n|-damage|p1a: Glimmora|0 fnt\n|-heal|p2b: Sapão Goat|99/100|[from] drain|[of] p1a: Glimmora\n|faint|p1a: Glimmora\n|move|p2a: Tututubarão-nareia|Rock Slide|p1b: Whimsicott\n|-damage|p1b: Whimsicott|0 fnt\n|faint|p1b: Whimsicott\n|\n|-weather|none\n|upkeep\n|\n|t:|1788217973\n|switch|p1a: Samurott|Samurott-Hisui, L50, M|100/100\n|switch|p1b: Lucario|Lucario-Mega, L50, M|1/100\n|turn|6\n|\n|t:|1788217994\n|move|p1b: Lucario|Meteor Mash|p2b: Sapão Goat\n|-damage|p2b: Sapão Goat|2/100\n|move|p1a: Samurott|Sacred Sword|p2a: Tututubarão-nareia\n|-damage|p2a: Tututubarão-nareia|32/100\n|-damage|p1a: Samurott|88/100|[from] ability: Rough Skin|[of] p2a: Tututubarão-nareia\n|move|p2a: Tututubarão-nareia|Rock Slide|p1b: Lucario|[spread] p1a,p1b\n|-resisted|p1b: Lucario|2\n|-crit|p1b: Lucario\n|-damage|p1a: Samurott|62/100\n|-damage|p1b: Lucario|0 fnt\n|faint|p1b: Lucario\n|move|p2b: Sapão Goat|Giga Drain|p1a: Samurott\n|-supereffective|p1a: Samurott|1\n|-damage|p1a: Samurott|0 fnt\n|-heal|p2b: Sapão Goat|36/100|[from] drain|[of] p1a: Samurott\n|faint|p1a: Samurott\n|\n|win|Little Ze\n|raw|tayluhautumn's rating: 1030 &rarr; <strong>1014</strong><br />(-16 for losing)\n|raw|Little Ze's rating: 1005 &rarr; <strong>1047</strong><br />(+42 for winning)\n|l|☆tayluhautumn\n|player|p1|\n","uploadtime":1788218012,"views":"3","formatid":"gen9championsvgc2026regmbbo3","rating":1014,"private":0,"password":null}