{"id":"gen9championsvgc2026regmb-2674748354","format":"[Gen 9 Champions] VGC 2026 Reg M-B","players":["echoes630","mythicalfire21"],"log":"|j|☆echoes630\n|j|☆mythicalfire21\n|t:|1788400048\n|gametype|doubles\n|player|p1|echoes630|1|1343\n|player|p2|mythicalfire21|lucas|1271\n|gen|9\n|tier|[Gen 9 Champions] VGC 2026 Reg M-B\n|rated|\n|rule|Species Clause: Limit one of each Pokémon\n|rule|Item Clause: Limit 1 of each item\n|clearpoke\n|poke|p1|Raichu, L50, M|\n|poke|p1|Volcarona, L50, F|\n|poke|p1|Gengar, L50, F|\n|poke|p1|Kommo-o, L50, M|\n|poke|p1|Ninetales-Alola, L50, F|\n|poke|p1|Incineroar, L50, F|\n|poke|p2|Staraptor, L50, F|\n|poke|p2|Raichu, L50, F|\n|poke|p2|Whimsicott, L50, M|\n|poke|p2|Arcanine-Hisui, L50, M|\n|poke|p2|Sylveon, L50, F|\n|poke|p2|Kingambit, L50, F|\n|teampreview|4\n|\n|t:|1788400087\n|teamsize|p1|4\n|teamsize|p2|4\n|start\n|switch|p1a: Raichu|Raichu, L50, M|100/100\n|switch|p1b: Gengar|Gengar, L50, F|100/100\n|switch|p2a: Whimsicott|Whimsicott, L50, M|100/100\n|switch|p2b: Staraptor|Staraptor, L50, F|100/100\n|-ability|p2b: Staraptor|Intimidate|boost\n|-unboost|p1a: Raichu|atk|1\n|-unboost|p1b: Gengar|atk|1\n|turn|1\n|\n|t:|1788400112\n|detailschange|p2b: Staraptor|Staraptor-Mega, L50, F\n|-mega|p2b: Staraptor|Staraptor|Staraptite\n|detailschange|p1b: Gengar|Gengar-Mega, L50, F\n|-mega|p1b: Gengar|Gengar|Gengarite\n|move|p1a: Raichu|Fake Out|p2b: Staraptor\n|-damage|p2b: Staraptor|94/100\n|move|p2a: Whimsicott|Charm|p2b: Staraptor\n|-boost|p2b: Staraptor|atk|2\n|cant|p2b: Staraptor|flinch\n|move|p1b: Gengar|Sludge Bomb|p2a: Whimsicott\n|-supereffective|p2a: Whimsicott|2\n|-damage|p2a: Whimsicott|0 fnt\n|faint|p2a: Whimsicott\n|\n|upkeep\n|\n|t:|1788400125\n|switch|p2a: Arcanine|Arcanine-Hisui, L50, M|100/100\n|turn|2\n|\n|t:|1788400148\n|move|p2b: Staraptor|Protect|p2b: Staraptor\n|-singleturn|p2b: Staraptor|Protect\n|move|p1a: Raichu|Volt Tackle|p2b: Staraptor\n|-activate|p2b: Staraptor|move: Protect\n|move|p1b: Gengar|Substitute|p1b: Gengar\n|-start|p1b: Gengar|Substitute\n|-damage|p1b: Gengar|75/100\n|move|p2a: Arcanine|Head Smash|p1a: Raichu|[miss]\n|-miss|p2a: Arcanine|p1a: Raichu\n|\n|upkeep\n|turn|3\n|\n|t:|1788400163\n|move|p2a: Arcanine|Extreme Speed|p1a: Raichu\n|-damage|p1a: Raichu|51/100\n|move|p2b: Staraptor|Close Combat|p1a: Raichu\n|-damage|p1a: Raichu|0 fnt\n|-boost|p2b: Staraptor|def|1\n|-boost|p2b: Staraptor|spd|1\n|faint|p1a: Raichu\n|move|p1b: Gengar|Sludge Bomb|p2b: Staraptor\n|-damage|p2b: Staraptor|55/100\n|-status|p2b: Staraptor|psn\n|\n|-damage|p2b: Staraptor|43/100 psn|[from] psn\n|upkeep\n|c|☆mythicalfire21|miss and a poison nice\n|inactive|Battle timer is ON: inactive players will automatically lose when time's up. (requested by mythicalfire21)\n|c|☆mythicalfire21|dude pick your mom\n|c|☆mythicalfire21|mon\n|c|☆echoes630|how about you dont rush me\n|inactive|echoes630 has 60 seconds left.\n|\n|t:|1788400227\n|switch|p1a: Kommo-o|Kommo-o, L50, M|100/100\n|turn|4\n|\n|t:|1788400237\n|switch|p1a: Volcarona|Volcarona, L50, F|100/100\n|move|p1b: Gengar|Protect|p1b: Gengar\n|-singleturn|p1b: Gengar|Protect\n|move|p2b: Staraptor|Close Combat|p1a: Volcarona\n|-resisted|p1a: Volcarona|1\n|-crit|p1a: Volcarona\n|-damage|p1a: Volcarona|18/100\n|-boost|p2b: Staraptor|def|1\n|-boost|p2b: Staraptor|spd|1\n|-enditem|p1a: Volcarona|Sitrus Berry|[eat]\n|-heal|p1a: Volcarona|43/100|[from] item: Sitrus Berry\n|move|p2a: Arcanine|Head Smash|p1b: Gengar\n|-activate|p1b: Gengar|move: Protect\n|\n|-damage|p2b: Staraptor|31/100 psn|[from] psn\n|upkeep\n|turn|5\n|\n|t:|1788400257\n|move|p1a: Volcarona|Rage Powder|p1a: Volcarona\n|-singleturn|p1a: Volcarona|move: Rage Powder\n|move|p2b: Staraptor|Roost|p2b: Staraptor\n|-heal|p2b: Staraptor|81/100 psn\n|-singleturn|p2b: Staraptor|move: Roost\n|move|p1b: Gengar|Shadow Ball|p2b: Staraptor\n|-damage|p2b: Staraptor|55/100 psn\n|-boost|p2b: Staraptor|spd|1\n|move|p2a: Arcanine|Head Smash|p1a: Volcarona\n|-supereffective|p1a: Volcarona|2\n|-damage|p1a: Volcarona|0 fnt\n|faint|p1a: Volcarona\n|\n|-damage|p2b: Staraptor|43/100 psn|[from] psn\n|upkeep\n|\n|t:|1788400261\n|switch|p1a: Kommo-o|Kommo-o, L50, M|100/100\n|turn|6\n|inactive|echoes630 has 30 seconds left.\n|inactive|echoes630 has 20 seconds left.\n|inactive|echoes630 has 15 seconds left.\n|inactive|echoes630 has 10 seconds left.\n|inactive|echoes630 has 5 seconds left.\n|\n|t:|1788400313\n|move|p1a: Kommo-o|Protect|p1a: Kommo-o\n|-singleturn|p1a: Kommo-o|Protect\n|move|p2b: Staraptor|Roost|p2b: Staraptor\n|-heal|p2b: Staraptor|93/100 psn\n|-singleturn|p2b: Staraptor|move: Roost\n|move|p1b: Gengar|Sludge Bomb|p2b: Staraptor\n|-damage|p2b: Staraptor|69/100 psn\n|move|p2a: Arcanine|Head Smash|p1b: Gengar\n|-end|p1b: Gengar|Substitute\n|\n|-damage|p2b: Staraptor|57/100 psn|[from] psn\n|upkeep\n|turn|7\n|\n|t:|1788400334\n|move|p1a: Kommo-o|Protect|p1a: Kommo-o\n|-singleturn|p1a: Kommo-o|Protect\n|move|p2b: Staraptor|Close Combat|p1a: Kommo-o\n|-activate|p1a: Kommo-o|move: Protect\n|move|p1b: Gengar|Sludge Bomb|p2b: Staraptor\n|-damage|p2b: Staraptor|35/100 psn\n|move|p2a: Arcanine|Head Smash|p1b: Gengar|[miss]\n|-miss|p2a: Arcanine|p1b: Gengar\n|\n|-damage|p2b: Staraptor|22/100 psn|[from] psn\n|upkeep\n|turn|8\n|\n|t:|1788400352\n|move|p1a: Kommo-o|Protect||[still]\n|-fail|p1a: Kommo-o\n|move|p2b: Staraptor|Brave Bird|p1a: Kommo-o\n|-supereffective|p1a: Kommo-o|1\n|-damage|p1a: Kommo-o|0 fnt\n|faint|p1a: Kommo-o\n|-damage|p2b: Staraptor|0 fnt|[from] Recoil\n|faint|p2b: Staraptor\n|move|p1b: Gengar|Substitute|p1b: Gengar\n|-start|p1b: Gengar|Substitute\n|-damage|p1b: Gengar|50/100g\n|move|p2a: Arcanine|Head Smash|p1b: Gengar\n|-end|p1b: Gengar|Substitute\n|\n|upkeep\n|\n|t:|1788400364\n|switch|p2b: Sylveon|Sylveon, L50, F|100/100\n|turn|9\n|\n|t:|1788400370\n|move|p1b: Gengar|Protect|p1b: Gengar\n|-singleturn|p1b: Gengar|Protect\n|move|p2a: Arcanine|Flare Blitz|p1b: Gengar\n|-activate|p1b: Gengar|move: Protect\n|move|p2b: Sylveon|Yawn|p1b: Gengar\n|-activate|p1b: Gengar|move: Protect\n|\n|upkeep\n|turn|10\n|\n|t:|1788400387\n|move|p1b: Gengar|Substitute|p1b: Gengar\n|-start|p1b: Gengar|Substitute\n|-damage|p1b: Gengar|25/100\n|move|p2a: Arcanine|Flare Blitz|p1b: Gengar\n|-end|p1b: Gengar|Substitute\n|move|p2b: Sylveon|Yawn|p1b: Gengar\n|-start|p1b: Gengar|move: Yawn|[of] p2b: Sylveon\n|\n|upkeep\n|turn|11\n|-message|echoes630 forfeited.\n|\n|win|mythicalfire21\n|raw|echoes630's rating: 1343 &rarr; <strong>1319</strong><br />(-24 for losing)\n|raw|mythicalfire21's rating: 1271 &rarr; <strong>1301</strong><br />(+30 for winning)\n","uploadtime":1788400395,"views":"1","formatid":"gen9championsvgc2026regmb","rating":1301,"private":0,"password":null}