{"id":"gen9championsvgc2026regmbbo3-2674541428","format":"[Gen 9 Champions] VGC 2026 Reg M-B (Bo3)","players":["plaidhaxx","hugoggg"],"log":"|j|☆plaidhaxx\n|j|☆hugoggg\n|html|<table width=\"100%\"><tr><td align=\"left\">plaidhaxx</td><td align=\"right\">hugoggg</tr><tr><td align=\"left\"><i class=\"fa fa-circle-o\"></i> <i class=\"fa fa-circle-o\"></i> </td><td align=\"right\"><i class=\"fa fa-circle-o\"></i> <i class=\"fa fa-circle-o\"></i> </tr></table>\n|uhtml|bestof|<h2><strong>Game 1</strong> of <a href=\"/game-bestof3-gen9championsvgc2026regmbbo3-2674541427\">a best-of-3</a></h2>\n|t:|1788371880\n|gametype|doubles\n|player|p1|plaidhaxx|grimsley|\n|player|p2|hugoggg|102|\n|gen|9\n|tier|[Gen 9 Champions] VGC 2026 Reg M-B (Bo3)\n|rule|Species Clause: Limit one of each Pokémon\n|rule|Item Clause: Limit 1 of each item\n|clearpoke\n|poke|p1|Charizard, L50, F|\n|poke|p1|Gengar, L50, F|\n|poke|p1|Incineroar, L50, F|\n|poke|p1|Dragonite, L50, F|\n|poke|p1|Sneasler, L50, M|\n|poke|p1|Garchomp, L50, F|\n|poke|p2|Froslass, L50, F|\n|poke|p2|Dragonite, L50, F, shiny|\n|poke|p2|Sneasler, L50, M|\n|poke|p2|Arcanine-Hisui, L50, M|\n|poke|p2|Gholdengo, L50|\n|poke|p2|Kingambit, L50, F|\n|teampreview|4\n|showteam|p1|Charizard||CharizarditeY|Blaze|HeatWave,WeatherBall,AncientPower,Protect|Modest||F|||50|]Gengar||Gengarite|CursedBody|SludgeBomb,ShadowBall,Substitute,Protect|Modest||F|||50|]Incineroar||SitrusBerry|Intimidate|FlareBlitz,ThroatChop,FakeOut,PartingShot|Impish||F|||50|]Dragonite||LifeOrb|InnerFocus|DragonClaw,Superpower,ExtremeSpeed,Protect|Adamant||F|||50|]Sneasler||WhiteHerb|Unburden|CloseCombat,DireClaw,FakeOut,Protect|Jolly||M|||50|]Garchomp||ChoiceScarf|RoughSkin|Earthquake,DragonClaw,RockSlide,StompingTantrum|Adamant||F|||50|\n|showteam|p2|Froslass||Froslassite|CursedBody|Blizzard,ShadowBall,AuroraVeil,Protect|Modest||F|||50|]Dragonite||Dragoninite|InnerFocus|DragonPulse,Flamethrower,Tailwind,Protect|Modest||F|||50|]Sneasler||WhiteHerb|Unburden|CloseCombat,GunkShot,FakeOut,Protect|Adamant||M|||50|]Arcanine-Hisui||FocusSash|RockHead|HeadSmash,FlareBlitz,ExtremeSpeed,Protect|Adamant||M|||50|]Gholdengo||ChoiceScarf|GoodasGold|MakeItRain,ShadowBall,Thunderbolt,Trick|Modest|||||50|]Kingambit||LifeOrb|Defiant|KowtowCleave,SuckerPunch,SwordsDance,Protect|Adamant||F|||50|\n|c|☆hugoggg|glhf!\n|c|☆plaidhaxx|glhf!]\n|inactive|Battle timer is ON: inactive players will automatically lose when time's up. (requested by hugoggg)\n|inactive|plaidhaxx has 60 seconds left.\n|\n|t:|1788371998\n|teamsize|p1|4\n|teamsize|p2|4\n|start\n|switch|p1a: Sneasler|Sneasler, L50, M|100/100\n|switch|p1b: Garchomp|Garchomp, L50, F|100/100\n|switch|p2a: Flop era|Gholdengo, L50|100/100\n|switch|p2b: Streetcat|Sneasler, L50, M|100/100\n|turn|1\n|inactive|plaidhaxx has 30 seconds left.\n|inactive|plaidhaxx has 20 seconds left.\n|inactive|plaidhaxx has 15 seconds left.\n|\n|t:|1788372041\n|switch|p1a: Dragonite|Dragonite, L50, F|100/100\n|move|p2b: Streetcat|Protect|p2b: Streetcat\n|-singleturn|p2b: Streetcat|Protect\n|move|p1b: Garchomp|Earthquake|p2b: Streetcat|[spread] p2a\n|-activate|p2b: Streetcat|move: Protect\n|-immune|p1a: Dragonite\n|-supereffective|p2a: Flop era|1\n|-damage|p2a: Flop era|6/100\n|move|p2a: Flop era|Make It Rain|p1b: Garchomp|[spread] p1a,p1b\n|-damage|p1a: Dragonite|52/100\n|-damage|p1b: Garchomp|49/100\n|-unboost|p2a: Flop era|spa|2\n|\n|upkeep\n|turn|2\n|inactive|plaidhaxx has 30 seconds left.\n|inactive|hugoggg has 30 seconds left.\n|inactive|hugoggg has 20 seconds left.\n|\n|t:|1788372080\n|switch|p2b: Stuckmoth|Froslass, L50, F|100/100\n|move|p1b: Garchomp|Earthquake|p2b: Stuckmoth|[spread] p2a,p2b\n|-immune|p1a: Dragonite\n|-supereffective|p2a: Flop era|1\n|-damage|p2a: Flop era|0 fnt\n|-damage|p2b: Stuckmoth|41/100\n|-start|p1b: Garchomp|Disable|Earthquake|[from] ability: Cursed Body|[of] p2b: Stuckmoth\n|faint|p2a: Flop era\n|move|p1a: Dragonite|Dragon Claw|p2b: Stuckmoth\n|-crit|p2b: Stuckmoth\n|-damage|p2b: Stuckmoth|0 fnt\n|-start|p1a: Dragonite|Disable|Dragon Claw|[from] ability: Cursed Body|[of] p2b: Stuckmoth\n|faint|p2b: Stuckmoth\n|-damage|p1a: Dragonite|43/100|[from] item: Life Orb\n|\n|upkeep\n|\n|t:|1788372091\n|switch|p2b: Animal|Arcanine-Hisui, L50, M|100/100\n|switch|p2a: Streetcat|Sneasler, L50, M|100/100\n|turn|3\n|\n|t:|1788372107\n|switch|p1b: Sneasler|Sneasler, L50, M|100/100\n|switch|p1a: Incineroar|Incineroar, L50, F|100/100\n|-ability|p1a: Incineroar|Intimidate|boost\n|-unboost|p2a: Streetcat|atk|1\n|-unboost|p2b: Animal|atk|1\n|-enditem|p2a: Streetcat|White Herb\n|-clearnegativeboost|p2a: Streetcat|[silent]\n|move|p2a: Streetcat|Gunk Shot|p1a: Incineroar\n|-damage|p1a: Incineroar|51/100\n|move|p2b: Animal|Head Smash|p1b: Sneasler\n|-resisted|p1b: Sneasler|1\n|-damage|p1b: Sneasler|57/100\n|\n|upkeep\n|turn|4\n|inactive|plaidhaxx has 30 seconds left.\n|inactive|plaidhaxx has 20 seconds left.\n|inactive|plaidhaxx has 15 seconds left.\n|inactive|plaidhaxx has 10 seconds left.\n|\n|t:|1788372152\n|move|p2a: Streetcat|Protect|p2a: Streetcat\n|-singleturn|p2a: Streetcat|Protect\n|move|p2b: Animal|Protect|p2b: Animal\n|-singleturn|p2b: Animal|Protect\n|move|p1b: Sneasler|Close Combat|p2b: Animal\n|-activate|p2b: Animal|move: Protect\n|move|p1a: Incineroar|Flare Blitz|p2a: Streetcat\n|-activate|p2a: Streetcat|move: Protect\n|\n|upkeep\n|turn|5\n|inactive|plaidhaxx has 30 seconds left.\n|\n|t:|1788372186\n|switch|p1a: Dragonite|Dragonite, L50, F|43/100\n|move|p2a: Streetcat|Close Combat|p1a: Dragonite\n|-resisted|p1a: Dragonite|1\n|-damage|p1a: Dragonite|14/100\n|-unboost|p2a: Streetcat|def|1\n|-unboost|p2a: Streetcat|spd|1\n|move|p1b: Sneasler|Close Combat|p2b: Animal\n|-supereffective|p2b: Animal|1\n|-enditem|p2b: Animal|Focus Sash\n|-damage|p2b: Animal|1/100\n|-unboost|p1b: Sneasler|def|1\n|-unboost|p1b: Sneasler|spd|1\n|-enditem|p1b: Sneasler|White Herb\n|-clearnegativeboost|p1b: Sneasler|[silent]\n|move|p2b: Animal|Flare Blitz|p1a: Dragonite\n|-resisted|p1a: Dragonite|1\n|-damage|p1a: Dragonite|0 fnt\n|faint|p1a: Dragonite\n|\n|upkeep\n|\n|t:|1788372204\n|switch|p1a: Incineroar|Incineroar, L50, F|51/100\n|-ability|p1a: Incineroar|Intimidate|boost\n|-unboost|p2a: Streetcat|atk|1\n|-unboost|p2b: Animal|atk|1\n|turn|6\n|\n|t:|1788372226\n|move|p2b: Animal|Protect|p2b: Animal\n|-singleturn|p2b: Animal|Protect\n|move|p1a: Incineroar|Fake Out|p2b: Animal\n|-activate|p2b: Animal|move: Protect\n|move|p1b: Sneasler|Close Combat|p2a: Streetcat\n|-resisted|p2a: Streetcat|1\n|-damage|p2a: Streetcat|45/100\n|-unboost|p1b: Sneasler|def|1\n|-unboost|p1b: Sneasler|spd|1\n|move|p2a: Streetcat|Gunk Shot|p1b: Sneasler|[miss]\n|-miss|p2a: Streetcat|p1b: Sneasler\n|\n|upkeep\n|turn|7\n|inactive|plaidhaxx has 30 seconds left.\n|inactive|plaidhaxx has 20 seconds left.\n|inactive|plaidhaxx has 15 seconds left.\n|inactive|hugoggg has 30 seconds left.\n|inactive|hugoggg has 20 seconds left.\n|inactive|hugoggg has 15 seconds left.\n|\n|t:|1788372284\n|move|p2b: Animal|Extreme Speed|p1b: Sneasler\n|-damage|p1b: Sneasler|23/100\n|move|p1b: Sneasler|Dire Claw|p2b: Animal\n|-resisted|p2b: Animal|1\n|-damage|p2b: Animal|0 fnt\n|faint|p2b: Animal\n|move|p2a: Streetcat|Close Combat|p1a: Incineroar\n|-supereffective|p1a: Incineroar|1\n|-damage|p1a: Incineroar|0 fnt\n|-unboost|p2a: Streetcat|def|1\n|-unboost|p2a: Streetcat|spd|1\n|faint|p1a: Incineroar\n|\n|upkeep\n|\n|t:|1788372296\n|switch|p1a: Garchomp|Garchomp, L50, F|49/100\n|turn|8\n|\n|t:|1788372304\n|move|p1b: Sneasler|Close Combat|p2a: Streetcat\n|-resisted|p2a: Streetcat|1\n|-damage|p2a: Streetcat|0 fnt\n|-unboost|p1b: Sneasler|def|1\n|-unboost|p1b: Sneasler|spd|1\n|faint|p2a: Streetcat\n|\n|win|plaidhaxx\n","uploadtime":1788372304,"views":"2","formatid":"gen9championsvgc2026regmbbo3","rating":null,"private":0,"password":null}