{"id":"gen9championsvgc2026regmb-2674149695","format":"[Gen 9 Champions] VGC 2026 Reg M-B","players":["stickyholder","ImMXngo"],"log":"|j|☆stickyholder\n|j|☆ImMXngo\n|t:|1788306532\n|gametype|doubles\n|player|p1|stickyholder|burglar|\n|player|p2|ImMXngo|n|\n|gen|9\n|tier|[Gen 9 Champions] VGC 2026 Reg M-B\n|rule|Species Clause: Limit one of each Pokémon\n|rule|Item Clause: Limit 1 of each item\n|clearpoke\n|poke|p1|Gengar, L50, M|\n|poke|p1|Incineroar, L50, F|\n|poke|p1|Klefki, L50, F|\n|poke|p1|Pikachu, L50, M|\n|poke|p1|Primarina, L50, M|\n|poke|p1|Clefable, L50, M|\n|poke|p2|Staraptor, L50, M|\n|poke|p2|Grimmsnarl, L50, M|\n|poke|p2|Gholdengo, L50|\n|poke|p2|Rotom-Wash, L50|\n|poke|p2|Mudsdale, L50, M|\n|poke|p2|Snorlax, L50, F, shiny|\n|teampreview|4\n|j| hostompa\nstickyholder rejected open team sheets.\n|j| PorygonTheBot\n|c| PorygonTheBot|y'all suck\n|\n|t:|1788306603\n|teamsize|p1|4\n|teamsize|p2|4\n|start\n|switch|p1a: Gengar|Gengar, L50, M|100/100\n|switch|p1b: Klefki|Klefki, L50, F|100/100\n|switch|p2a: Rotom|Rotom-Wash, L50|100/100\n|switch|p2b: Mudsdale|Mudsdale, L50, M|100/100\n|turn|1\n|\n|t:|1788306622\n|detailschange|p1a: Gengar|Gengar-Mega, L50, M\n|-mega|p1a: Gengar|Gengar|Gengarite\n|move|p1b: Klefki|Reflect|p1b: Klefki\n|-sidestart|p1: stickyholder|Reflect\n|move|p1a: Gengar|Substitute|p1a: Gengar\n|-start|p1a: Gengar|Substitute\n|-damage|p1a: Gengar|75/100\n|move|p2a: Rotom|Nasty Plot|p2a: Rotom\n|-boost|p2a: Rotom|spa|2\n|move|p2b: Mudsdale|High Horsepower|p1a: Gengar\n|-supereffective|p1a: Gengar|1\n|-crit|p1a: Gengar\n|-end|p1a: Gengar|Substitute\n|\n|upkeep\n|turn|2\n|c| hostompa|who is klefki\n|c| hostompa|crit mattered\n|\n|t:|1788306660\n|move|p1a: Gengar|Protect|p1a: Gengar\n|-singleturn|p1a: Gengar|Protect\n|move|p1b: Klefki|Light Screen|p1b: Klefki\n|-sidestart|p1: stickyholder|move: Light Screen\n|move|p2a: Rotom|Hydro Pump|p1b: Klefki\n|-damage|p1b: Klefki|19/100\n|move|p2b: Mudsdale|High Horsepower|p1a: Gengar\n|-activate|p1a: Gengar|move: Protect\n|\n|upkeep\n|turn|3\n|\n|t:|1788306682\n|move|p1a: Gengar|Shadow Ball|p2a: Rotom\n|-damage|p2a: Rotom|48/100\n|-enditem|p2a: Rotom|Sitrus Berry|[eat]\n|-heal|p2a: Rotom|73/100|[from] item: Sitrus Berry\n|move|p2a: Rotom|Hydro Pump|p1a: Gengar\n|-damage|p1a: Gengar|0 fnt\n|faint|p1a: Gengar\n|move|p1b: Klefki|Draining Kiss|p2a: Rotom\n|-crit|p2a: Rotom\n|-damage|p2a: Rotom|50/100g\n|-heal|p1b: Klefki|35/100|[from] drain|[of] p2a: Rotom\n|move|p2b: Mudsdale|High Horsepower|p1b: Klefki|[miss]\n|-miss|p2b: Mudsdale|p1b: Klefki\n|\n|upkeep\n|\n|t:|1788306694\n|switch|p1a: Clefable|Clefable, L50, M|100/100\n|turn|4\n|\n|t:|1788306753\n|move|p2a: Rotom|Hydro Pump|p1b: Klefki\n|-damage|p1b: Klefki|0 fnt\n|faint|p1b: Klefki\n|move|p2b: Mudsdale|High Horsepower|p1a: Clefable\n|-damage|p1a: Clefable|54/100\n|move|p1a: Clefable|Cosmic Power|p1a: Clefable\n|-boost|p1a: Clefable|def|1\n|-boost|p1a: Clefable|spd|1\n|\n|-heal|p1a: Clefable|60/100|[from] item: Leftovers\n|upkeep\n|\n|t:|1788306761\n|switch|p1b: Incineroar|Incineroar, L50, F|100/100\n|-ability|p1b: Incineroar|Intimidate|boost\n|-unboost|p2a: Rotom|atk|1\n|-fail|p2b: Mudsdale|unboost|atk|[from] ability: Inner Focus|[of] p2b: Mudsdale\n|turn|5\n|\n|t:|1788306783\n|move|p2a: Rotom|Hydro Pump|p1b: Incineroar\n|-supereffective|p1b: Incineroar|1\n|-damage|p1b: Incineroar|0 fnt\n|faint|p1b: Incineroar\n|move|p2b: Mudsdale|Rock Slide|p1a: Clefable\n|-damage|p1a: Clefable|48/100\n|move|p1a: Clefable|Cosmic Power|p1a: Clefable\n|-boost|p1a: Clefable|def|1\n|-boost|p1a: Clefable|spd|1\n|\n|-heal|p1a: Clefable|53/100|[from] item: Leftovers\n|upkeep\n|turn|6\n|\n|t:|1788306801\n|move|p2a: Rotom|Hydro Pump|p1a: Clefable|[miss]\n|-miss|p2a: Rotom|p1a: Clefable\n|move|p2b: Mudsdale|High Horsepower|p1a: Clefable\n|-damage|p1a: Clefable|31/100\n|move|p1a: Clefable|Draining Kiss|p2a: Rotom\n|-damage|p2a: Rotom|31/100\n|-heal|p1a: Clefable|43/100|[from] drain|[of] p2a: Rotom\n|\n|-heal|p1a: Clefable|49/100|[from] item: Leftovers\n|upkeep\n|turn|7\n|\n|t:|1788306816\n|move|p2a: Rotom|Hydro Pump|p1a: Clefable|[miss]\n|-miss|p2a: Rotom|p1a: Clefable\n|move|p2b: Mudsdale|High Horsepower|p1a: Clefable\n|-damage|p1a: Clefable|26/100\n|move|p1a: Clefable|Cosmic Power|p1a: Clefable\n|-boost|p1a: Clefable|def|1\n|-boost|p1a: Clefable|spd|1\n|\n|-heal|p1a: Clefable|32/100|[from] item: Leftovers\n|upkeep\n|turn|8\n|\n|t:|1788306827\n|move|p2a: Rotom|Hydro Pump|p1a: Clefable\n|-damage|p1a: Clefable|9/100\n|move|p2b: Mudsdale|High Horsepower|p1a: Clefable|[miss]\n|-miss|p2b: Mudsdale|p1a: Clefable\n|move|p1a: Clefable|Moonlight|p1a: Clefable\n|-heal|p1a: Clefable|59/100\n|\n|-heal|p1a: Clefable|65/100|[from] item: Leftovers\n|-sideend|p1: stickyholder|Reflect\n|upkeep\n|turn|9\n|c| hostompa|3rd time is the charm\n|c|☆ImMXngo|BRO\n|c| hostompa|lmfaoooo\n|\n|t:|1788306839\n|move|p2a: Rotom|Hydro Pump|p1a: Clefable\n|-damage|p1a: Clefable|45/100\n|move|p2b: Mudsdale|High Horsepower|p1a: Clefable\n|-damage|p1a: Clefable|19/100\n|move|p1a: Clefable|Cosmic Power|p1a: Clefable\n|-boost|p1a: Clefable|def|1\n|-boost|p1a: Clefable|spd|1\n|\n|-heal|p1a: Clefable|25/100|[from] item: Leftovers\n|-sideend|p1: stickyholder|move: Light Screen\n|upkeep\n|turn|10\n|c|☆stickyholder|Its too easy\n|c| hostompa|clefable sweep\n|\n|t:|1788306848\n|move|p1a: Clefable|Protect|p1a: Clefable\n|-singleturn|p1a: Clefable|Protect\n|move|p2a: Rotom|Thunderbolt|p1a: Clefable\n|-activate|p1a: Clefable|move: Protect\n|move|p2b: Mudsdale|High Horsepower|p1a: Clefable\n|-activate|p1a: Clefable|move: Protect\n|\n|-heal|p1a: Clefable|31/100|[from] item: Leftovers\n|upkeep\n|turn|11\n|c| hostompa|goodbye screens\n|\n|t:|1788306853\n|move|p2a: Rotom|Thunderbolt|p1a: Clefable\n|-damage|p1a: Clefable|9/100\n|move|p2b: Mudsdale|High Horsepower|p1a: Clefable\n|-damage|p1a: Clefable|0 fnt\n|faint|p1a: Clefable\n|\n|win|ImMXngo\n","uploadtime":1788306853,"views":"18","formatid":"gen9championsvgc2026regmb","rating":null,"private":0,"password":null}