{"id":"gen9championsvgc2026regmbbo3-2674319270","format":"[Gen 9 Champions] VGC 2026 Reg M-B (Bo3)","players":["DINOLONK","coti_05"],"log":"|j|☆DINOLONK\n|j|☆coti_05\n|html|<table width=\"100%\"><tr><td align=\"left\">DINOLONK</td><td align=\"right\">coti_05</tr><tr><td align=\"left\"><i class=\"fa fa-circle\"></i> <i class=\"fa fa-circle-o\"></i> </td><td align=\"right\"><i class=\"fa fa-circle-o\"></i> <i class=\"fa fa-circle-o\"></i> </tr></table>\n|uhtml|bestof|<h2><strong>Game 2</strong> of <a href=\"/game-bestof3-gen9championsvgc2026regmbbo3-2674318054\">a best-of-3</a></h2>\n|t:|1788339922\n|gametype|doubles\n|player|p1|DINOLONK|parasollady-gen4|1371\n|player|p2|coti_05|101|1302\n|gen|9\n|tier|[Gen 9 Champions] VGC 2026 Reg M-B (Bo3)\n|rated|\n|rule|Species Clause: Limit one of each Pokémon\n|rule|Item Clause: Limit 1 of each item\n|clearpoke\n|poke|p1|Dragonite, L50, M|\n|poke|p1|Sneasler, L50, M|\n|poke|p1|Kingambit, L50, F|\n|poke|p1|Basculegion, L50, M|\n|poke|p1|Whimsicott, L50, M|\n|poke|p1|Floette-Eternal, L50, F|\n|poke|p2|Charizard, L50, M, shiny|\n|poke|p2|Incineroar, L50, F|\n|poke|p2|Garchomp, L50, M, shiny|\n|poke|p2|Metagross, L50, shiny|\n|poke|p2|Whimsicott, L50, F|\n|poke|p2|Annihilape, L50, M|\n|teampreview|4\n|showteam|p1|Dragonite||Dragoninite|InnerFocus|DragonPulse,HeatWave,Thunderbolt,Protect|Modest||M|||50|]Sneasler||WhiteHerb|Unburden|DireClaw,CloseCombat,RockSlide,FakeOut|Jolly||M|||50|]Kingambit||ChopleBerry|Defiant|KowtowCleave,SuckerPunch,LowKick,IronHead|Adamant||F|||50|]Basculegion||LifeOrb|Adaptability|WaveCrash,LastRespects,AquaJet,Protect|Adamant||M|||50|]Whimsicott||FocusSash|Prankster|Moonblast,Tailwind,Encore,Protect|Timid||M|||50|]Floette-Eternal||Floettite|FlowerVeil|Moonblast,DazzlingGleam,LightofRuin,Protect|Timid||F|||50|\n|showteam|p2|Charizard||CharizarditeY|SolarPower|HeatWave,Protect,WeatherBall,SolarBeam|Timid||M|||50|]Incineroar||SitrusBerry|Intimidate|FakeOut,FlareBlitz,PartingShot,Crunch|Impish||F|||50|]Garchomp||LifeOrb|RoughSkin|DragonClaw,Earthquake,Protect,RockSlide|Jolly||M|||50|]Metagross||Metagrossite|ClearBody|IronHead,IcePunch,PsychicFangs,Protect|Adamant|||||50|]Whimsicott||FocusSash|Prankster|Tailwind,Encore,Moonblast,Protect|Modest||F|||50|]Annihilape||ChoiceScarf|Defiant|Uturn,CloseCombat,ShadowClaw,IcePunch|Adamant||M|||50|\n|inactive|Battle timer is ON: inactive players will automatically lose when time's up. (requested by DINOLONK)\n|\n|t:|1788339941\n|teamsize|p1|4\n|teamsize|p2|4\n|start\n|switch|p1a: Dragonite|Dragonite, L50, M|100/100\n|switch|p1b: Sneasler|Sneasler, L50, M|100/100\n|switch|p2a: Whimsicott|Whimsicott, L50, F|100/100\n|switch|p2b: Metagross|Metagross, L50, shiny|100/100\n|turn|1\n|\n|t:|1788339962\n|detailschange|p1a: Dragonite|Dragonite-Mega, L50, M\n|-mega|p1a: Dragonite|Dragonite|Dragoninite\n|detailschange|p2b: Metagross|Metagross-Mega, L50, shiny\n|-mega|p2b: Metagross|Metagross|Metagrossite\n|move|p2a: Whimsicott|Tailwind|p2a: Whimsicott\n|-sidestart|p2: coti_05|move: Tailwind\n|move|p2b: Metagross|Psychic Fangs|p1b: Sneasler\n|-supereffective|p1b: Sneasler|2\n|-damage|p1b: Sneasler|0 fnt\n|faint|p1b: Sneasler\n|move|p1a: Dragonite|Heat Wave|p2a: Whimsicott|[spread] p2a,p2b\n|-supereffective|p2a: Whimsicott|1\n|-supereffective|p2b: Metagross|1\n|-damage|p2a: Whimsicott|9/100\n|-damage|p2b: Metagross|44/100\n|-status|p2b: Metagross|brn\n|\n|-damage|p2b: Metagross|38/100 brn|[from] brn\n|upkeep\n|\n|t:|1788339974\n|switch|p1b: Basculegion|Basculegion, L50, M|100/100\n|turn|2\n|\n|t:|1788339986\n|move|p2a: Whimsicott|Protect|p2a: Whimsicott\n|-singleturn|p2a: Whimsicott|Protect\n|move|p1b: Basculegion|Aqua Jet|p2a: Whimsicott\n|-activate|p2a: Whimsicott|move: Protect\n|move|p2b: Metagross|Ice Punch|p1a: Dragonite\n|-supereffective|p1a: Dragonite|2\n|-damage|p1a: Dragonite|64/100\n|move|p1a: Dragonite|Heat Wave|p2a: Whimsicott|[spread] p2b\n|-activate|p2a: Whimsicott|move: Protect\n|-supereffective|p2b: Metagross|1\n|-damage|p2b: Metagross|0 fnt\n|faint|p2b: Metagross\n|\n|upkeep\n|\n|t:|1788340002\n|switch|p2b: Annihilape|Annihilape, L50, M|100/100\n|turn|3\n|\n|t:|1788340026\n|move|p2a: Whimsicott|Encore|p1b: Basculegion\n|-start|p1b: Basculegion|Encore\n|move|p1b: Basculegion|Aqua Jet|p2b: Annihilape\n|-damage|p2b: Annihilape|60/100\n|-damage|p1b: Basculegion|90/100|[from] item: Life Orb\n|move|p2b: Annihilape|Ice Punch|p1a: Dragonite\n|-supereffective|p1a: Dragonite|2\n|-damage|p1a: Dragonite|0 fnt\n|faint|p1a: Dragonite\n|\n|upkeep\n|\n|t:|1788340034\n|switch|p1a: Kingambit|Kingambit, L50, F|100/100\n|turn|4\n|\n|t:|1788340059\n|switch|p2b: Garchomp|Garchomp, L50, M, shiny|100/100\n|move|p2a: Whimsicott|Protect|p2a: Whimsicott\n|-singleturn|p2a: Whimsicott|Protect\n|move|p1b: Basculegion|Aqua Jet|p2a: Whimsicott\n|-activate|p2a: Whimsicott|move: Protect\n|move|p1a: Kingambit|Low Kick|p2b: Garchomp\n|-damage|p2b: Garchomp|70/100\n|-damage|p1a: Kingambit|87/100|[from] ability: Rough Skin|[of] p2b: Garchomp\n|\n|-sideend|p2: coti_05|move: Tailwind\n|upkeep\n|turn|5\n|\n|t:|1788340079\n|move|p2a: Whimsicott|Tailwind|p2a: Whimsicott\n|-sidestart|p2: coti_05|move: Tailwind\n|move|p1b: Basculegion|Aqua Jet|p2b: Garchomp\n|-damage|p2b: Garchomp|39/100\n|-damage|p1b: Basculegion|77/100|[from] ability: Rough Skin|[of] p2b: Garchomp\n|-damage|p1b: Basculegion|68/100|[from] item: Life Orb\n|move|p1a: Kingambit|Sucker Punch|p2b: Garchomp\n|-damage|p2b: Garchomp|0 fnt\n|-damage|p1a: Kingambit|75/100|[from] ability: Rough Skin|[of] p2b: Garchomp\n|faint|p2b: Garchomp\n|\n|-end|p1b: Basculegion|Encore\n|upkeep\n|\n|t:|1788340091\n|switch|p2b: Annihilape|Annihilape, L50, M|60/100\n|turn|6\n|\n|t:|1788340112\n|move|p1b: Basculegion|Aqua Jet|p2b: Annihilape\n|-damage|p2b: Annihilape|21/100\n|-damage|p1b: Basculegion|58/100|[from] item: Life Orb\n|move|p1a: Kingambit|Sucker Punch|p2b: Annihilape\n|-damage|p2b: Annihilape|0 fnt\n|faint|p2b: Annihilape\n|move|p2a: Whimsicott|Moonblast|p1b: Basculegion\n|-damage|p1b: Basculegion|17/100\n|\n|upkeep\n|turn|7\n|\n|t:|1788340125\n|move|p1b: Basculegion|Aqua Jet|p2a: Whimsicott\n|-resisted|p2a: Whimsicott|1\n|-damage|p2a: Whimsicott|0 fnt\n|faint|p2a: Whimsicott\n|-damage|p1b: Basculegion|8/100|[from] item: Life Orb\n|\n|win|DINOLONK\n|raw|DINOLONK's rating: 1371 &rarr; <strong>1387</strong><br />(+16 for winning)\n|raw|coti_05's rating: 1302 &rarr; <strong>1286</strong><br />(-16 for losing)\n","uploadtime":1788340126,"views":"7","formatid":"gen9championsvgc2026regmbbo3","rating":1286,"private":0,"password":null}