{"id":"gen9championsvgc2026regmb-2674259063","format":"[Gen 9 Champions] VGC 2026 Reg M-B","players":["Trainer Milson","Thornlace48812"],"log":"|j|☆Trainer Milson\n|j|☆Thornlace48812\n|t:|1788325313\n|gametype|doubles\n|player|p1|Trainer Milson|169|1067\n|player|p2|Thornlace48812|1|1115\n|gen|9\n|tier|[Gen 9 Champions] VGC 2026 Reg M-B\n|rated|\n|rule|Species Clause: Limit one of each Pokémon\n|rule|Item Clause: Limit 1 of each item\n|clearpoke\n|poke|p1|Dragapult, L50, M|\n|poke|p1|Farigiraf, L50, M|\n|poke|p1|Sinistcha, L50|\n|poke|p1|Camerupt, L50, M|\n|poke|p1|Incineroar, L50, M|\n|poke|p1|Swampert, L50, F|\n|poke|p2|Garchomp, L50, M|\n|poke|p2|Charizard, L50, M|\n|poke|p2|Whimsicott, L50, M|\n|poke|p2|Sylveon, L50, F|\n|poke|p2|Kingambit, L50, M|\n|poke|p2|Basculegion, L50, M|\n|teampreview|4\n|inactive|Battle timer is ON: inactive players will automatically lose when time's up. (requested by Thornlace48812)\n|inactive|Trainer Milson also wants the timer to be on.\nThornlace48812 rejected open team sheets.\n|\n|t:|1788325328\n|teamsize|p1|4\n|teamsize|p2|4\n|start\n|switch|p1a: Incineroar|Incineroar, L50, M|100/100\n|switch|p1b: Farigiraf|Farigiraf, L50, M|100/100\n|switch|p2a: Charizard|Charizard, L50, M|100/100\n|switch|p2b: Sylveon|Sylveon, L50, F|100/100\n|-ability|p1a: Incineroar|Intimidate|boost\n|-unboost|p2a: Charizard|atk|1\n|-unboost|p2b: Sylveon|atk|1\n|turn|1\n|\n|t:|1788325338\n|detailschange|p2a: Charizard|Charizard-Mega-Y, L50, M\n|-mega|p2a: Charizard|Charizard|Charizardite Y\n|-weather|SunnyDay|[from] ability: Drought|[of] p2a: Charizard\n|move|p2a: Charizard|Protect|p2a: Charizard\n|-singleturn|p2a: Charizard|Protect\n|move|p2b: Sylveon|Hyper Voice|p1a: Incineroar|[spread] p1a,p1b\n|-damage|p1a: Incineroar|59/100\n|-damage|p1b: Farigiraf|53/100\n|move|p1b: Farigiraf|Psychic|p2a: Charizard\n|-activate|p2a: Charizard|move: Protect\n|move|p1a: Incineroar|Swords Dance|p1a: Incineroar\n|-boost|p1a: Incineroar|atk|2\n|\n|-weather|SunnyDay|[upkeep]\n|upkeep\n|turn|2\n|\n|t:|1788325363\n|move|p2a: Charizard|Heat Wave|p1b: Farigiraf|[spread] p1a,p1b\n|-resisted|p1a: Incineroar|1\n|-damage|p1a: Incineroar|31/100\n|-damage|p1b: Farigiraf|0 fnt\n|faint|p1b: Farigiraf\n|move|p2b: Sylveon|Hyper Voice|p1a: Incineroar\n|-damage|p1a: Incineroar|0 fnt\n|faint|p1a: Incineroar\n|\n|-weather|SunnyDay|[upkeep]\n|upkeep\n|\n|t:|1788325367\n|switch|p1a: Dragapult|Dragapult, L50, M|100/100\n|switch|p1b: Swampert|Swampert, L50, F|100/100\n|turn|3\n|\n|t:|1788325384\n|detailschange|p1b: Swampert|Swampert-Mega, L50, F\n|-mega|p1b: Swampert|Swampert|Swampertite\n|move|p1a: Dragapult|Phantom Force||[still]\n|-prepare|p1a: Dragapult|Phantom Force\n|move|p2a: Charizard|Heat Wave|p1b: Swampert|[spread] p1b\n|-miss|p2a: Charizard|p1a: Dragapult\n|-resisted|p1b: Swampert|1\n|-damage|p1b: Swampert|75/100\n|move|p2b: Sylveon|Hyper Voice|p1a: Dragapult|[spread] p1b\n|-miss|p2b: Sylveon|p1a: Dragapult\n|-damage|p1b: Swampert|38/100\n|move|p1b: Swampert|Rock Slide|p2a: Charizard|[spread] p2a,p2b\n|-supereffective|p2a: Charizard|2\n|-damage|p2a: Charizard|0 fnt\n|-damage|p2b: Sylveon|65/100\n|faint|p2a: Charizard\n|\n|-weather|SunnyDay|[upkeep]\n|upkeep\n|\n|t:|1788325385\n|switch|p2a: Garchomp|Garchomp, L50, M|100/100\n|turn|4\n|\n|t:|1788325394\n|move|p1a: Dragapult|Phantom Force|p2a: Garchomp|[from] lockedmove\n|-damage|p2a: Garchomp|62/100\n|-damage|p1a: Dragapult|87/100|[from] ability: Rough Skin|[of] p2a: Garchomp\n|move|p2a: Garchomp|Dragon Claw|p1b: Swampert\n|-damage|p1b: Swampert|0 fnt\n|faint|p1b: Swampert\n|-damage|p2a: Garchomp|52/100|[from] item: Life Orb\n|move|p2b: Sylveon|Hyper Beam|p1a: Dragapult|[miss]\n|-miss|p2b: Sylveon|p1a: Dragapult\n|\n|-weather|SunnyDay|[upkeep]\n|upkeep\n|turn|5\n|\n|t:|1788325401\n|move|p1a: Dragapult|Dragon Darts|p2a: Garchomp\n|-supereffective|p2a: Garchomp|1\n|-damage|p2a: Garchomp|7/100\n|-anim|p1a: Dragapult|Dragon Darts|p2a: Garchomp\n|-supereffective|p2a: Garchomp|1\n|-damage|p2a: Garchomp|0 fnt\n|faint|p2a: Garchomp\n|move|p2b: Sylveon|Hyper Beam|p1a: Dragapult\n|-supereffective|p1a: Dragapult|1\n|-damage|p1a: Dragapult|0 fnt\n|-mustrecharge|p2b: Sylveon\n|faint|p1a: Dragapult\n|\n|win|Thornlace48812\n|raw|Trainer Milson's rating: 1067 &rarr; <strong>1050</strong><br />(-17 for losing)\n|raw|Thornlace48812's rating: 1115 &rarr; <strong>1137</strong><br />(+22 for winning)\n","uploadtime":1788325401,"views":"0","formatid":"gen9championsvgc2026regmb","rating":1050,"private":0,"password":null}