{"id":"gen9championsvgc2026regmbbo3-2673708842","format":"[Gen 9 Champions] VGC 2026 Reg M-B (Bo3)","players":["vicburgos","teyvgc"],"log":"|j|☆vicburgos\n|j|☆teyvgc\n|html|<table width=\"100%\"><tr><td align=\"left\">vicburgos</td><td align=\"right\">teyvgc</tr><tr><td align=\"left\"><i class=\"fa fa-circle\"></i> <i class=\"fa fa-circle-o\"></i> </td><td align=\"right\"><i class=\"fa fa-circle-o\"></i> <i class=\"fa fa-circle\"></i> </tr></table>\n|uhtml|bestof|<h2><strong>Game 3</strong> of <a href=\"/game-bestof3-gen9championsvgc2026regmbbo3-2673706389\">a best-of-3</a></h2>\n|t:|1788237608\n|gametype|doubles\n|player|p1|vicburgos|2|1147\n|player|p2|teyvgc|rood|1401\n|gen|9\n|tier|[Gen 9 Champions] VGC 2026 Reg M-B (Bo3)\n|rated|\n|rule|Species Clause: Limit one of each Pokémon\n|rule|Item Clause: Limit 1 of each item\n|clearpoke\n|poke|p1|Incineroar, L50, M|\n|poke|p1|Sinistcha, L50|\n|poke|p1|Maushold-Four, L50|\n|poke|p1|Annihilape, L50, F|\n|poke|p1|Vaporeon, L50, F|\n|poke|p1|Grimmsnarl, L50, M|\n|poke|p2|Delphox, L50, M|\n|poke|p2|Vanilluxe, L50, F|\n|poke|p2|Floette-Eternal, L50, F|\n|poke|p2|Sinistcha, L50|\n|poke|p2|Milotic, L50, F|\n|poke|p2|Incineroar, L50, F|\n|teampreview|4\n|showteam|p1|Incineroar||ChopleBerry|Intimidate|FlareBlitz,Protect,FakeOut,DarkestLariat|Adamant||M|||50|]Sinistcha||BigRoot|Hospitality|MatchaGotcha,Protect,RagePowder,ShadowBall|Bold|||||50|]Maushold-Four||WideLens|FriendGuard|PopulationBomb,Protect,FollowMe,ThunderWave|Jolly|||||50|]Annihilape||SitrusBerry|Defiant|RageFist,Protect,BulkUp,DrainPunch|Careful||F|||50|]Vaporeon||Leftovers|WaterAbsorb|Scald,Roar,CalmMind,IceBeam|Bold||F|||50|]Grimmsnarl||LightClay|Prankster|SpiritBreak,Reflect,LightScreen,PartingShot|Impish||M|||50|\n|showteam|p2|Delphox||Delphoxite|Blaze|HeatWave,Psychic,NastyPlot,Protect|Timid||M|||50|]Vanilluxe||ChoiceScarf|SnowWarning|Blizzard,FreezeDry,SheerCold,IcyWind|Timid||F|||50|]Floette-Eternal||Floettite|FlowerVeil|Protect,Moonblast,DazzlingGleam,CalmMind|Modest||F|||50|]Sinistcha||KasibBerry|Hospitality|LifeDew,RagePowder,MatchaGotcha,Protect|Bold|||||50|]Milotic||Leftovers|Competitive|Coil,Protect,MuddyWater,Hypnosis|Bold||F|||50|]Incineroar||SitrusBerry|Intimidate|FakeOut,PartingShot,FlareBlitz,DarkestLariat|Impish||F|||50|\n|inactive|Battle timer is ON: inactive players will automatically lose when time's up. (requested by vicburgos)\n|inactive|teyvgc has 60 seconds left.\n|inactive|teyvgc has 30 seconds left.\n|\n|t:|1788237692\n|teamsize|p1|4\n|teamsize|p2|4\n|start\n|switch|p1a: Grimmsnarl|Grimmsnarl, L50, M|100/100\n|switch|p1b: Vaporeon|Vaporeon, L50, F|100/100\n|switch|p2a: Floette|Floette-Eternal, L50, F|100/100\n|switch|p2b: Incineroar|Incineroar, L50, F|100/100\n|-ability|p2b: Incineroar|Intimidate|boost\n|-unboost|p1a: Grimmsnarl|atk|1\n|-unboost|p1b: Vaporeon|atk|1\n|turn|1\n|\n|t:|1788237701\n|move|p2b: Incineroar|Fake Out|p1b: Vaporeon\n|-damage|p1b: Vaporeon|91/100\n|move|p1a: Grimmsnarl|Light Screen|p1a: Grimmsnarl\n|-sidestart|p1: vicburgos|move: Light Screen\n|move|p2a: Floette|Calm Mind|p2a: Floette\n|-boost|p2a: Floette|spa|1\n|-boost|p2a: Floette|spd|1\n|cant|p1b: Vaporeon|flinch\n|\n|-heal|p1b: Vaporeon|97/100|[from] item: Leftovers\n|upkeep\n|turn|2\n|\n|t:|1788237713\n|move|p2a: Floette|Protect|p2a: Floette\n|-singleturn|p2a: Floette|Protect\n|move|p1a: Grimmsnarl|Parting Shot|p2a: Floette\n|-activate|p2a: Floette|move: Protect\n|move|p2b: Incineroar|Parting Shot|p1b: Vaporeon\n|-unboost|p1b: Vaporeon|atk|1\n|-unboost|p1b: Vaporeon|spa|1\n|\n|t:|1788237721\n|switch|p2b: Sinistcha|Sinistcha, L50|100/100|[from] Parting Shot\n|move|p1b: Vaporeon|Roar|p2a: Floette\n|drag|p2a: Incineroar|Incineroar, L50, F|100/100\n|-ability|p2a: Incineroar|Intimidate|boost\n|-unboost|p1a: Grimmsnarl|atk|1\n|-unboost|p1b: Vaporeon|atk|1\n|\n|-heal|p1b: Vaporeon|100/100|[from] item: Leftovers\n|upkeep\n|turn|3\n|\n|t:|1788237735\n|switch|p1b: Incineroar|Incineroar, L50, M|100/100\n|-ability|p1b: Incineroar|Intimidate|boost\n|-unboost|p2a: Incineroar|atk|1\n|-unboost|p2b: Sinistcha|atk|1\n|move|p2b: Sinistcha|Matcha Gotcha|p1a: Grimmsnarl|[spread] p1a,p1b\n|-resisted|p1b: Incineroar|1\n|-damage|p1a: Grimmsnarl|80/100\n|-damage|p1b: Incineroar|92/100\n|move|p2a: Incineroar|Parting Shot|p1b: Incineroar\n|-unboost|p1b: Incineroar|atk|1\n|-unboost|p1b: Incineroar|spa|1\n|\n|t:|1788237748\n|switch|p2a: Floette|Floette-Eternal, L50, F|100/100|[from] Parting Shot\n|move|p1a: Grimmsnarl|Spirit Break|p2b: Sinistcha\n|-damage|p2b: Sinistcha|84/100\n|\n|upkeep\n|turn|4\n|\n|t:|1788237762\n|switch|p2b: Incineroar|Incineroar, L50, F|100/100\n|-ability|p2b: Incineroar|Intimidate|boost\n|-unboost|p1a: Grimmsnarl|atk|1\n|-unboost|p1b: Incineroar|atk|1\n|move|p2a: Floette|Protect|p2a: Floette\n|-singleturn|p2a: Floette|Protect\n|move|p1b: Incineroar|Fake Out|p2a: Floette\n|-activate|p2a: Floette|move: Protect\n|move|p1a: Grimmsnarl|Parting Shot|p2b: Incineroar\n|-hint|Since gen 7, Dark is immune to Prankster moves.\n|-immune|p2b: Incineroar\n|\n|upkeep\n|turn|5\n|\n|t:|1788237781\n|detailschange|p2a: Floette|Floette-Mega, L50, F\n|-mega|p2a: Floette|Floette|Floettite\n|-ability|p2a: Floette|Fairy Aura\n|move|p2b: Incineroar|Fake Out|p1a: Grimmsnarl\n|-damage|p1a: Grimmsnarl|68/100\n|cant|p1a: Grimmsnarl|flinch\n|move|p2a: Floette|Calm Mind|p2a: Floette\n|-boost|p2a: Floette|spa|1\n|-boost|p2a: Floette|spd|1\n|move|p1b: Incineroar|Flare Blitz|p2a: Floette\n|-damage|p2a: Floette|65/100\n|-damage|p1b: Incineroar|83/100|[from] Recoil\n|\n|upkeep\n|turn|6\n|\n|t:|1788237804\n|switch|p1b: Maushold|Maushold-Four, L50|100/100\n|move|p2a: Floette|Protect|p2a: Floette\n|-singleturn|p2a: Floette|Protect\n|move|p1a: Grimmsnarl|Parting Shot|p2a: Floette\n|-activate|p2a: Floette|move: Protect\n|move|p2b: Incineroar|Parting Shot|p1b: Maushold\n|-unboost|p1b: Maushold|atk|1\n|-unboost|p1b: Maushold|spa|1\n|\n|t:|1788237813\n|switch|p2b: Sinistcha|Sinistcha, L50|84/100|[from] Parting Shot\n|-heal|p2a: Floette|90/100|[from] ability: Hospitality|[of] p2b: Sinistcha\n|\n|upkeep\n|turn|7\n|\n|t:|1788237825\n|move|p2b: Sinistcha|Rage Powder|p2b: Sinistcha\n|-singleturn|p2b: Sinistcha|move: Rage Powder\n|move|p1a: Grimmsnarl|Parting Shot|p2b: Sinistcha\n|-unboost|p2b: Sinistcha|atk|1\n|-unboost|p2b: Sinistcha|spa|1\n|\n|t:|1788237829\n|switch|p1a: Incineroar|Incineroar, L50, M|83/100|[from] Parting Shot\n|-ability|p1a: Incineroar|Intimidate|boost\n|-unboost|p2a: Floette|atk|1\n|-unboost|p2b: Sinistcha|atk|1\n|move|p1b: Maushold|Thunder Wave|p2b: Sinistcha\n|-status|p2b: Sinistcha|par\n|move|p2a: Floette|Calm Mind|p2a: Floette\n|-boost|p2a: Floette|spa|1\n|-boost|p2a: Floette|spd|1\n|\n|upkeep\n|turn|8\n|\n|t:|1788237845\n|switch|p1b: Vaporeon|Vaporeon, L50, F|100/100\n|switch|p2b: Incineroar|Incineroar, L50, F|100/100\n|-ability|p2b: Incineroar|Intimidate|boost\n|-unboost|p1a: Incineroar|atk|1\n|-unboost|p1b: Vaporeon|atk|1\n|move|p2a: Floette|Protect|p2a: Floette\n|-singleturn|p2a: Floette|Protect\n|move|p1a: Incineroar|Fake Out|p2a: Floette\n|-activate|p2a: Floette|move: Protect\n|\n|-sideend|p1: vicburgos|move: Light Screen\n|upkeep\n|turn|9\n|\n|t:|1788237865\n|move|p2b: Incineroar|Fake Out|p1b: Vaporeon\n|-damage|p1b: Vaporeon|92/100\n|move|p2a: Floette|Moonblast|p1a: Incineroar\n|-damage|p1a: Incineroar|0 fnt\n|faint|p1a: Incineroar\n|cant|p1b: Vaporeon|flinch\n|\n|-heal|p1b: Vaporeon|98/100|[from] item: Leftovers\n|upkeep\n|\n|t:|1788237869\n|switch|p1a: Maushold|Maushold-Four, L50|100/100\n|turn|10\n|\n|t:|1788237884\n|move|p2a: Floette|Protect|p2a: Floette\n|-singleturn|p2a: Floette|Protect\n|move|p1a: Maushold|Thunder Wave|p2a: Floette\n|-activate|p2a: Floette|move: Protect\n|move|p2b: Incineroar|Parting Shot|p1a: Maushold\n|-unboost|p1a: Maushold|atk|1\n|-unboost|p1a: Maushold|spa|1\n|\n|t:|1788237892\n|switch|p2b: Sinistcha|Sinistcha, L50|84/100 par|[from] Parting Shot\n|-heal|p2a: Floette|100/100|[from] ability: Hospitality|[of] p2b: Sinistcha\n|move|p1b: Vaporeon|Calm Mind|p1b: Vaporeon\n|-boost|p1b: Vaporeon|spa|1\n|-boost|p1b: Vaporeon|spd|1\n|\n|-heal|p1b: Vaporeon|100/100|[from] item: Leftovers\n|upkeep\n|turn|11\n|\n|t:|1788237903\n|move|p2b: Sinistcha|Rage Powder|p2b: Sinistcha\n|-singleturn|p2b: Sinistcha|move: Rage Powder\n|move|p1a: Maushold|Thunder Wave|p2b: Sinistcha\n|-fail|p2b: Sinistcha|par\n|move|p2a: Floette|Dazzling Gleam|p1b: Vaporeon|[spread] p1a,p1b\n|-damage|p1a: Maushold|0 fnt\n|-damage|p1b: Vaporeon|65/100\n|faint|p1a: Maushold\n|move|p1b: Vaporeon|Calm Mind|p1b: Vaporeon\n|-boost|p1b: Vaporeon|spa|1\n|-boost|p1b: Vaporeon|spd|1\n|\n|-heal|p1b: Vaporeon|71/100|[from] item: Leftovers\n|upkeep\n|\n|t:|1788237911\n|switch|p1a: Grimmsnarl|Grimmsnarl, L50, M|68/100\n|turn|12\n|\n|t:|1788237917\n|move|p1a: Grimmsnarl|Light Screen|p1a: Grimmsnarl\n|-sidestart|p1: vicburgos|move: Light Screen\n|move|p2a: Floette|Dazzling Gleam|p1a: Grimmsnarl|[spread] p1a,p1b\n|-supereffective|p1a: Grimmsnarl|1\n|-damage|p1a: Grimmsnarl|0 fnt\n|-damage|p1b: Vaporeon|47/100\n|faint|p1a: Grimmsnarl\n|move|p1b: Vaporeon|Ice Beam|p2b: Sinistcha\n|-supereffective|p2b: Sinistcha|1\n|-damage|p2b: Sinistcha|0 fnt\n|faint|p2b: Sinistcha\n|\n|-heal|p1b: Vaporeon|53/100|[from] item: Leftovers\n|upkeep\n|\n|t:|1788237927\n|switch|p2b: Vanilluxe|Vanilluxe, L50, F|100/100\n|-weather|Snowscape|[from] ability: Snow Warning|[of] p2b: Vanilluxe\n|turn|13\n|\n|t:|1788237936\n|move|p2b: Vanilluxe|Freeze-Dry|p1b: Vaporeon\n|-supereffective|p1b: Vaporeon|1\n|-damage|p1b: Vaporeon|36/100\n|move|p2a: Floette|Moonblast|p1b: Vaporeon\n|-damage|p1b: Vaporeon|0 fnt\n|faint|p1b: Vaporeon\n|\n|win|teyvgc\n|raw|vicburgos's rating: 1147 &rarr; <strong>1138</strong><br />(-9 for losing)\n|raw|teyvgc's rating: 1401 &rarr; <strong>1409</strong><br />(+8 for winning)\n","uploadtime":1788237937,"views":"1","formatid":"gen9championsvgc2026regmbbo3","rating":1138,"private":0,"password":null}