{"id":"gen9championsvgc2026regmbbo3-2674336443","format":"[Gen 9 Champions] VGC 2026 Reg M-B (Bo3)","players":["Master M-rada","shibikanon"],"log":"|j|☆Master M-rada\n|j|☆shibikanon\n|html|<table width=\"100%\"><tr><td align=\"left\">Master M-rada</td><td align=\"right\">shibikanon</tr><tr><td align=\"left\"><i class=\"fa fa-circle-o\"></i> <i class=\"fa fa-circle-o\"></i> </td><td align=\"right\"><i class=\"fa fa-circle-o\"></i> <i class=\"fa fa-circle-o\"></i> </tr></table>\n|uhtml|bestof|<h2><strong>Game 1</strong> of <a href=\"/game-bestof3-gen9championsvgc2026regmbbo3-2674336442\">a best-of-3</a></h2>\n|t:|1788343832\n|gametype|doubles\n|player|p1|Master M-rada|miku-ice|1246\n|player|p2|shibikanon|skyla-masters3|1401\n|gen|9\n|tier|[Gen 9 Champions] VGC 2026 Reg M-B (Bo3)\n|rated|\n|rule|Species Clause: Limit one of each Pokémon\n|rule|Item Clause: Limit 1 of each item\n|clearpoke\n|poke|p1|Gengar, L50, M, shiny|\n|poke|p1|Snorlax, L50, F|\n|poke|p1|Incineroar, L50, F|\n|poke|p1|Scrafty, L50, F, shiny|\n|poke|p1|Dragonite, L50, F|\n|poke|p1|Altaria, L50, F, shiny|\n|poke|p2|Charizard, L50, F, shiny|\n|poke|p2|Sylveon, L50, F, shiny|\n|poke|p2|Incineroar, L50, F|\n|poke|p2|Rhyperior, L50, F|\n|poke|p2|Farigiraf, L50, F|\n|poke|p2|Basculegion, L50, M|\n|teampreview|4\n|showteam|p1|Gengar||Gengarite|CursedBody|PerishSong,ShadowBall,SludgeBomb,Protect|Modest||M|||50|]Snorlax||Leftovers|ThickFat|Yawn,Encore,Fissure,Protect|Relaxed||F|||50|]Incineroar||SitrusBerry|Intimidate|FlareBlitz,PartingShot,FakeOut,Protect|Relaxed||F|||50|]Scrafty||FocusSash|Intimidate|CloseCombat,KnockOff,FakeOut,Protect|Impish||F|||50|]Dragonite||LifeOrb|InnerFocus|DragonClaw,LowKick,ExtremeSpeed,Protect|Adamant||F|||50|]Altaria||HabanBerry|CloudNine|FireSpin,Roost,PerishSong,Protect|Calm||F|||50|\n|showteam|p2|Charizard||CharizarditeY|Blaze|HeatWave,WeatherBall,SolarBeam,Protect|Modest||F|||50|]Sylveon||FairyFeather|Pixilate|HyperVoice,QuickAttack,HyperBeam,Detect|Modest||F|||50|]Incineroar||SitrusBerry|Intimidate|FlareBlitz,ThroatChop,PartingShot,FakeOut|Adamant||F|||50|]Rhyperior||LifeOrb|SolidRock|HighHorsepower,RockSlide,IcePunch,Protect|Brave||F|||50|]Farigiraf||ColburBerry|ArmorTail|Psychic,Thunderbolt,TrickRoom,Protect|Modest||F|||50|]Basculegion||ChoiceScarf|Adaptability|WaveCrash,LastRespects,AquaJet,FlipTurn|Jolly||M|||50|\n|inactive|Battle timer is ON: inactive players will automatically lose when time's up. (requested by shibikanon)\n|inactive|Master M-rada also wants the timer to be on.\n|inactive|shibikanon has 60 seconds left.\n|\n|t:|1788343873\n|teamsize|p1|4\n|teamsize|p2|4\n|start\n|switch|p1a: Gengar|Gengar, L50, M, shiny|100/100\n|switch|p1b: Dragonite|Dragonite, L50, F|100/100\n|switch|p2a: Incineroar|Incineroar, L50, F|100/100\n|switch|p2b: Basculegion|Basculegion, L50, M|100/100\n|-ability|p2a: Incineroar|Intimidate|boost\n|-unboost|p1a: Gengar|atk|1\n|-fail|p1b: Dragonite|unboost|atk|[from] ability: Inner Focus|[of] p1b: Dragonite\n|turn|1\n|\n|t:|1788343886\n|switch|p2a: Farigiraf|Farigiraf, L50, F|100/100\n|detailschange|p1a: Gengar|Gengar-Mega, L50, M, shiny\n|-mega|p1a: Gengar|Gengar|Gengarite\n|move|p2b: Basculegion|Flip Turn|p1a: Gengar\n|-crit|p1a: Gengar\n|-damage|p1a: Gengar|28/100\n|\n|t:|1788343895\n|switch|p2b: Incineroar|Incineroar, L50, F|100/100|[from] Flip Turn\n|-ability|p2b: Incineroar|Intimidate|boost\n|-unboost|p1a: Gengar|atk|1\n|-fail|p1b: Dragonite|unboost|atk|[from] ability: Inner Focus|[of] p1b: Dragonite\n|move|p1a: Gengar|Sludge Bomb|p2a: Farigiraf\n|-damage|p2a: Farigiraf|46/100\n|move|p1b: Dragonite|Low Kick|p2a: Farigiraf\n|-damage|p2a: Farigiraf|4/100\n|-damage|p1b: Dragonite|90/100|[from] item: Life Orb\n|\n|upkeep\n|turn|2\n|\n|t:|1788343918\n|move|p1a: Gengar|Sludge Bomb|p2b: Incineroar\n|-damage|p2b: Incineroar|56/100\n|-status|p2b: Incineroar|psn\n|move|p1b: Dragonite|Low Kick|p2b: Incineroar\n|-supereffective|p2b: Incineroar|1\n|-damage|p2b: Incineroar|0 fnt\n|faint|p2b: Incineroar\n|-damage|p1b: Dragonite|80/100|[from] item: Life Orb\n|move|p2a: Farigiraf|Trick Room|p2a: Farigiraf\n|-fieldstart|move: Trick Room|[of] p2a: Farigiraf\n|\n|upkeep\n|\n|t:|1788343925\n|switch|p2b: Rhyperior|Rhyperior, L50, F|100/100\n|turn|3\n|\n|t:|1788343941\n|switch|p1b: Snorlax|Snorlax, L50, F|100/100\n|move|p2a: Farigiraf|Protect|p2a: Farigiraf\n|-singleturn|p2a: Farigiraf|Protect\n|move|p1a: Gengar|Protect|p1a: Gengar\n|-singleturn|p1a: Gengar|Protect\n|move|p2b: Rhyperior|Rock Slide|p1b: Snorlax|[spread] p1b\n|-activate|p1a: Gengar|move: Protect\n|-damage|p1b: Snorlax|71/100\n|-damage|p2b: Rhyperior|90/100|[from] item: Life Orb\n|\n|-heal|p1b: Snorlax|77/100|[from] item: Leftovers\n|upkeep\n|turn|4\n|\n|t:|1788343956\n|switch|p1a: Dragonite|Dragonite, L50, F|80/100\n|move|p1b: Snorlax|Encore|p2a: Farigiraf\n|-start|p2a: Farigiraf|Encore\n|move|p2a: Farigiraf|Protect|p2a: Farigiraf\n|-singleturn|p2a: Farigiraf|Protect\n|move|p2b: Rhyperior|Rock Slide|p1b: Snorlax|[spread] p1a,p1b\n|-supereffective|p1a: Dragonite|1\n|-damage|p1a: Dragonite|0 fnt\n|-damage|p1b: Snorlax|48/100\n|faint|p1a: Dragonite\n|-damage|p2b: Rhyperior|80/100|[from] item: Life Orb\n|\n|-heal|p1b: Snorlax|54/100|[from] item: Leftovers\n|upkeep\n|\n|t:|1788343971\n|switch|p1a: Incineroar|Incineroar, L50, F|100/100\n|-ability|p1a: Incineroar|Intimidate|boost\n|-unboost|p2a: Farigiraf|atk|1\n|-unboost|p2b: Rhyperior|atk|1\n|turn|5\n|\n|t:|1788343984\n|switch|p2a: Basculegion|Basculegion, L50, M|100/100\n|move|p1a: Incineroar|Fake Out|p2b: Rhyperior\n|-resisted|p2b: Rhyperior|1\n|-damage|p2b: Rhyperior|77/100\n|move|p1b: Snorlax|Yawn|p2a: Basculegion\n|-start|p2a: Basculegion|move: Yawn|[of] p1b: Snorlax\n|cant|p2b: Rhyperior|flinch\n|\n|-heal|p1b: Snorlax|60/100|[from] item: Leftovers\n|upkeep\n|turn|6\n|\n|t:|1788344003\n|switch|p2a: Farigiraf|Farigiraf, L50, F|4/100\n|move|p1b: Snorlax|Protect|p1b: Snorlax\n|-singleturn|p1b: Snorlax|Protect\n|move|p1a: Incineroar|Protect|p1a: Incineroar\n|-singleturn|p1a: Incineroar|Protect\n|move|p2b: Rhyperior|High Horsepower|p1a: Incineroar\n|-activate|p1a: Incineroar|move: Protect\n|\n|-heal|p1b: Snorlax|67/100|[from] item: Leftovers\n|-fieldend|move: Trick Room\n|upkeep\n|turn|7\n|\n|t:|1788344020\n|move|p2a: Farigiraf|Protect|p2a: Farigiraf\n|-singleturn|p2a: Farigiraf|Protect\n|move|p1a: Incineroar|Flare Blitz|p2a: Farigiraf\n|-activate|p2a: Farigiraf|move: Protect\n|move|p2b: Rhyperior|High Horsepower|p1a: Incineroar\n|-supereffective|p1a: Incineroar|1\n|-damage|p1a: Incineroar|30/100\n|-enditem|p1a: Incineroar|Sitrus Berry|[eat]\n|-heal|p1a: Incineroar|55/100|[from] item: Sitrus Berry\n|-damage|p2b: Rhyperior|67/100|[from] item: Life Orb\n|move|p1b: Snorlax|Yawn|p2b: Rhyperior\n|-start|p2b: Rhyperior|move: Yawn|[of] p1b: Snorlax\n|\n|-heal|p1b: Snorlax|73/100|[from] item: Leftovers\n|upkeep\n|turn|8\n|inactive|Master M-rada has 30 seconds left.\n|inactive|Master M-rada has 20 seconds left.\n|inactive|Master M-rada has 15 seconds left.\n|\n|t:|1788344065\n|switch|p2a: Basculegion|Basculegion, L50, M|100/100\n|move|p1a: Incineroar|Flare Blitz|p2a: Basculegion\n|-resisted|p2a: Basculegion|1\n|-damage|p2a: Basculegion|70/100\n|-damage|p1a: Incineroar|46/100|[from] Recoil\n|move|p2b: Rhyperior|Rock Slide|p1a: Incineroar|[spread] p1a,p1b\n|-supereffective|p1a: Incineroar|1\n|-damage|p1a: Incineroar|3/100\n|-damage|p1b: Snorlax|53/100\n|-damage|p2b: Rhyperior|57/100|[from] item: Life Orb\n|cant|p1b: Snorlax|flinch\n|\n|-heal|p1b: Snorlax|59/100|[from] item: Leftovers\n|-end|p2b: Rhyperior|move: Yawn|[silent]\n|-status|p2b: Rhyperior|slp\n|upkeep\n|turn|9\n|inactive|Master M-rada has 30 seconds left.\n|\n|t:|1788344092\n|move|p2a: Basculegion|Flip Turn|p1a: Incineroar\n|-supereffective|p1a: Incineroar|1\n|-damage|p1a: Incineroar|0 fnt\n|faint|p1a: Incineroar\n|\n|t:|1788344094\n|switch|p2a: Farigiraf|Farigiraf, L50, F|4/100|[from] Flip Turn\n|cant|p2b: Rhyperior|slp\n|move|p1b: Snorlax|Fissure|p2a: Farigiraf\n|-damage|p2a: Farigiraf|0 fnt\n|faint|p2a: Farigiraf\n|-ohko\n|\n|-heal|p1b: Snorlax|65/100|[from] item: Leftovers\n|upkeep\n|\n|t:|1788344104\n|switch|p2a: Basculegion|Basculegion, L50, M|70/100\n|switch|p1a: Gengar|Gengar-Mega, L50, M, shiny|28/100\n|turn|10\n|\n|t:|1788344121\n|move|p2a: Basculegion|Wave Crash|p1b: Snorlax\n|-damage|p1b: Snorlax|14/100\n|-damage|p2a: Basculegion|47/100|[from] Recoil\n|move|p1a: Gengar|Perish Song|p1a: Gengar\n|-start|p1a: Gengar|perish3|[silent]\n|-start|p1b: Snorlax|perish3|[silent]\n|-start|p2a: Basculegion|perish3|[silent]\n|-start|p2b: Rhyperior|perish3|[silent]\n|-fieldactivate|move: Perish Song\n|cant|p2b: Rhyperior|slp\n|move|p1b: Snorlax|Fissure|p2a: Basculegion|[miss]\n|-miss|p1b: Snorlax|p2a: Basculegion\n|\n|-heal|p1b: Snorlax|20/100y|[from] item: Leftovers\n|-start|p2a: Basculegion|perish3\n|-start|p1a: Gengar|perish3\n|-start|p2b: Rhyperior|perish3\n|-start|p1b: Snorlax|perish3\n|upkeep\n|turn|11\n|inactive|Master M-rada has 30 seconds left.\n|\n|t:|1788344152\n|move|p1a: Gengar|Protect|p1a: Gengar\n|-singleturn|p1a: Gengar|Protect\n|move|p1b: Snorlax|Protect|p1b: Snorlax\n|-singleturn|p1b: Snorlax|Protect\n|move|p2a: Basculegion|Wave Crash|p1a: Gengar\n|-activate|p1a: Gengar|move: Protect\n|-curestatus|p2b: Rhyperior|slp|[msg]\n|move|p2b: Rhyperior|High Horsepower|p1b: Snorlax\n|-activate|p1b: Snorlax|move: Protect\n|\n|-heal|p1b: Snorlax|26/100|[from] item: Leftovers\n|-start|p2a: Basculegion|perish2\n|-start|p1a: Gengar|perish2\n|-start|p2b: Rhyperior|perish2\n|-start|p1b: Snorlax|perish2\n|upkeep\n|turn|12\n|\n|t:|1788344177\n|move|p1b: Snorlax|Protect||[still]\n|-fail|p1b: Snorlax\n|move|p2a: Basculegion|Wave Crash|p1a: Gengar\n|-damage|p1a: Gengar|0 fnt\n|faint|p1a: Gengar\n|-damage|p2a: Basculegion|39/100|[from] Recoil\n|move|p2b: Rhyperior|High Horsepower|p1b: Snorlax\n|-damage|p1b: Snorlax|0 fnt\n|faint|p1b: Snorlax\n|-damage|p2b: Rhyperior|47/100|[from] item: Life Orb\n|\n|win|shibikanon\n","uploadtime":1788344177,"views":"1","formatid":"gen9championsvgc2026regmbbo3","rating":null,"private":0,"password":null}