{"id":"gen9championsvgc2026regmb-2674134786","format":"[Gen 9 Champions] VGC 2026 Reg M-B","players":["udilson","JHONUZI"],"log":"|j|☆udilson\n|j|☆JHONUZI\n|t:|1788304253\n|gametype|doubles\n|player|p1|udilson|170|1225\n|player|p2|JHONUZI|ethan|1183\n|gen|9\n|tier|[Gen 9 Champions] VGC 2026 Reg M-B\n|rated|\n|rule|Species Clause: Limit one of each Pokémon\n|rule|Item Clause: Limit 1 of each item\n|clearpoke\n|poke|p1|Scizor, L50, M|\n|poke|p1|Dragonite, L50, F|\n|poke|p1|Pelipper, L50, M|\n|poke|p1|Archaludon, L50, F|\n|poke|p1|Sinistcha, L50|\n|poke|p1|Incineroar, L50, F|\n|poke|p2|Charizard, L50, M, shiny|\n|poke|p2|Venusaur, L50, M|\n|poke|p2|Pelipper, L50, M|\n|poke|p2|Archaludon, L50, M, shiny|\n|poke|p2|Grimmsnarl, L50, M, shiny|\n|poke|p2|Basculegion, L50, M, shiny|\n|teampreview|4\n|inactive|Battle timer is ON: inactive players will automatically lose when time's up. (requested by JHONUZI)\n|\n|t:|1788304303\n|teamsize|p1|4\n|teamsize|p2|4\n|start\n|switch|p1a: Scizor|Scizor, L50, M|100/100\n|switch|p1b: Dragonite|Dragonite, L50, F|100/100\n|switch|p2a: Charizard|Charizard, L50, M, shiny|100/100\n|switch|p2b: Grimmsnarl|Grimmsnarl, L50, M, shiny|100/100\n|turn|1\n|\n|t:|1788304327\n|switch|p2b: Venusaur|Venusaur, L50, M|100/100\n|detailschange|p2a: Charizard|Charizard-Mega-Y, L50, M, shiny\n|-mega|p2a: Charizard|Charizard|Charizardite Y\n|-weather|SunnyDay|[from] ability: Drought|[of] p2a: Charizard\n|detailschange|p1b: Dragonite|Dragonite-Mega, L50, F\n|-mega|p1b: Dragonite|Dragonite|Dragoninite\n|move|p1a: Scizor|Bullet Punch|p2b: Venusaur\n|-damage|p2b: Venusaur|52/100\n|move|p2a: Charizard|Weather Ball|p1a: Scizor\n|-supereffective|p1a: Scizor|2\n|-damage|p1a: Scizor|0 fnt\n|faint|p1a: Scizor\n|move|p1b: Dragonite|Dragon Pulse|p2a: Charizard\n|-damage|p2a: Charizard|48/100\n|\n|-weather|SunnyDay|[upkeep]\n|upkeep\n|inactive|udilson has 30 seconds left.\n|\n|t:|1788304356\n|switch|p1a: Incineroar|Incineroar, L50, F|100/100\n|-ability|p1a: Incineroar|Intimidate|boost\n|-unboost|p2a: Charizard|atk|1\n|-unboost|p2b: Venusaur|atk|1\n|turn|2\n|inactive|udilson has 30 seconds left.\n|\n|t:|1788304390\n|switch|p2a: Grimmsnarl|Grimmsnarl, L50, M, shiny|100/100\n|move|p1a: Incineroar|Fake Out|p2b: Venusaur\n|-damage|p2b: Venusaur|37/100\n|cant|p2b: Venusaur|flinch\n|move|p1b: Dragonite|Dragon Pulse|p2a: Grimmsnarl\n|-immune|p2a: Grimmsnarl\n|\n|-weather|SunnyDay|[upkeep]\n|upkeep\n|turn|3\n|inactive|udilson has 30 seconds left.\n|\n|t:|1788304416\n|move|p1b: Dragonite|Extreme Speed|p2b: Venusaur\n|-damage|p2b: Venusaur|11/100\n|move|p2a: Grimmsnarl|Reflect|p2a: Grimmsnarl\n|-sidestart|p2: JHONUZI|Reflect\n|move|p2b: Venusaur|Sludge Bomb|p1b: Dragonite\n|-damage|p1b: Dragonite|76/100\n|-damage|p2b: Venusaur|2/100|[from] item: Life Orb\n|move|p1a: Incineroar|Flare Blitz|p2a: Grimmsnarl\n|-damage|p2a: Grimmsnarl|37/100\n|-damage|p1a: Incineroar|76/100|[from] Recoil\n|\n|-weather|SunnyDay|[upkeep]\n|upkeep\n|turn|4\n|inactive|JHONUZI has 30 seconds left.\n|\n|t:|1788304445\n|move|p1b: Dragonite|Extreme Speed|p2b: Venusaur\n|-damage|p2b: Venusaur|0 fnt\n|faint|p2b: Venusaur\n|move|p2a: Grimmsnarl|Light Screen|p2a: Grimmsnarl\n|-sidestart|p2: JHONUZI|move: Light Screen\n|move|p1a: Incineroar|Flare Blitz|p2a: Grimmsnarl\n|-crit|p2a: Grimmsnarl\n|-damage|p2a: Grimmsnarl|0 fnt\n|faint|p2a: Grimmsnarl\n|-damage|p1a: Incineroar|62/100|[from] Recoil\n|\n|-weather|SunnyDay|[upkeep]\n|upkeep\n|\n|t:|1788304451\n|switch|p2b: Charizard|Charizard-Mega-Y, L50, M, shiny|48/100\n|switch|p2a: Basculegion|Basculegion, L50, M, shiny|100/100\n|turn|5\n|\n|t:|1788304473\n|switch|p1a: Pelipper|Pelipper, L50, M|100/100\n|-weather|RainDance|[from] ability: Drizzle|[of] p1a: Pelipper\n|move|p2a: Basculegion|Last Respects|p1b: Dragonite\n|-damage|p1b: Dragonite|0 fnt\n|faint|p1b: Dragonite\n|move|p2b: Charizard|Weather Ball|p1a: Pelipper\n|-resisted|p1a: Pelipper|1\n|-damage|p1a: Pelipper|51/100\n|\n|-weather|RainDance|[upkeep]\n|upkeep\n|\n|t:|1788304486\n|switch|p1b: Incineroar|Incineroar, L50, F|62/100\n|-ability|p1b: Incineroar|Intimidate|boost\n|-unboost|p2a: Basculegion|atk|1\n|-unboost|p2b: Charizard|atk|1\n|turn|6\n|\n|t:|1788304495\n|move|p1b: Incineroar|Fake Out|p2b: Charizard\n|-damage|p2b: Charizard|36/100\n|move|p2a: Basculegion|Last Respects|p1a: Pelipper\n|-damage|p1a: Pelipper|0 fnt\n|faint|p1a: Pelipper\n|cant|p2b: Charizard|flinch\n|\n|-weather|RainDance|[upkeep]\n|upkeep\n|turn|7\n|\n|t:|1788304510\n|move|p2a: Basculegion|Last Respects|p1b: Incineroar\n|-resisted|p1b: Incineroar|1\n|-damage|p1b: Incineroar|32/100\n|-enditem|p1b: Incineroar|Sitrus Berry|[eat]\n|-heal|p1b: Incineroar|57/100|[from] item: Sitrus Berry\n|move|p2b: Charizard|Weather Ball|p1b: Incineroar\n|-supereffective|p1b: Incineroar|1\n|-damage|p1b: Incineroar|0 fnt\n|faint|p1b: Incineroar\n|\n|win|JHONUZI\n|raw|udilson's rating: 1225 &rarr; <strong>1197</strong><br />(-28 for losing)\n|raw|JHONUZI's rating: 1183 &rarr; <strong>1211</strong><br />(+28 for winning)\n|l|☆udilson\n|player|p1|\n","uploadtime":1788304523,"views":"1","formatid":"gen9championsvgc2026regmb","rating":1197,"private":0,"password":null}