{"id":"gen9championsvgc2026regmb-2674346559","format":"[Gen 9 Champions] VGC 2026 Reg M-B","players":["Ohiguvu","fdstreetking"],"log":"|j|☆Ohiguvu\n|j|☆fdstreetking\n|t:|1788346006\n|gametype|doubles\n|player|p1|Ohiguvu|2|1039\n|player|p2|fdstreetking|265|1054\n|gen|9\n|tier|[Gen 9 Champions] VGC 2026 Reg M-B\n|rated|\n|rule|Species Clause: Limit one of each Pokémon\n|rule|Item Clause: Limit 1 of each item\n|clearpoke\n|poke|p1|Chandelure, L50, M|\n|poke|p1|Meowstic, L50, M|\n|poke|p1|Malamar, L50, M|\n|poke|p1|Whimsicott, L50, F, shiny|\n|poke|p1|Grimmsnarl, L50, M|\n|poke|p1|Basculegion, L50, M|\n|poke|p2|Eelektross, L50, F|\n|poke|p2|Pelipper, L50, F|\n|poke|p2|Mamoswine, L50, F|\n|poke|p2|Sinistcha, L50|\n|poke|p2|Kingambit, L50, M|\n|poke|p2|Blaziken, L50, M|\n|teampreview|4\n|inactive|Battle timer is ON: inactive players will automatically lose when time's up. (requested by Ohiguvu)\n|\n|t:|1788346054\n|teamsize|p1|4\n|teamsize|p2|4\n|start\n|switch|p1a: Grimmsnarl|Grimmsnarl, L50, M|100/100\n|switch|p1b: Malamar|Malamar, L50, M|100/100\n|switch|p2a: Blaziken|Blaziken, L50, M|100/100\n|switch|p2b: Kingambit|Kingambit, L50, M|100/100\n|turn|1\n|\n|t:|1788346079\n|move|p2a: Blaziken|Rock Slide|p1b: Malamar|[spread] p1a,p1b\n|-crit|p1b: Malamar\n|-damage|p1a: Grimmsnarl|70/100\n|-damage|p1b: Malamar|69/100\n|move|p1b: Malamar|Superpower|p2b: Kingambit\n|-supereffective|p2b: Kingambit|2\n|-damage|p2b: Kingambit|0 fnt\n|-boost|p1b: Malamar|atk|1\n|-boost|p1b: Malamar|def|1\n|faint|p2b: Kingambit\n|cant|p1a: Grimmsnarl|flinch\n|\n|-ability|p2a: Blaziken|Speed Boost|boost\n|-boost|p2a: Blaziken|spe|1\n|upkeep\n|\n|t:|1788346091\n|switch|p2b: Pelipper|Pelipper, L50, F|100/100\n|-weather|RainDance|[from] ability: Drizzle|[of] p2b: Pelipper\n|turn|2\n|inactive|Ohiguvu has 30 seconds left.\n|inactive|Ohiguvu has 20 seconds left.\n|inactive|Ohiguvu has 15 seconds left.\n|\n|t:|1788346134\n|move|p2a: Blaziken|Baton Pass|p2a: Blaziken\n|\n|t:|1788346136\n|switch|p2a: Eelektross|Eelektross, L50, F|100/100|[from] Baton Pass\n|move|p1b: Malamar|Superpower|p2a: Eelektross\n|-damage|p2a: Eelektross|42/100\n|-boost|p1b: Malamar|atk|1\n|-boost|p1b: Malamar|def|1\n|move|p2b: Pelipper|Hurricane|p1b: Malamar\n|-damage|p1b: Malamar|27/100\n|move|p1a: Grimmsnarl|Spirit Break|p2b: Pelipper\n|-damage|p2b: Pelipper|53/100\n|-unboost|p2b: Pelipper|spa|1\n|\n|-weather|RainDance|[upkeep]\n|upkeep\n|turn|3\n|inactive|fdstreetking has 30 seconds left.\n|\n|t:|1788346170\n|detailschange|p2a: Eelektross|Eelektross-Mega, L50, F\n|-mega|p2a: Eelektross|Eelektross|Eelektrossite\n|move|p1b: Malamar|Protect|p1b: Malamar\n|-singleturn|p1b: Malamar|Protect\n|move|p2b: Pelipper|Wide Guard|p2b: Pelipper\n|-singleturn|p2b: Pelipper|Wide Guard\n|move|p2a: Eelektross|Discharge|p1b: Malamar|[spread] p1a\n|-activate|p2b: Pelipper|move: Wide Guard\n|-activate|p1b: Malamar|move: Protect\n|-damage|p1a: Grimmsnarl|28/100\n|move|p1a: Grimmsnarl|Spirit Break|p2b: Pelipper\n|-damage|p2b: Pelipper|7/100\n|-unboost|p2b: Pelipper|spa|1\n|\n|-weather|RainDance|[upkeep]\n|upkeep\n|turn|4\n|inactive|Ohiguvu has 30 seconds left.\n|\n|t:|1788346196\n|move|p2a: Eelektross|Discharge|p1b: Malamar|[spread] p2b,p1a,p1b\n|-supereffective|p2b: Pelipper|2\n|-damage|p2b: Pelipper|0 fnt\n|-damage|p1a: Grimmsnarl|0 fnt\n|-damage|p1b: Malamar|0 fnt\n|faint|p2b: Pelipper\n|faint|p1a: Grimmsnarl\n|faint|p1b: Malamar\n|-ability|p2a: Eelektross|Eelevate|boost\n|-boost|p2a: Eelektross|spa|3\n|\n|-weather|RainDance|[upkeep]\n|upkeep\n|\n|t:|1788346205\n|switch|p1b: Basculegion|Basculegion, L50, M|100/100\n|switch|p2b: Blaziken|Blaziken, L50, M|100/100\n|switch|p1a: Chandelure|Chandelure, L50, M|100/100\n|turn|5\n|\n|t:|1788346226\n|detailschange|p1a: Chandelure|Chandelure-Mega, L50, M\n|-mega|p1a: Chandelure|Chandelure|Chandelurite\n|move|p2a: Eelektross|Protect|p2a: Eelektross\n|-singleturn|p2a: Eelektross|Protect\n|move|p2b: Blaziken|Rock Slide|p1a: Chandelure|[spread] p1a,p1b\n|-supereffective|p1a: Chandelure|1\n|-damage|p1a: Chandelure|59/100\n|-damage|p1b: Basculegion|76/100\n|cant|p1a: Chandelure|flinch\n|move|p1b: Basculegion|Last Respects|p2a: Eelektross\n|-activate|p2a: Eelektross|move: Protect\n|\n|-weather|RainDance|[upkeep]\n|-ability|p2b: Blaziken|Speed Boost|boost\n|-boost|p2b: Blaziken|spe|1\n|upkeep\n|turn|6\n|inactive|fdstreetking has 30 seconds left.\n|\n|t:|1788346257\n|move|p2b: Blaziken|Protect|p2b: Blaziken\n|-singleturn|p2b: Blaziken|Protect\n|move|p2a: Eelektross|Discharge|p1a: Chandelure|[spread] p1a,p1b\n|-activate|p2b: Blaziken|move: Protect\n|-supereffective|p1b: Basculegion|1\n|-damage|p1a: Chandelure|0 fnt\n|-damage|p1b: Basculegion|0 fnt\n|faint|p1a: Chandelure\n|faint|p1b: Basculegion\n|\n|win|fdstreetking\n|raw|Ohiguvu's rating: 1039 &rarr; <strong>1024</strong><br />(-15 for losing)\n|raw|fdstreetking's rating: 1054 &rarr; <strong>1085</strong><br />(+31 for winning)\n|l|☆Ohiguvu\n|player|p1|\n","uploadtime":1788346328,"views":"16","formatid":"gen9championsvgc2026regmb","rating":1024,"private":0,"password":null}