{"id":"gen9championsvgc2026regmb-2674146521","format":"[Gen 9 Champions] VGC 2026 Reg M-B","players":["witherino","sherlocktopus"],"log":"|j|☆witherino\n|j|☆sherlocktopus\n|html|<table width=\"100%\"><tr><td align=\"left\">witherino</td><td align=\"right\">sherlocktopus</tr><tr><td align=\"left\"><i class=\"fa fa-circle\"></i> <i class=\"fa fa-circle-o\"></i> </td><td align=\"right\"><i class=\"fa fa-circle-o\"></i> <i class=\"fa fa-circle-o\"></i> </tr></table>\n|uhtml|bestof|<h2><strong>Game 2</strong> of <a href=\"/game-bestof3-gen9championsvgc2026regmb-2674143952\">a best-of-3</a></h2>\n|t:|1788306050\n|gametype|doubles\n|player|p1|witherino|102|\n|player|p2|sherlocktopus|gentleman-gen4|\n|gen|9\n|tier|[Gen 9 Champions] VGC 2026 Reg M-B\n|rule|Species Clause: Limit one of each Pokémon\n|rule|Item Clause: Limit 1 of each item\n|raw|<div class=\"infobox\"><details class=\"readmore\" open><summary><strong>1 custom rule:</strong></summary> Best of = 3</details></div>\n|clearpoke\n|poke|p1|Scizor, L50, M, shiny|\n|poke|p1|Sableye, L50, M, shiny|\n|poke|p1|Chesnaught, L50, M|\n|poke|p1|Greninja, L50, F, shiny|\n|poke|p1|Grimmsnarl, L50, M, shiny|\n|poke|p1|Weavile, L50, F, shiny|\n|poke|p2|Rhyperior, L50, F|\n|poke|p2|Aerodactyl, L50, F|\n|poke|p2|Tyranitar, L50, M|\n|poke|p2|Simisear, L50, M|\n|poke|p2|Meganium, L50, M|\n|poke|p2|Mr. Rime, L50, F, shiny|\n|teampreview|4\n|j| EyeOhMoth\n|j| LotsofLeppa\nsherlocktopus rejected open team sheets.\n|\n|t:|1788306098\n|teamsize|p1|4\n|teamsize|p2|4\n|start\n|switch|p1a: jwittz|Scizor, L50, M, shiny|100/100\n|switch|p1b: lil uzi vert|Sableye, L50, M, shiny|100/100\n|switch|p2a: Wailordactyl|Aerodactyl, L50, F|100/100\n|switch|p2b: Wailorisear|Simisear, L50, M|100/100\n|-ability|p2a: Wailordactyl|Unnerve\n|turn|1\n|\n|t:|1788306133\n|detailschange|p1b: lil uzi vert|Sableye-Mega, L50, M, shiny\n|-mega|p1b: lil uzi vert|Sableye|Sablenite\n|move|p1a: jwittz|Protect|p1a: jwittz\n|-singleturn|p1a: jwittz|Protect\n|move|p2b: Wailorisear|Fake Out|p1a: jwittz\n|-activate|p1a: jwittz|move: Protect\n|move|p2a: Wailordactyl|Rock Slide|p1b: lil uzi vert|[spread] p1b\n|-activate|p1a: jwittz|move: Protect\n|-damage|p1b: lil uzi vert|75/100\n|-damage|p2a: Wailordactyl|90/100|[from] item: Life Orb\n|move|p1b: lil uzi vert|Foul Play|p2a: Wailordactyl\n|-crit|p2a: Wailordactyl\n|-damage|p2a: Wailordactyl|0 fnt\n|faint|p2a: Wailordactyl\n|\n|upkeep\n|\n|t:|1788306149\n|switch|p2a: Mega Wailornitar|Tyranitar, L50, M|100/100\n|-weather|Sandstorm|[from] ability: Sand Stream|[of] p2a: Mega Wailornitar\n|turn|2\n|c|☆witherino|:(\n|\n|t:|1788306170\n|move|p1a: jwittz|Bullet Punch|p2a: Mega Wailornitar\n|-supereffective|p2a: Mega Wailornitar|1\n|-damage|p2a: Mega Wailornitar|27/100\n|-damage|p1a: jwittz|90/100|[from] item: Life Orb\n|move|p2b: Wailorisear|Heat Wave|p1a: jwittz|[spread] p1a,p1b\n|-supereffective|p1a: jwittz|2\n|-damage|p1a: jwittz|0 fnt\n|-damage|p1b: lil uzi vert|38/100\n|faint|p1a: jwittz\n|move|p2a: Mega Wailornitar|Rock Slide|p1b: lil uzi vert\n|-damage|p1b: lil uzi vert|8/100\n|move|p1b: lil uzi vert|Foul Play|p2b: Wailorisear\n|-damage|p2b: Wailorisear|48/100\n|\n|-weather|Sandstorm|[upkeep]\n|-damage|p2b: Wailorisear|42/100|[from] Sandstorm\n|-damage|p1b: lil uzi vert|3/100|[from] Sandstorm\n|upkeep\n|\n|t:|1788306197\n|switch|p1a: lickylicky|Greninja, L50, F, shiny|100/100\n|turn|3\n|\n|t:|1788306255\n|move|p1a: lickylicky|Protect|p1a: lickylicky\n|-start|p1a: lickylicky|typechange|Normal|[from] ability: Protean\n|-singleturn|p1a: lickylicky|Protect\n|move|p2a: Mega Wailornitar|Protect|p2a: Mega Wailornitar\n|-singleturn|p2a: Mega Wailornitar|Protect\n|move|p2b: Wailorisear|Heat Wave|p1b: lil uzi vert|[spread] p1b\n|-activate|p1a: lickylicky|move: Protect\n|-damage|p1b: lil uzi vert|0 fnt\n|faint|p1b: lil uzi vert\n|\n|-weather|Sandstorm|[upkeep]\n|-damage|p1a: lickylicky|93/100|[from] Sandstorm\n|-damage|p2b: Wailorisear|36/100|[from] Sandstorm\n|upkeep\n|\n|t:|1788306261\n|switch|p1b: Iced out|Weavile, L50, F, shiny|100/100\n|turn|4\n|\n|t:|1788306318\n|move|p1b: Iced out|Low Kick|p2b: Wailorisear\n|-damage|p2b: Wailorisear|0 fnt\n|faint|p2b: Wailorisear\n|move|p1a: lickylicky|Low Kick|p2a: Mega Wailornitar\n|-supereffective|p2a: Mega Wailornitar|2\n|-damage|p2a: Mega Wailornitar|0 fnt\n|faint|p2a: Mega Wailornitar\n|\n|-weather|Sandstorm|[upkeep]\n|-damage|p1b: Iced out|93/100|[from] Sandstorm\n|-damage|p1a: lickylicky|87/100|[from] Sandstorm\n|upkeep\n|\n|t:|1788306328\n|switch|p2a: Wailorior|Rhyperior, L50, F|100/100\n|turn|5\n|\n|t:|1788306350\n|move|p2a: Wailorior|Protect|p2a: Wailorior\n|-singleturn|p2a: Wailorior|Protect\n|move|p1b: Iced out|Low Kick|p2a: Wailorior\n|-activate|p2a: Wailorior|move: Protect\n|move|p1a: lickylicky|Low Kick|p2a: Wailorior\n|-activate|p2a: Wailorior|move: Protect\n|\n|-weather|Sandstorm|[upkeep]\n|-damage|p1b: Iced out|87/100|[from] Sandstorm\n|-damage|p1a: lickylicky|81/100|[from] Sandstorm\n|upkeep\n|turn|6\n|\n|t:|1788306365\n|move|p1b: Iced out|Low Kick|p2a: Wailorior\n|-supereffective|p2a: Wailorior|1\n|-damage|p2a: Wailorior|63/100\n|move|p1a: lickylicky|Low Kick|p2a: Wailorior\n|-supereffective|p2a: Wailorior|1\n|-damage|p2a: Wailorior|31/100\n|move|p2a: Wailorior|Earthquake|p1b: Iced out|[spread] p1a,p1b\n|-damage|p1a: lickylicky|0 fnt\n|-damage|p1b: Iced out|4/100\n|faint|p1a: lickylicky\n|\n|-weather|none\n|upkeep\n|turn|7\n|j| DiscoDadVibes\n|\n|t:|1788306427\n|move|p1b: Iced out|Low Kick|p2a: Wailorior\n|-supereffective|p2a: Wailorior|1\n|-crit|p2a: Wailorior\n|-damage|p2a: Wailorior|0 fnt\n|faint|p2a: Wailorior\n|\n|win|witherino\n|l|☆sherlocktopus\n|player|p2|\n|c| LotsofLeppa|good game y'all, man sand running out one turn too early\n|c| EyeOhMoth|FRRRRRRR\n|l| DiscoDadVibes\n","uploadtime":1788306515,"views":"23","formatid":"gen9championsvgc2026regmb","rating":null,"private":0,"password":null}