{"id":"gen9championsvgc2026regmb-2674068111","format":"[Gen 9 Champions] VGC 2026 Reg M-B","players":["medicalbonsai","Elektriktoad2"],"log":"|j|☆medicalbonsai\n|j|☆Elektriktoad2\n|t:|1788294824\n|gametype|doubles\n|player|p1|medicalbonsai|266|1583\n|player|p2|Elektriktoad2|janine|1762\n|gen|9\n|tier|[Gen 9 Champions] VGC 2026 Reg M-B\n|rated|\n|rule|Species Clause: Limit one of each Pokémon\n|rule|Item Clause: Limit 1 of each item\n|clearpoke\n|poke|p1|Scrafty, L50, M|\n|poke|p1|Primarina, L50, F|\n|poke|p1|Gholdengo, L50|\n|poke|p1|Sinistcha, L50|\n|poke|p1|Ceruledge, L50, M|\n|poke|p1|Aerodactyl, L50, M|\n|poke|p2|Victreebel, L50, F|\n|poke|p2|Sneasler, L50, F|\n|poke|p2|Corviknight, L50, M|\n|poke|p2|Sableye, L50, M|\n|poke|p2|Kingambit, L50, F|\n|poke|p2|Raichu, L50, M|\n|teampreview|4\n|j| bdger\n|inactive|Battle timer is ON: inactive players will automatically lose when time's up. (requested by medicalbonsai)\n|\n|t:|1788294935\n|teamsize|p1|4\n|teamsize|p2|4\n|start\n|switch|p1a: Ceruledge|Ceruledge, L50, M|100/100\n|switch|p1b: Gholdengo|Gholdengo, L50|100/100\n|switch|p2a: Victreebel|Victreebel, L50, F|100/100\n|switch|p2b: Sneasler|Sneasler, L50, F|100/100\n|turn|1\n|\n|t:|1788294952\n|detailschange|p2a: Victreebel|Victreebel-Mega, L50, F\n|-mega|p2a: Victreebel|Victreebel|Victreebelite\n|move|p1a: Ceruledge|Flare Blitz|p2a: Victreebel\n|-supereffective|p2a: Victreebel|1\n|-damage|p2a: Victreebel|0 fnt\n|-damage|p1a: Ceruledge|0 fnt|[from] ability: Innards Out|[of] p2a: Victreebel\n|faint|p2a: Victreebel\n|faint|p1a: Ceruledge\n|move|p2b: Sneasler|Dire Claw|p1b: Gholdengo\n|-immune|p1b: Gholdengo\n|move|p1b: Gholdengo|Nasty Plot|p1b: Gholdengo\n|-boost|p1b: Gholdengo|spa|2\n|\n|upkeep\n|\n|t:|1788294976\n|switch|p1a: Aerodactyl|Aerodactyl, L50, M|100/100\n|switch|p2a: Kingambit|Kingambit, L50, F|100/100\n|-ability|p1a: Aerodactyl|Unnerve\n|turn|2\n|inactive|medicalbonsai has 30 seconds left.\n|inactive|Elektriktoad2 has 30 seconds left.\n|inactive|Elektriktoad2 has 20 seconds left.\n|inactive|Elektriktoad2 has 15 seconds left.\n|\n|t:|1788295017\n|move|p2b: Sneasler|Protect|p2b: Sneasler\n|-singleturn|p2b: Sneasler|Protect\n|move|p1b: Gholdengo|Protect|p1b: Gholdengo\n|-singleturn|p1b: Gholdengo|Protect\n|move|p1a: Aerodactyl|Dual Wingbeat|p2b: Sneasler\n|-activate|p2b: Sneasler|move: Protect\n|move|p2a: Kingambit|Kowtow Cleave|p1b: Gholdengo\n|-activate|p1b: Gholdengo|move: Protect\n|\n|upkeep\n|turn|3\n|\n|t:|1788295030\n|switch|p2b: Corviknight|Corviknight, L50, M|100/100\n|switch|p1b: Scrafty|Scrafty, L50, M|100/100\n|-ability|p1b: Scrafty|Intimidate|boost\n|-unboost|p2a: Kingambit|atk|1\n|-ability|p2a: Kingambit|Defiant|boost\n|-boost|p2a: Kingambit|atk|2\n|-ability|p2b: Corviknight|Mirror Armor\n|-unboost|p1b: Scrafty|atk|1\n|move|p2a: Kingambit|Sucker Punch||[still]\n|-fail|p2a: Kingambit\n|move|p1a: Aerodactyl|Tailwind|p1a: Aerodactyl\n|-sidestart|p1: medicalbonsai|move: Tailwind\n|\n|upkeep\n|turn|4\n|\n|t:|1788295054\n|switch|p1a: Gholdengo|Gholdengo, L50|100/100\n|move|p2a: Kingambit|Protect|p2a: Kingambit\n|-singleturn|p2a: Kingambit|Protect\n|move|p1b: Scrafty|Drain Punch|p2a: Kingambit\n|-activate|p2a: Kingambit|move: Protect\n|move|p2b: Corviknight|Iron Defense|p2b: Corviknight\n|-boost|p2b: Corviknight|def|2\n|\n|upkeep\n|turn|5\n|l| bdger\n|\n|t:|1788295067\n|switch|p2a: Sneasler|Sneasler, L50, F|100/100\n|move|p1a: Gholdengo|Nasty Plot|p1a: Gholdengo\n|-boost|p1a: Gholdengo|spa|2\n|move|p1b: Scrafty|Drain Punch|p2a: Sneasler\n|-resisted|p2a: Sneasler|1\n|-damage|p2a: Sneasler|82/100\n|move|p2b: Corviknight|Body Press|p1b: Scrafty\n|-supereffective|p1b: Scrafty|1\n|-damage|p1b: Scrafty|9/100\n|\n|upkeep\n|turn|6\n|j| erwgergergeg\n|l| erwgergergeg\n|j| erwgergergeg\n|\n|t:|1788295089\n|switch|p1b: Aerodactyl|Aerodactyl, L50, M|100/100\n|-ability|p1b: Aerodactyl|Unnerve\n|move|p2a: Sneasler|Feint|p1b: Aerodactyl\n|-resisted|p1b: Aerodactyl|1\n|-crit|p1b: Aerodactyl\n|-damage|p1b: Aerodactyl|87/100\n|move|p1a: Gholdengo|Shadow Ball|p2b: Corviknight\n|-damage|p2b: Corviknight|0 fnt\n|faint|p2b: Corviknight\n|-damage|p1a: Gholdengo|90/100|[from] item: Life Orb\n|\n|-sideend|p1: medicalbonsai|move: Tailwind\n|upkeep\n|\n|t:|1788295093\n|switch|p2b: Kingambit|Kingambit, L50, F|100/100\n|turn|7\n|l| erwgergergeg\n|inactive|Elektriktoad2 has 30 seconds left.\n|\n|t:|1788295119\n|move|p2b: Kingambit|Sucker Punch|p1a: Gholdengo\n|-supereffective|p1a: Gholdengo|1\n|-damage|p1a: Gholdengo|6/100\n|move|p1b: Aerodactyl|Tailwind|p1b: Aerodactyl\n|-sidestart|p1: medicalbonsai|move: Tailwind\n|move|p1a: Gholdengo|Make It Rain|p2b: Kingambit|[spread] p2a,p2b\n|-resisted|p2b: Kingambit|1\n|-damage|p2a: Sneasler|0 fnt\n|-damage|p2b: Kingambit|37/100\n|-unboost|p1a: Gholdengo|spa|2\n|faint|p2a: Sneasler\n|-damage|p1a: Gholdengo|0 fnt|[from] item: Life Orb\n|faint|p1a: Gholdengo\n|\n|upkeep\n|inactive|medicalbonsai has 30 seconds left.\n|inactive|medicalbonsai has 20 seconds left.\n|\n|t:|1788295156\n|switch|p1a: Scrafty|Scrafty, L50, M|9/100\n|-ability|p1a: Scrafty|Intimidate|boost\n|-unboost|p2b: Kingambit|atk|1\n|-ability|p2b: Kingambit|Defiant|boost\n|-boost|p2b: Kingambit|atk|2\n|turn|8\n|\n|t:|1788295174\n|move|p2b: Kingambit|Protect|p2b: Kingambit\n|-singleturn|p2b: Kingambit|Protect\n|move|p1b: Aerodactyl|Rock Slide|p2b: Kingambit\n|-activate|p2b: Kingambit|move: Protect\n|move|p1a: Scrafty|Drain Punch|p2b: Kingambit\n|-activate|p2b: Kingambit|move: Protect\n|\n|upkeep\n|turn|9\n|\n|t:|1788295184\n|move|p2b: Kingambit|Sucker Punch|p1a: Scrafty\n|-resisted|p1a: Scrafty|2\n|-damage|p1a: Scrafty|0 fnt\n|faint|p1a: Scrafty\n|move|p1b: Aerodactyl|Rock Slide|p2b: Kingambit\n|-resisted|p2b: Kingambit|1\n|-damage|p2b: Kingambit|24/100\n|\n|upkeep\n|turn|10\n|\n|t:|1788295204\n|move|p1b: Aerodactyl|Rock Slide|p2b: Kingambit\n|-resisted|p2b: Kingambit|1\n|-damage|p2b: Kingambit|13/100\n|cant|p2b: Kingambit|flinch\n|\n|-sideend|p1: medicalbonsai|move: Tailwind\n|upkeep\n|turn|11\n|\n|t:|1788295210\n|move|p1b: Aerodactyl|Rock Slide|p2b: Kingambit\n|-resisted|p2b: Kingambit|1\n|-damage|p2b: Kingambit|1/100\n|move|p2b: Kingambit|Iron Head|p1b: Aerodactyl\n|-supereffective|p1b: Aerodactyl|1\n|-damage|p1b: Aerodactyl|0 fnt\n|faint|p1b: Aerodactyl\n|\n|win|Elektriktoad2\n|raw|medicalbonsai's rating: 1583 &rarr; <strong>1572</strong><br />(-11 for losing)\n|raw|Elektriktoad2's rating: 1745 &rarr; <strong>1756</strong><br />(+11 for winning)\n","uploadtime":1788295215,"views":"4","formatid":"gen9championsvgc2026regmb","rating":1572,"private":0,"password":null}