{"id":"gen9championsvgc2026regmbbo3-2673271837","format":"[Gen 9 Champions] VGC 2026 Reg M-B (Bo3)","players":["ihatecalyrexes","polichetodattacco"],"log":"|j|☆ihatecalyrexes\n|j|☆polichetodattacco\n|html|<table width=\"100%\"><tr><td align=\"left\">ihatecalyrexes</td><td align=\"right\">polichetodattacco</tr><tr><td align=\"left\"><i class=\"fa fa-circle\"></i> <i class=\"fa fa-circle-o\"></i> </td><td align=\"right\"><i class=\"fa fa-circle-o\"></i> <i class=\"fa fa-circle\"></i> </tr></table>\n|uhtml|bestof|<h2><strong>Game 3</strong> of <a href=\"/game-bestof3-gen9championsvgc2026regmbbo3-2673269179\">a best-of-3</a></h2>\n|t:|1788174226\n|gametype|doubles\n|player|p1|ihatecalyrexes|hilbert|1079\n|player|p2|polichetodattacco|clown|1128\n|gen|9\n|tier|[Gen 9 Champions] VGC 2026 Reg M-B (Bo3)\n|rated|\n|rule|Species Clause: Limit one of each Pokémon\n|rule|Item Clause: Limit 1 of each item\n|clearpoke\n|poke|p1|Gholdengo, L50|\n|poke|p1|Staraptor, L50, F|\n|poke|p1|Tyranitar, L50, M|\n|poke|p1|Excadrill, L50, M|\n|poke|p1|Whimsicott, L50, M|\n|poke|p1|Hydreigon, L50, F|\n|poke|p2|Farigiraf, L50, F|\n|poke|p2|Camerupt, L50, F|\n|poke|p2|Abomasnow, L50, F|\n|poke|p2|Sneasler, L50, F|\n|poke|p2|Vanilluxe, L50, F|\n|poke|p2|Incineroar, L50, F|\n|teampreview|4\n|showteam|p1|Gholdengo||LifeOrb|GoodasGold|MakeItRain,ShadowBall,NastyPlot,Protect|Modest|||||50|]Staraptor||Staraptite|Intimidate|CloseCombat,BraveBird,Tailwind,Protect|Jolly||F|||50|]Tyranitar||ChopleBerry|SandStream|RockSlide,KnockOff,LowKick,Protect|Adamant||M|||50|]Excadrill||ExpertBelt|SandRush|IronHead,Earthquake,RockSlide,Protect|Adamant||M|||50|]Whimsicott||FocusSash|Prankster|Charm,Tailwind,Moonblast,Protect|Bold||M|||50|]Hydreigon||ChoiceScarf|Levitate|HeatWave,DracoMeteor,DarkPulse,DragonPulse|Modest||F|||50|\n|showteam|p2|Farigiraf||SitrusBerry|ArmorTail|TrickRoom,HyperVoice,HelpingHand,PsychicFangs|Sassy||F|||50|]Camerupt||Cameruptite|SolidRock|Protect,Eruption,EarthPower,AncientPower|Quiet||F|||50|]Abomasnow||Abomasite|SnowWarning|Blizzard,EarthPower,EnergyBall,Protect|Quiet||F|||50|]Sneasler||WhiteHerb|Unburden|DireClaw,CloseCombat,FakeOut,Protect|Jolly||F|||50|]Vanilluxe||NeverMeltIce|SnowWarning|AuroraVeil,Blizzard,FreezeDry,Protect|Sassy||F|||50|]Incineroar||LifeOrb|Intimidate|FakeOut,PartingShot,FlareBlitz,DarkestLariat|Brave||F|||50|\n|inactive|Battle timer is ON: inactive players will automatically lose when time's up. (requested by polichetodattacco)\n|\n|t:|1788174259\n|teamsize|p1|4\n|teamsize|p2|4\n|start\n|switch|p1a: STRIDE VOLLACHIA|Staraptor, L50, F|100/100\n|switch|p1b: Whimsicott|Whimsicott, L50, M|100/100\n|switch|p2a: Sneasler|Sneasler, L50, F|100/100\n|switch|p2b: Vanilluxe|Vanilluxe, L50, F|100/100\n|-ability|p1a: STRIDE VOLLACHIA|Intimidate|boost\n|-unboost|p2a: Sneasler|atk|1\n|-unboost|p2b: Vanilluxe|atk|1\n|-weather|Snowscape|[from] ability: Snow Warning|[of] p2b: Vanilluxe\n|-enditem|p2a: Sneasler|White Herb\n|-clearnegativeboost|p2a: Sneasler|[silent]\n|turn|1\n|inactive|ihatecalyrexes has 30 seconds left.\n|inactive|polichetodattacco has 30 seconds left.\n|inactive|ihatecalyrexes has 20 seconds left.\n|\n|t:|1788174295\n|switch|p1b: Tyranitar|Tyranitar, L50, M|100/100\n|-weather|Sandstorm|[from] ability: Sand Stream|[of] p1b: Tyranitar\n|detailschange|p1a: STRIDE VOLLACHIA|Staraptor-Mega, L50, F\n|-mega|p1a: STRIDE VOLLACHIA|Staraptor|Staraptite\n|move|p1a: STRIDE VOLLACHIA|Protect|p1a: STRIDE VOLLACHIA\n|-singleturn|p1a: STRIDE VOLLACHIA|Protect\n|move|p2a: Sneasler|Fake Out|p1a: STRIDE VOLLACHIA\n|-activate|p1a: STRIDE VOLLACHIA|move: Protect\n|move|p2b: Vanilluxe|Blizzard|p1a: STRIDE VOLLACHIA|[spread] p1b\n|-activate|p1a: STRIDE VOLLACHIA|move: Protect\n|-damage|p1b: Tyranitar|72/100\n|\n|-weather|Sandstorm|[upkeep]\n|-damage|p2a: Sneasler|94/100|[from] Sandstorm\n|-damage|p1a: STRIDE VOLLACHIA|94/100|[from] Sandstorm\n|-damage|p2b: Vanilluxe|93/100|[from] Sandstorm\n|upkeep\n|turn|2\n|inactive|ihatecalyrexes has 30 seconds left.\n|\n|t:|1788174323\n|switch|p1b: Whimsicott|Whimsicott, L50, M|100/100\n|switch|p2b: Farigiraf|Farigiraf, L50, F|100/100\n|move|p2a: Sneasler|Protect|p2a: Sneasler\n|-singleturn|p2a: Sneasler|Protect\n|move|p1a: STRIDE VOLLACHIA|Close Combat|p2b: Farigiraf\n|-damage|p2b: Farigiraf|39/100\n|-boost|p1a: STRIDE VOLLACHIA|def|1\n|-boost|p1a: STRIDE VOLLACHIA|spd|1\n|-enditem|p2b: Farigiraf|Sitrus Berry|[eat]\n|-heal|p2b: Farigiraf|63/100|[from] item: Sitrus Berry\n|\n|-weather|Sandstorm|[upkeep]\n|-damage|p2a: Sneasler|88/100|[from] Sandstorm\n|-damage|p1a: STRIDE VOLLACHIA|88/100|[from] Sandstorm\n|-damage|p1b: Whimsicott|94/100|[from] Sandstorm\n|-damage|p2b: Farigiraf|57/100|[from] Sandstorm\n|upkeep\n|turn|3\n|inactive|polichetodattacco has 30 seconds left.\n|\n|t:|1788174349\n|move|p1b: Whimsicott|Charm|p1a: STRIDE VOLLACHIA\n|-boost|p1a: STRIDE VOLLACHIA|atk|2\n|move|p2a: Sneasler|Dire Claw|p1b: Whimsicott\n|-supereffective|p1b: Whimsicott|2\n|-damage|p1b: Whimsicott|0 fnt\n|faint|p1b: Whimsicott\n|move|p1a: STRIDE VOLLACHIA|Close Combat|p2b: Farigiraf\n|-damage|p2b: Farigiraf|0 fnt\n|-boost|p1a: STRIDE VOLLACHIA|def|1\n|-boost|p1a: STRIDE VOLLACHIA|spd|1\n|faint|p2b: Farigiraf\n|\n|-weather|Sandstorm|[upkeep]\n|-damage|p2a: Sneasler|82/100|[from] Sandstorm\n|-damage|p1a: STRIDE VOLLACHIA|82/100|[from] Sandstorm\n|upkeep\n|\n|t:|1788174363\n|switch|p1b: ALDEBARAN|Excadrill, L50, M|100/100\n|switch|p2b: Vanilluxe|Vanilluxe, L50, F|93/100\n|-weather|Snowscape|[from] ability: Snow Warning|[of] p2b: Vanilluxe\n|turn|4\n|inactive|ihatecalyrexes has 30 seconds left.\n|\n|t:|1788174393\n|move|p2a: Sneasler|Close Combat|p1b: ALDEBARAN\n|-supereffective|p1b: ALDEBARAN|1\n|-damage|p1b: ALDEBARAN|0 fnt\n|-unboost|p2a: Sneasler|def|1\n|-unboost|p2a: Sneasler|spd|1\n|faint|p1b: ALDEBARAN\n|move|p1a: STRIDE VOLLACHIA|Close Combat|p2b: Vanilluxe\n|-supereffective|p2b: Vanilluxe|1\n|-damage|p2b: Vanilluxe|0 fnt\n|-boost|p1a: STRIDE VOLLACHIA|def|1\n|-boost|p1a: STRIDE VOLLACHIA|spd|1\n|faint|p2b: Vanilluxe\n|\n|-weather|Snowscape|[upkeep]\n|upkeep\n|\n|t:|1788174410\n|switch|p1b: Tyranitar|Tyranitar, L50, M|72/100\n|switch|p2b: Abomasnow|Abomasnow, L50, F|100/100\n|-weather|Sandstorm|[from] ability: Sand Stream|[of] p1b: Tyranitar\n|-weather|Snowscape|[from] ability: Snow Warning|[of] p2b: Abomasnow\n|turn|5\n|\n|t:|1788174425\n|detailschange|p2b: Abomasnow|Abomasnow-Mega, L50, F\n|-mega|p2b: Abomasnow|Abomasnow|Abomasite\n|move|p1b: Tyranitar|Protect|p1b: Tyranitar\n|-singleturn|p1b: Tyranitar|Protect\n|move|p2b: Abomasnow|Protect|p2b: Abomasnow\n|-singleturn|p2b: Abomasnow|Protect\n|move|p2a: Sneasler|Close Combat|p1b: Tyranitar\n|-activate|p1b: Tyranitar|move: Protect\n|move|p1a: STRIDE VOLLACHIA|Close Combat|p2b: Abomasnow\n|-activate|p2b: Abomasnow|move: Protect\n|\n|-weather|Snowscape|[upkeep]\n|upkeep\n|turn|6\n|\n|t:|1788174437\n|move|p2a: Sneasler|Close Combat|p1b: Tyranitar\n|-supereffective|p1b: Tyranitar|2\n|-enditem|p1b: Tyranitar|Chople Berry|[eat]\n|-enditem|p1b: Tyranitar|Chople Berry|[weaken]\n|-damage|p1b: Tyranitar|0 fnt\n|-unboost|p2a: Sneasler|def|1\n|-unboost|p2a: Sneasler|spd|1\n|faint|p1b: Tyranitar\n|move|p1a: STRIDE VOLLACHIA|Close Combat|p2b: Abomasnow\n|-supereffective|p2b: Abomasnow|1\n|-damage|p2b: Abomasnow|0 fnt\n|-boost|p1a: STRIDE VOLLACHIA|def|1\n|-boost|p1a: STRIDE VOLLACHIA|spd|1\n|faint|p2b: Abomasnow\n|\n|-weather|Snowscape|[upkeep]\n|upkeep\n|turn|7\n|c|☆polichetodattacco|gg\n|inactive|ihatecalyrexes has 30 seconds left.\n|c|☆ihatecalyrexes|i didnt know staraptor was good in this matchup\n|\n|t:|1788174467\n|move|p2a: Sneasler|Dire Claw|p1a: STRIDE VOLLACHIA\n|-damage|p1a: STRIDE VOLLACHIA|69/100\n|-status|p1a: STRIDE VOLLACHIA|slp\n|cant|p1a: STRIDE VOLLACHIA|slp\n|\n|-weather|Snowscape|[upkeep]\n|upkeep\n|turn|8\n|c|☆ihatecalyrexes|WOW\n|c|☆ihatecalyrexes|WOW\n|c|☆ihatecalyrexes|NO\n|c|☆ihatecalyrexes|PLEASE SPEED I NEED THIS\n|inactive|polichetodattacco has 30 seconds left.\n|c|☆ihatecalyrexes|MY MOM IS KINDA HOMELES\n|\n|t:|1788174496\n|move|p2a: Sneasler|Dire Claw|p1a: STRIDE VOLLACHIA\n|-damage|p1a: STRIDE VOLLACHIA|56/100 slp\n|cant|p1a: STRIDE VOLLACHIA|slp\n|\n|-weather|Snowscape|[upkeep]\n|upkeep\n|turn|9\n|c|☆ihatecalyrexes|I LIVE W MY DAD\n|c|☆polichetodattacco|sneasler the goat\n|inactive|polichetodattacco has 30 seconds left.\n|\n|t:|1788174523\n|move|p2a: Sneasler|Dire Claw|p1a: STRIDE VOLLACHIA\n|-damage|p1a: STRIDE VOLLACHIA|41/100 slp\n|-curestatus|p1a: STRIDE VOLLACHIA|slp|[msg]\n|move|p1a: STRIDE VOLLACHIA|Brave Bird|p2a: Sneasler\n|-supereffective|p2a: Sneasler|1\n|-damage|p2a: Sneasler|0 fnt\n|faint|p2a: Sneasler\n|-damage|p1a: STRIDE VOLLACHIA|19/100|[from] Recoil\n|\n|win|ihatecalyrexes\n|raw|ihatecalyrexes's rating: 1079 &rarr; <strong>1111</strong><br />(+32 for winning)\n|raw|polichetodattacco's rating: 1128 &rarr; <strong>1099</strong><br />(-29 for losing)\n|c|☆polichetodattacco|gg\n","uploadtime":1788174536,"views":"12","formatid":"gen9championsvgc2026regmbbo3","rating":1099,"private":0,"password":null}