{"id":"gen9championsvgc2026regmb-2674236428","format":"[Gen 9 Champions] VGC 2026 Reg M-B","players":["ShadowFlamePkm","TheGreat80H"],"log":"|j|☆ShadowFlamePkm\n|j|☆TheGreat80H\n|html|<table width=\"100%\"><tr><td align=\"left\">ShadowFlamePkm</td><td align=\"right\">TheGreat80H</tr><tr><td align=\"left\"><i class=\"fa fa-circle\"></i> <i class=\"fa fa-circle-o\"></i> </td><td align=\"right\"><i class=\"fa fa-circle-o\"></i> <i class=\"fa fa-circle-o\"></i> </tr></table>\n|uhtml|bestof|<h2><strong>Game 2</strong> of <a href=\"/game-bestof3-gen9championsvgc2026regmb-2674235821\">a best-of-3</a></h2>\n|t:|1788320543\n|gametype|doubles\n|player|p1|ShadowFlamePkm|170|\n|player|p2|TheGreat80H|1|\n|gen|9\n|tier|[Gen 9 Champions] VGC 2026 Reg M-B\n|rule|Species Clause: Limit one of each Pokémon\n|rule|Item Clause: Limit 1 of each item\n|raw|<div class=\"infobox\"><details class=\"readmore\" open><summary><strong>1 custom rule:</strong></summary> Best of = 3</details></div>\n|clearpoke\n|poke|p1|Delphox, L50, M|\n|poke|p1|Palafin, L50, F|\n|poke|p1|Heliolisk, L50, F|\n|poke|p1|Garchomp, L50, F|\n|poke|p1|Sylveon, L50, F|\n|poke|p1|Clefable, L50, F|\n|poke|p2|Charizard, L50, M|\n|poke|p2|Aerodactyl, L50, M|\n|poke|p2|Venusaur, L50, M|\n|poke|p2|Krookodile, L50, M|\n|poke|p2|Raichu, L50, M|\n|poke|p2|Steelix, L50, M|\n|teampreview|4\n|\n|t:|1788320550\n|teamsize|p1|4\n|teamsize|p2|4\n|start\n|switch|p1a: Wooden Duck|Delphox, L50, M|100/100\n|switch|p1b: Weathermaxing|Heliolisk, L50, F|100/100\n|switch|p2a: Storlax|Steelix, L50, M|100/100\n|switch|p2b: Fossil|Aerodactyl, L50, M|100/100\n|turn|1\n|\n|t:|1788320569\n|detailschange|p1a: Wooden Duck|Delphox-Mega, L50, M\n|-mega|p1a: Wooden Duck|Delphox|Delphoxite\n|move|p1b: Weathermaxing|Volt Switch|p2b: Fossil\n|-supereffective|p2b: Fossil|1\n|-enditem|p2b: Fossil|Focus Sash\n|-damage|p2b: Fossil|1/100\n|\n|t:|1788320574\n|switch|p1b: Rene Slayer|Garchomp, L50, F|100/100|[from] Volt Switch\n|move|p2b: Fossil|Rock Slide|p1a: Wooden Duck|[spread] p1a\n|-miss|p2b: Fossil|p1b: Rene Slayer\n|-supereffective|p1a: Wooden Duck|1\n|-damage|p1a: Wooden Duck|18/100\n|cant|p1a: Wooden Duck|flinch\n|move|p2a: Storlax|High Horsepower|p1b: Rene Slayer\n|-damage|p1b: Rene Slayer|68/100\n|-damage|p2a: Storlax|87/100|[from] ability: Rough Skin|[of] p1b: Rene Slayer\n|\n|upkeep\n|turn|2\n|\n|t:|1788320595\n|move|p1a: Wooden Duck|Protect|p1a: Wooden Duck\n|-singleturn|p1a: Wooden Duck|Protect\n|move|p2b: Fossil|Rock Slide|p1a: Wooden Duck|[spread] p1b\n|-activate|p1a: Wooden Duck|move: Protect\n|-resisted|p1b: Rene Slayer|1\n|-damage|p1b: Rene Slayer|55/100\n|cant|p1b: Rene Slayer|flinch\n|move|p2a: Storlax|Heavy Slam|p1a: Wooden Duck\n|-activate|p1a: Wooden Duck|move: Protect\n|\n|upkeep\n|turn|3\n|\n|t:|1788320615\n|switch|p1a: Clefable|Clefable, L50, F|100/100\n|switch|p2a: Charmandor|Charizard, L50, M|100/100\n|move|p2b: Fossil|Rock Slide|p1a: Clefable|[spread] p1a,p1b\n|-resisted|p1b: Rene Slayer|1\n|-damage|p1a: Clefable|71/100\n|-damage|p1b: Rene Slayer|43/100\n|move|p1b: Rene Slayer|Rock Slide|p2b: Fossil|[spread] p2a,p2b\n|-supereffective|p2a: Charmandor|2\n|-supereffective|p2b: Fossil|1\n|-damage|p2a: Charmandor|0 fnt\n|-damage|p2b: Fossil|0 fnt\n|faint|p2a: Charmandor\n|faint|p2b: Fossil\n|\n|upkeep\n|\n|t:|1788320628\n|switch|p2b: Crocodriller|Krookodile, L50, M|100/100\n|switch|p2a: Storlax|Steelix, L50, M|87/100\n|-ability|p2b: Crocodriller|Intimidate|boost\n|-unboost|p1a: Clefable|atk|1\n|-unboost|p1b: Rene Slayer|atk|1\n|turn|4\n|\n|t:|1788320642\n|move|p1b: Rene Slayer|Dragon Claw|p2b: Crocodriller\n|-damage|p2b: Crocodriller|65/100\n|move|p2b: Crocodriller|High Horsepower|p1b: Rene Slayer\n|-damage|p1b: Rene Slayer|0 fnt\n|-damage|p2b: Crocodriller|53/100|[from] ability: Rough Skin|[of] p1b: Rene Slayer\n|faint|p1b: Rene Slayer\n|move|p1a: Clefable|Moonblast|p2b: Crocodriller\n|-supereffective|p2b: Crocodriller|1\n|-damage|p2b: Crocodriller|0 fnt\n|faint|p2b: Crocodriller\n|move|p2a: Storlax|Heavy Slam|p1a: Clefable\n|-supereffective|p1a: Clefable|1\n|-damage|p1a: Clefable|0 fnt\n|faint|p1a: Clefable\n|\n|upkeep\n|\n|t:|1788320649\n|switch|p1b: Wooden Duck|Delphox-Mega, L50, M|18/100\n|switch|p1a: Weathermaxing|Heliolisk, L50, F|100/100\n|turn|5\n|\n|t:|1788320660\n|move|p2a: Storlax|Protect|p2a: Storlax\n|-singleturn|p2a: Storlax|Protect\n|move|p1a: Weathermaxing|Weather Ball|p2a: Storlax\n|-activate|p2a: Storlax|move: Protect\n|move|p1b: Wooden Duck|Heat Wave|p2a: Storlax\n|-activate|p2a: Storlax|move: Protect\n|\n|upkeep\n|turn|6\n|\n|t:|1788320674\n|move|p1a: Weathermaxing|Weather Ball|p2a: Storlax\n|-resisted|p2a: Storlax|1\n|-damage|p2a: Storlax|71/100\n|move|p1b: Wooden Duck|Heat Wave|p2a: Storlax\n|-supereffective|p2a: Storlax|1\n|-damage|p2a: Storlax|0 fnt\n|faint|p2a: Storlax\n|\n|win|ShadowFlamePkm\n","uploadtime":1788320680,"views":"16","formatid":"gen9championsvgc2026regmb","rating":null,"private":0,"password":null}