{"id":"gen9championsvgc2026regmbbo3-2674030882","format":"[Gen 9 Champions] VGC 2026 Reg M-B (Bo3)","players":["JakAttack626","hawaiianshaymin"],"log":"|j|☆JakAttack626\n|j|☆hawaiianshaymin\n|html|<table width=\"100%\"><tr><td align=\"left\">JakAttack626</td><td align=\"right\">hawaiianshaymin</tr><tr><td align=\"left\"><i class=\"fa fa-circle-o\"></i> <i class=\"fa fa-circle-o\"></i> </td><td align=\"right\"><i class=\"fa fa-circle-o\"></i> <i class=\"fa fa-circle\"></i> </tr></table>\n|uhtml|bestof|<h2><strong>Game 2</strong> of <a href=\"/game-bestof3-gen9championsvgc2026regmbbo3-2674029136\">a best-of-3</a></h2>\n|t:|1788290306\n|gametype|doubles\n|player|p1|JakAttack626|pryce|1125\n|player|p2|hawaiianshaymin|102|1096\n|gen|9\n|tier|[Gen 9 Champions] VGC 2026 Reg M-B (Bo3)\n|rated|\n|rule|Species Clause: Limit one of each Pokémon\n|rule|Item Clause: Limit 1 of each item\n|clearpoke\n|poke|p1|Scovillain, L50, F, shiny|\n|poke|p1|Basculegion, L50, M|\n|poke|p1|Kingambit, L50, F|\n|poke|p1|Sneasler, L50, F|\n|poke|p1|Lycanroc-Dusk, L50, F|\n|poke|p1|Froslass, L50, F|\n|poke|p2|Lycanroc, L50, F, shiny|\n|poke|p2|Tyranitar, L50, F, shiny|\n|poke|p2|Staraptor, L50, F, shiny|\n|poke|p2|Whimsicott, L50, M, shiny|\n|poke|p2|Gholdengo, L50|\n|poke|p2|Farigiraf, L50, M, shiny|\n|teampreview|4\n|showteam|p1|Scovillain||Scovillainite|Moody|GigaDrain,Overheat,RagePowder,Protect|Bold||F|||50|]Basculegion||LifeOrb|Adaptability|WaveCrash,AquaJet,LastRespects,Protect|Adamant||M|||50|]Kingambit||BlackGlasses|Defiant|KowtowCleave,SuckerPunch,SwordsDance,Protect|Adamant||F|||50|]Sneasler||WhiteHerb|Unburden|DireClaw,CloseCombat,FakeOut,Protect|Adamant||F|||50|]Lycanroc-Dusk||FocusSash|ToughClaws|RockSlide,CloseCombat,Accelerock,Protect|Adamant||F|||50|]Froslass||Froslassite|CursedBody|Blizzard,ShadowBall,AuroraVeil,Protect|Timid||F|||50|\n|showteam|p2|Lycanroc||FocusSash|SandRush|RockSlide,CloseCombat,Endeavor,Protect|Adamant||F|||50|]Tyranitar||Tyranitarite|SandStream|KnockOff,RockSlide,LowKick,Protect|Adamant||F|||50|]Staraptor||Staraptite|Intimidate|BraveBird,CloseCombat,Roost,Protect|Jolly||F|||50|]Whimsicott||FairyFeather|Prankster|Moonblast,Tailwind,Encore,Tickle|Timid||M|||50|]Gholdengo||LifeOrb|GoodasGold|MakeItRain,ShadowBall,NastyPlot,Protect|Modest|||||50|]Farigiraf||SitrusBerry|ArmorTail|PsychicNoise,Thunderbolt,HelpingHand,TrickRoom|Serious||M|||50|\n|inactive|Battle timer is ON: inactive players will automatically lose when time's up. (requested by JakAttack626)\n|inactive|JakAttack626 has 60 seconds left.\n|\n|t:|1788290352\n|teamsize|p1|4\n|teamsize|p2|4\n|start\n|switch|p1a: Kachow|Sneasler, L50, F|100/100\n|switch|p1b: Beeeep|Froslass, L50, F|100/100\n|switch|p2a: Gholdengo|Gholdengo, L50|100/100\n|switch|p2b: Whimsicott|Whimsicott, L50, M, shiny|100/100\n|turn|1\n|\n|t:|1788290373\n|detailschange|p1b: Beeeep|Froslass-Mega, L50, F\n|-mega|p1b: Beeeep|Froslass|Froslassite\n|-weather|Snowscape|[from] ability: Snow Warning|[of] p1b: Beeeep\n|move|p1a: Kachow|Fake Out|p2b: Whimsicott\n|-damage|p2b: Whimsicott|82/100\n|cant|p2b: Whimsicott|flinch\n|move|p1b: Beeeep|Shadow Ball|p2a: Gholdengo\n|-supereffective|p2a: Gholdengo|1\n|-crit|p2a: Gholdengo\n|-damage|p2a: Gholdengo|0 fnt\n|faint|p2a: Gholdengo\n|\n|-weather|Snowscape|[upkeep]\n|upkeep\n|\n|t:|1788290383\n|switch|p2a: Tyranitar|Tyranitar, L50, F, shiny|100/100\n|-weather|Sandstorm|[from] ability: Sand Stream|[of] p2a: Tyranitar\n|turn|2\n|inactive|hawaiianshaymin has 30 seconds left.\n|\n|t:|1788290416\n|switch|p1b: Beetle|Kingambit, L50, F|100/100\n|move|p2b: Whimsicott|Encore|p1a: Kachow\n|-start|p1a: Kachow|Encore\n|move|p1a: Kachow|Fake Out||[still]\n|-hint|Fake Out only works on your first turn out.\n|-fail|p1a: Kachow\n|move|p2a: Tyranitar|Rock Slide|p1a: Kachow|[spread] p1a,p1b\n|-resisted|p1a: Kachow|1\n|-resisted|p1b: Beetle|1\n|-damage|p1a: Kachow|74/100\n|-damage|p1b: Beetle|87/100\n|\n|-weather|Sandstorm|[upkeep]\n|-damage|p2b: Whimsicott|76/100|[from] Sandstorm\n|-damage|p1a: Kachow|68/100|[from] Sandstorm\n|upkeep\n|turn|3\n|\n|t:|1788290436\n|switch|p1a: Beeeep|Froslass-Mega, L50, F|100/100\n|-weather|Snowscape|[from] ability: Snow Warning|[of] p1a: Beeeep\n|move|p2b: Whimsicott|Moonblast|p1b: Beetle\n|-damage|p1b: Beetle|55/100\n|move|p2a: Tyranitar|Low Kick|p1b: Beetle\n|-supereffective|p1b: Beetle|2\n|-damage|p1b: Beetle|0 fnt\n|faint|p1b: Beetle\n|\n|-weather|Snowscape|[upkeep]\n|upkeep\n|\n|t:|1788290446\n|switch|p1b: Kachow|Sneasler, L50, F|68/100\n|turn|4\n|\n|t:|1788290454\n|move|p2a: Tyranitar|Protect|p2a: Tyranitar\n|-singleturn|p2a: Tyranitar|Protect\n|move|p1b: Kachow|Fake Out|p2b: Whimsicott\n|-damage|p2b: Whimsicott|59/100\n|cant|p2b: Whimsicott|flinch\n|move|p1a: Beeeep|Blizzard|p2a: Tyranitar|[spread] p2b\n|-activate|p2a: Tyranitar|move: Protect\n|-supereffective|p2b: Whimsicott|1\n|-crit|p2b: Whimsicott\n|-damage|p2b: Whimsicott|0 fnt\n|faint|p2b: Whimsicott\n|\n|-weather|Snowscape|[upkeep]\n|upkeep\n|\n|t:|1788290460\n|switch|p2b: Lycanroc|Lycanroc, L50, F, shiny|100/100\n|turn|5\n|inactive|hawaiianshaymin has 30 seconds left.\n|\n|t:|1788290488\n|detailschange|p2a: Tyranitar|Tyranitar-Mega, L50, F, shiny\n|-mega|p2a: Tyranitar|Tyranitar|Tyranitarite\n|-weather|Sandstorm|[from] ability: Sand Stream|[of] p2a: Tyranitar\n|move|p2a: Tyranitar|Protect|p2a: Tyranitar\n|-singleturn|p2a: Tyranitar|Protect\n|move|p2b: Lycanroc|Rock Slide|p1a: Beeeep|[spread] p1a,p1b\n|-supereffective|p1a: Beeeep|1\n|-resisted|p1b: Kachow|1\n|-damage|p1a: Beeeep|22/100\n|-damage|p1b: Kachow|48/100\n|cant|p1a: Beeeep|flinch\n|move|p1b: Kachow|Close Combat|p2a: Tyranitar\n|-activate|p2a: Tyranitar|move: Protect\n|\n|-weather|Sandstorm|[upkeep]\n|-damage|p1a: Beeeep|16/100|[from] Sandstorm\n|-damage|p1b: Kachow|42/100|[from] Sandstorm\n|upkeep\n|turn|6\n|\n|t:|1788290508\n|switch|p1a: SeaWater|Basculegion, L50, M|100/100\n|move|p1b: Kachow|Protect|p1b: Kachow\n|-singleturn|p1b: Kachow|Protect\n|move|p2b: Lycanroc|Rock Slide|p1a: SeaWater|[spread] p1a\n|-activate|p1b: Kachow|move: Protect\n|-damage|p1a: SeaWater|65/100\n|move|p2a: Tyranitar|Rock Slide|p1a: SeaWater|[spread] p1a\n|-activate|p1b: Kachow|move: Protect\n|-damage|p1a: SeaWater|21/100\n|\n|-weather|Sandstorm|[upkeep]\n|-damage|p1b: Kachow|36/100|[from] Sandstorm\n|-damage|p1a: SeaWater|15/100|[from] Sandstorm\n|upkeep\n|turn|7\n|\n|t:|1788290528\n|move|p1a: SeaWater|Aqua Jet|p2b: Lycanroc\n|-supereffective|p2b: Lycanroc|1\n|-enditem|p2b: Lycanroc|Focus Sash\n|-damage|p2b: Lycanroc|1/100\n|-damage|p1a: SeaWater|6/100|[from] item: Life Orb\n|move|p2b: Lycanroc|Rock Slide|p1a: SeaWater|[spread] p1a,p1b\n|-crit|p1a: SeaWater\n|-resisted|p1b: Kachow|1\n|-damage|p1a: SeaWater|0 fnt\n|-damage|p1b: Kachow|16/100\n|faint|p1a: SeaWater\n|move|p1b: Kachow|Dire Claw|p2b: Lycanroc\n|-resisted|p2b: Lycanroc|1\n|-damage|p2b: Lycanroc|0 fnt\n|faint|p2b: Lycanroc\n|move|p2a: Tyranitar|Rock Slide|p1b: Kachow\n|-resisted|p1b: Kachow|1\n|-damage|p1b: Kachow|0 fnt\n|faint|p1b: Kachow\n|\n|-weather|Sandstorm|[upkeep]\n|upkeep\n|\n|t:|1788290541\n|switch|p1b: Beeeep|Froslass-Mega, L50, F|16/100\n|-weather|Snowscape|[from] ability: Snow Warning|[of] p1b: Beeeep\n|turn|8\n|\n|t:|1788290555\n|move|p1b: Beeeep|Blizzard|p2a: Tyranitar\n|-damage|p2a: Tyranitar|58/100\n|move|p2a: Tyranitar|Knock Off|p1b: Beeeep\n|-supereffective|p1b: Beeeep|1\n|-damage|p1b: Beeeep|0 fnt\n|faint|p1b: Beeeep\n|\n|win|hawaiianshaymin\n|raw|JakAttack626's rating: 1125 &rarr; <strong>1098</strong><br />(-27 for losing)\n|raw|hawaiianshaymin's rating: 1096 &rarr; <strong>1124</strong><br />(+28 for winning)\n","uploadtime":1788290555,"views":"0","formatid":"gen9championsvgc2026regmbbo3","rating":1098,"private":0,"password":null}