{"id":"gen9championsvgc2026regmb-2674078214","format":"[Gen 9 Champions] VGC 2026 Reg M-B","players":["R1ply","kjiopl."],"log":"|j|☆R1ply\n|j|☆kjiopl.\n|t:|1788296114\n|gametype|doubles\n|player|p1|R1ply|acetrainer-gen4dp|1000\n|player|p2|kjiopl.|2|1017\n|gen|9\n|tier|[Gen 9 Champions] VGC 2026 Reg M-B\n|rated|\n|rule|Species Clause: Limit one of each Pokémon\n|rule|Item Clause: Limit 1 of each item\n|clearpoke\n|poke|p1|Raichu, L50, F|\n|poke|p1|Staraptor, L50, F|\n|poke|p1|Kingambit, L50, F|\n|poke|p1|Sylveon, L50, F|\n|poke|p1|Farigiraf, L50, F|\n|poke|p1|Arcanine-Hisui, L50, F|\n|poke|p2|Gallade, L50, M|\n|poke|p2|Blaziken, L50, F|\n|poke|p2|Clefable, L50, M|\n|poke|p2|Maushold, L50|\n|poke|p2|Torkoal, L50, M|\n|poke|p2|Camerupt, L50, M|\n|teampreview|4\n|inactive|Battle timer is ON: inactive players will automatically lose when time's up. (requested by R1ply)\nR1ply has agreed to open team sheets.\n|inactive|R1ply has 60 seconds left.\n|\n|t:|1788296154\n|teamsize|p1|4\n|teamsize|p2|4\n|start\n|switch|p1a: Staraptor|Staraptor, L50, F|100/100\n|switch|p1b: Arcanine|Arcanine-Hisui, L50, F|100/100\n|switch|p2a: Blaziken|Blaziken, L50, F|100/100\n|switch|p2b: Maushold|Maushold, L50|100/100\n|-ability|p1a: Staraptor|Intimidate|boost\n|-unboost|p2a: Blaziken|atk|1\n|-unboost|p2b: Maushold|atk|1\n|turn|1\n|inactive|R1ply has 30 seconds left.\n|\n|t:|1788296181\n|detailschange|p1a: Staraptor|Staraptor-Mega, L50, F\n|-mega|p1a: Staraptor|Staraptor|Staraptite\n|move|p1b: Arcanine|Protect|p1b: Arcanine\n|-singleturn|p1b: Arcanine|Protect\n|move|p2b: Maushold|Follow Me|p2b: Maushold\n|-singleturn|p2b: Maushold|move: Follow Me\n|move|p1a: Staraptor|Close Combat|p2b: Maushold\n|-supereffective|p2b: Maushold|1\n|-enditem|p2b: Maushold|Focus Sash\n|-damage|p2b: Maushold|1/100\n|-boost|p1a: Staraptor|def|1\n|-boost|p1a: Staraptor|spd|1\n|move|p2a: Blaziken|Bulk Up|p2a: Blaziken\n|-boost|p2a: Blaziken|atk|1\n|-boost|p2a: Blaziken|def|1\n|\n|-ability|p2a: Blaziken|Speed Boost|boost\n|-boost|p2a: Blaziken|spe|1\n|upkeep\n|turn|2\n|inactive|R1ply has 30 seconds left.\n|\n|t:|1788296206\n|move|p1b: Arcanine|Extreme Speed|p2b: Maushold\n|-damage|p2b: Maushold|0 fnt\n|faint|p2b: Maushold\n|move|p1a: Staraptor|Dual Wingbeat|p2a: Blaziken\n|-supereffective|p2a: Blaziken|1\n|-damage|p2a: Blaziken|73/100\n|-supereffective|p2a: Blaziken|1\n|-damage|p2a: Blaziken|44/100\n|-hitcount|p2a: Blaziken|2\n|move|p2a: Blaziken|Bulk Up|p2a: Blaziken\n|-boost|p2a: Blaziken|atk|1\n|-boost|p2a: Blaziken|def|1\n|\n|-ability|p2a: Blaziken|Speed Boost|boost\n|-boost|p2a: Blaziken|spe|1\n|upkeep\n|\n|t:|1788296228\n|switch|p2b: Clefable|Clefable, L50, M|100/100\n|turn|3\n|\n|t:|1788296241\n|move|p2b: Clefable|Follow Me|p2b: Clefable\n|-singleturn|p2b: Clefable|move: Follow Me\n|move|p2a: Blaziken|Bulk Up|p2a: Blaziken\n|-boost|p2a: Blaziken|atk|1\n|-boost|p2a: Blaziken|def|1\n|move|p1a: Staraptor|Close Combat|p2b: Clefable\n|-resisted|p2b: Clefable|1\n|-damage|p2b: Clefable|74/100\n|-boost|p1a: Staraptor|def|1\n|-boost|p1a: Staraptor|spd|1\n|move|p1b: Arcanine|Flare Blitz|p2b: Clefable\n|-damage|p2b: Clefable|30/100\n|-enditem|p2b: Clefable|Sitrus Berry|[eat]\n|-heal|p2b: Clefable|54/100|[from] item: Sitrus Berry\n|\n|-ability|p2a: Blaziken|Speed Boost|boost\n|-boost|p2a: Blaziken|spe|1\n|upkeep\n|turn|4\n|inactive|R1ply has 30 seconds left.\n|inactive|kjiopl. has 30 seconds left.\n|\n|t:|1788296276\n|move|p2a: Blaziken|Baton Pass|p2a: Blaziken\n|\n|t:|1788296280\n|switch|p2a: Gallade|Gallade, L50, M|100/100|[from] Baton Pass\n|move|p1a: Staraptor|Close Combat|p2a: Gallade\n|-resisted|p2a: Gallade|1\n|-damage|p2a: Gallade|76/100\n|-boost|p1a: Staraptor|def|1\n|-boost|p1a: Staraptor|spd|1\n|move|p1b: Arcanine|Head Smash|p2b: Clefable\n|-damage|p2b: Clefable|0 fnt\n|faint|p2b: Clefable\n|\n|upkeep\n|\n|t:|1788296298\n|switch|p2b: Blaziken|Blaziken, L50, F|44/100\n|turn|5\n|inactive|R1ply has 30 seconds left.\n|\n|t:|1788296333\n|detailschange|p2a: Gallade|Gallade-Mega, L50, M\n|-mega|p2a: Gallade|Gallade|Galladite\n|move|p2a: Gallade|Rock Slide|p1b: Arcanine|[spread] p1a,p1b\n|-supereffective|p1b: Arcanine|1\n|-damage|p1a: Staraptor|80/100\n|-enditem|p1b: Arcanine|Focus Sash\n|-damage|p1b: Arcanine|1/100\n|move|p1a: Staraptor|Close Combat|p2a: Gallade\n|-resisted|p2a: Gallade|1\n|-damage|p2a: Gallade|60/100\n|-boost|p1a: Staraptor|def|1\n|-boost|p1a: Staraptor|spd|1\n|move|p1b: Arcanine|Flare Blitz|p2a: Gallade\n|-damage|p2a: Gallade|30/100\n|move|p2b: Blaziken|Close Combat|p1a: Staraptor\n|-resisted|p1a: Staraptor|1\n|-damage|p1a: Staraptor|72/100\n|-unboost|p2b: Blaziken|def|1\n|-unboost|p2b: Blaziken|spd|1\n|\n|-ability|p2b: Blaziken|Speed Boost|boost\n|-boost|p2b: Blaziken|spe|1\n|upkeep\n|turn|6\n|inactive|R1ply has 30 seconds left.\n|inactive|R1ply has 20 seconds left.\n|\n|t:|1788296368\n|move|p1b: Arcanine|Extreme Speed|p2b: Blaziken\n|-damage|p2b: Blaziken|8/100\n|move|p2a: Gallade|Sacred Sword|p1a: Staraptor\n|-resisted|p1a: Staraptor|1\n|-damage|p1a: Staraptor|18/100\n|move|p1a: Staraptor|Close Combat|p2a: Gallade\n|-resisted|p2a: Gallade|1\n|-damage|p2a: Gallade|14/100\n|-boost|p1a: Staraptor|def|1\n|-boost|p1a: Staraptor|spd|1\n|move|p2b: Blaziken|Close Combat|p1a: Staraptor\n|-resisted|p1a: Staraptor|1\n|-damage|p1a: Staraptor|12/100\n|-unboost|p2b: Blaziken|def|1\n|-unboost|p2b: Blaziken|spd|1\n|\n|-ability|p2b: Blaziken|Speed Boost|boost\n|-boost|p2b: Blaziken|spe|1\n|upkeep\n|turn|7\n|inactive|R1ply has 30 seconds left.\n|inactive|kjiopl. has 30 seconds left.\n|inactive|kjiopl. has 20 seconds left.\n|inactive|kjiopl. has 15 seconds left.\n|inactive|kjiopl. has 10 seconds left.\n|\n|t:|1788296416\n|move|p1a: Staraptor|Protect|p1a: Staraptor\n|-singleturn|p1a: Staraptor|Protect\n|move|p1b: Arcanine|Extreme Speed|p2b: Blaziken\n|-damage|p2b: Blaziken|0 fnt\n|faint|p2b: Blaziken\n|move|p2a: Gallade|Sacred Sword|p1a: Staraptor\n|-activate|p1a: Staraptor|move: Protect\n|\n|upkeep\n|turn|8\n|\n|t:|1788296432\n|move|p1b: Arcanine|Extreme Speed|p2a: Gallade\n|-damage|p2a: Gallade|1/100\n|move|p2a: Gallade|Rock Slide|p1a: Staraptor|[spread] p1a,p1b\n|-supereffective|p1b: Arcanine|1\n|-damage|p1a: Staraptor|0 fnt\n|-damage|p1b: Arcanine|0 fnt\n|faint|p1a: Staraptor\n|faint|p1b: Arcanine\n|\n|upkeep\n|\n|t:|1788296441\n|switch|p1a: Farigiraf|Farigiraf, L50, F|100/100\n|switch|p1b: Sylveon|Sylveon, L50, F|100/100\n|turn|9\n|\n|t:|1788296459\n|move|p1a: Farigiraf|Helping Hand|p1b: Sylveon\n|-singleturn|p1b: Sylveon|Helping Hand|[of] p1a: Farigiraf\n|move|p1b: Sylveon|Quick Attack|p2a: Gallade\n|-supereffective|p2a: Gallade|1\n|-damage|p2a: Gallade|0 fnt\n|faint|p2a: Gallade\n|\n|win|R1ply\n|raw|R1ply's rating: 1000 &rarr; <strong>1047</strong><br />(+47 for winning)\n|raw|kjiopl.'s rating: 1061 &rarr; <strong>1039</strong><br />(-22 for losing)\n|l|☆kjiopl.\n|player|p2|\n","uploadtime":1788296482,"views":"0","formatid":"gen9championsvgc2026regmb","rating":1039,"private":0,"password":null}