{"id":"gen9championsvgc2026regmbbo3-2674490031","format":"[Gen 9 Champions] VGC 2026 Reg M-B (Bo3)","players":["kalaluwi","That_Leek"],"log":"|j|☆kalaluwi\n|j|☆That_Leek\n|html|<table width=\"100%\"><tr><td align=\"left\">kalaluwi</td><td align=\"right\">That_Leek</tr><tr><td align=\"left\"><i class=\"fa fa-circle-o\"></i> <i class=\"fa fa-circle-o\"></i> </td><td align=\"right\"><i class=\"fa fa-circle-o\"></i> <i class=\"fa fa-circle-o\"></i> </tr></table>\n|uhtml|bestof|<h2><strong>Game 1</strong> of <a href=\"/game-bestof3-gen9championsvgc2026regmbbo3-2674490030\">a best-of-3</a></h2>\n|t:|1788365914\n|gametype|doubles\n|player|p1|kalaluwi|265|1254\n|player|p2|That_Leek|blue-masters|1217\n|gen|9\n|tier|[Gen 9 Champions] VGC 2026 Reg M-B (Bo3)\n|rated|\n|rule|Species Clause: Limit one of each Pokémon\n|rule|Item Clause: Limit 1 of each item\n|clearpoke\n|poke|p1|Farigiraf, L50, F|\n|poke|p1|Raichu, L50, F|\n|poke|p1|Vanilluxe, L50, F|\n|poke|p1|Arcanine-Hisui, L50, F|\n|poke|p1|Kingambit, L50, M|\n|poke|p1|Staraptor, L50, F|\n|poke|p2|Raichu, L50, F|\n|poke|p2|Kingambit, L50, F|\n|poke|p2|Dragonite, L50, M|\n|poke|p2|Ninetales-Alola, L50, F|\n|poke|p2|Sylveon, L50, M|\n|poke|p2|Incineroar, L50, F|\n|teampreview|4\n|showteam|p1|Farigiraf||ColburBerry|ArmorTail|TrickRoom,TwinBeam,HelpingHand,Thunderbolt|Modest||F|||50|]Raichu||RaichuniteY|Static|ZapCannon,FakeOut,FocusBlast,Protect|Timid||F|||50|]Vanilluxe||ChoiceScarf|SnowWarning|IcyWind,Blizzard,FreezeDry,SheerCold|Timid||F|||50|]Arcanine-Hisui||FocusSash|Intimidate|HeadSmash,FlareBlitz,ExtremeSpeed,Protect|Jolly||F|||50|]Kingambit||ChopleBerry|Defiant|KowtowCleave,SuckerPunch,LowKick,IronHead|Adamant||M|||50|]Staraptor||Staraptite|Intimidate|Tailwind,CloseCombat,BraveBird,Protect|Jolly||F|||50|\n|showteam|p2|Raichu||RaichuniteY|LightningRod|FakeOut,ZapCannon,FocusBlast,Protect|Timid||F|||50|]Kingambit||BlackGlasses|Defiant|KowtowCleave,SuckerPunch,Protect,SwordsDance|Adamant||F|||50|]Dragonite||LifeOrb|InnerFocus|DragonClaw,Tailwind,Superpower,Protect|Adamant||M|||50|]Ninetales-Alola||FocusSash|SnowWarning|Blizzard,IcyWind,Protect,FreezeDry|Timid||F|||50|]Sylveon||FairyFeather|Pixilate|HyperVoice,QuickAttack,CalmMind,Detect|Modest||M|||50|]Incineroar||LumBerry|Intimidate|FakeOut,FlareBlitz,PartingShot,ThroatChop|Impish||F|||50|\n|\n|t:|1788365944\n|teamsize|p1|4\n|teamsize|p2|4\n|start\n|switch|p1a: Farigiraf|Farigiraf, L50, F|100/100\n|switch|p1b: Raichu|Raichu, L50, F|100/100\n|switch|p2a: Dragonite|Dragonite, L50, M|100/100\n|switch|p2b: Kingambit|Kingambit, L50, F|100/100\n|turn|1\n|inactive|Battle timer is ON: inactive players will automatically lose when time's up. (requested by kalaluwi)\n|\n|t:|1788365960\n|switch|p2b: Raichu|Raichu, L50, F|100/100\n|detailschange|p1b: Raichu|Raichu-Mega-Y, L50, F\n|-mega|p1b: Raichu|Raichu|Raichunite Y\n|move|p1a: Farigiraf|Helping Hand|p1b: Raichu\n|-singleturn|p1b: Raichu|Helping Hand|[of] p1a: Farigiraf\n|move|p1b: Raichu|Zap Cannon|p2b: Raichu\n|-activate|p2b: Raichu|ability: Lightning Rod\n|-ability|p2b: Raichu|Lightning Rod|boost\n|-boost|p2b: Raichu|spa|1\n|move|p2a: Dragonite|Dragon Claw|p1a: Farigiraf\n|-crit|p1a: Farigiraf\n|-damage|p1a: Farigiraf|22/100\n|-damage|p2a: Dragonite|90/100|[from] item: Life Orb\n|\n|upkeep\n|turn|2\n|inactive|kalaluwi has 30 seconds left.\n|inactive|kalaluwi has 20 seconds left.\n|\n|t:|1788365995\n|move|p1a: Farigiraf|Helping Hand|p1b: Raichu\n|-singleturn|p1b: Raichu|Helping Hand|[of] p1a: Farigiraf\n|move|p2b: Raichu|Protect|p2b: Raichu\n|-singleturn|p2b: Raichu|Protect\n|move|p1b: Raichu|Focus Blast|p2b: Raichu\n|-activate|p2b: Raichu|move: Protect\n|move|p2a: Dragonite|Dragon Claw|p1b: Raichu\n|-damage|p1b: Raichu|1/100\n|-damage|p2a: Dragonite|80/100|[from] item: Life Orb\n|\n|upkeep\n|turn|3\n|\n|t:|1788366013\n|switch|p2a: Sylveon|Sylveon, L50, M|100/100\n|detailschange|p2b: Raichu|Raichu-Mega-Y, L50, F\n|-mega|p2b: Raichu|Raichu|Raichunite Y\n|move|p1a: Farigiraf|Helping Hand|p1b: Raichu\n|-singleturn|p1b: Raichu|Helping Hand|[of] p1a: Farigiraf\n|move|p2b: Raichu|Zap Cannon|p1a: Farigiraf\n|-damage|p1a: Farigiraf|0 fnt\n|faint|p1a: Farigiraf\n|move|p1b: Raichu|Focus Blast|p2b: Raichu\n|-damage|p2b: Raichu|19/100\n|\n|upkeep\n|\n|t:|1788366023\n|switch|p1a: Vanilluxe|Vanilluxe, L50, F|100/100\n|-weather|Snowscape|[from] ability: Snow Warning|[of] p1a: Vanilluxe\n|turn|4\n|\n|t:|1788366041\n|switch|p2b: Kingambit|Kingambit, L50, F|100/100\n|switch|p1b: Arcanine|Arcanine-Hisui, L50, F|100/100\n|-ability|p1b: Arcanine|Intimidate|boost\n|-unboost|p2a: Sylveon|atk|1\n|-unboost|p2b: Kingambit|atk|1\n|-ability|p2b: Kingambit|Defiant|boost\n|-boost|p2b: Kingambit|atk|2\n|move|p2a: Sylveon|Quick Attack|p1b: Arcanine\n|-resisted|p1b: Arcanine|1\n|-damage|p1b: Arcanine|94/100\n|move|p1a: Vanilluxe|Blizzard|p2b: Kingambit|[spread] p2a,p2b\n|-resisted|p2b: Kingambit|1\n|-damage|p2a: Sylveon|68/100\n|-damage|p2b: Kingambit|81/100\n|\n|-weather|Snowscape|[upkeep]\n|upkeep\n|turn|5\n|\n|t:|1788366055\n|move|p2b: Kingambit|Protect|p2b: Kingambit\n|-singleturn|p2b: Kingambit|Protect\n|move|p1a: Vanilluxe|Blizzard|p2b: Kingambit|[spread] p2a\n|-activate|p2b: Kingambit|move: Protect\n|-damage|p2a: Sylveon|34/100\n|move|p1b: Arcanine|Flare Blitz|p2b: Kingambit\n|-activate|p2b: Kingambit|move: Protect\n|move|p2a: Sylveon|Hyper Voice|p1b: Arcanine|[spread] p1a,p1b\n|-resisted|p1b: Arcanine|1\n|-damage|p1a: Vanilluxe|46/100\n|-damage|p1b: Arcanine|65/100\n|\n|-weather|Snowscape|[upkeep]\n|upkeep\n|turn|6\n|\n|t:|1788366066\n|move|p2a: Sylveon|Quick Attack|p1b: Arcanine\n|-resisted|p1b: Arcanine|1\n|-damage|p1b: Arcanine|59/100\n|move|p2b: Kingambit|Sucker Punch|p1b: Arcanine\n|-damage|p1b: Arcanine|0 fnt\n|faint|p1b: Arcanine\n|move|p1a: Vanilluxe|Blizzard|p2a: Sylveon|[spread] p2a,p2b\n|-resisted|p2b: Kingambit|1\n|-damage|p2a: Sylveon|1/100\n|-damage|p2b: Kingambit|63/100\n|\n|-weather|Snowscape|[upkeep]\n|upkeep\n|\n|t:|1788366072\n|switch|p1b: Raichu|Raichu-Mega-Y, L50, F|1/100\n|turn|7\n|\n|t:|1788366076\n|move|p2a: Sylveon|Detect|p2a: Sylveon\n|-singleturn|p2a: Sylveon|Protect\n|move|p2b: Kingambit|Protect|p2b: Kingambit\n|-singleturn|p2b: Kingambit|Protect\n|move|p1b: Raichu|Fake Out|p2b: Kingambit\n|-activate|p2b: Kingambit|move: Protect\n|move|p1a: Vanilluxe|Blizzard|p2a: Sylveon|[spread] \n|-activate|p2a: Sylveon|move: Protect\n|-activate|p2b: Kingambit|move: Protect\n|\n|-weather|Snowscape|[upkeep]\n|upkeep\n|turn|8\n|\n|t:|1788366080\n|move|p1b: Raichu|Protect|p1b: Raichu\n|-singleturn|p1b: Raichu|Protect\n|move|p2a: Sylveon|Quick Attack|p1b: Raichu\n|-activate|p1b: Raichu|move: Protect\n|move|p2b: Kingambit|Sucker Punch|p1a: Vanilluxe\n|-damage|p1a: Vanilluxe|0 fnt\n|faint|p1a: Vanilluxe\n|\n|-weather|none\n|upkeep\n|turn|9\n|\n|t:|1788366088\n|move|p2a: Sylveon|Quick Attack|p1b: Raichu\n|-damage|p1b: Raichu|0 fnt\n|faint|p1b: Raichu\n|\n|win|That_Leek\n","uploadtime":1788366089,"views":"0","formatid":"gen9championsvgc2026regmbbo3","rating":null,"private":0,"password":null}