{"id":"gen9championsvgc2026regmb-2674158564","format":"[Gen 9 Champions] VGC 2026 Reg M-B","players":["Fhdjshfhjsa","xiaoyang2004"],"log":"|j|☆Fhdjshfhjsa\n|j|☆xiaoyang2004\n|t:|1788307882\n|gametype|doubles\n|player|p1|Fhdjshfhjsa|1|1047\n|player|p2|xiaoyang2004|dawn-gen4pt|1000\n|gen|9\n|tier|[Gen 9 Champions] VGC 2026 Reg M-B\n|rated|\n|rule|Species Clause: Limit one of each Pokémon\n|rule|Item Clause: Limit 1 of each item\n|clearpoke\n|poke|p1|Lucario, L50, M, shiny|\n|poke|p1|Tyranitar, L50, F|\n|poke|p1|Aerodactyl, L50, M|\n|poke|p1|Ceruledge, L50, F|\n|poke|p1|Tauros-Paldea-Aqua, L50, M|\n|poke|p1|Sinistcha, L50|\n|poke|p2|Charizard, L50, M, shiny|\n|poke|p2|Garchomp, L50, M, shiny|\n|poke|p2|Rotom-Wash, L50, shiny|\n|poke|p2|Whimsicott, L50, F, shiny|\n|poke|p2|Incineroar, L50, M, shiny|\n|poke|p2|Hydreigon, L50, M, shiny|\n|teampreview|4\n|\n|t:|1788307925\n|teamsize|p1|4\n|teamsize|p2|4\n|start\n|switch|p1a: Tauros|Tauros-Paldea-Aqua, L50, M|100/100\n|switch|p1b: Aerodactyl|Aerodactyl, L50, M|100/100\n|switch|p2a: Garchomp|Garchomp, L50, M, shiny|100/100\n|switch|p2b: Incineroar|Incineroar, L50, M, shiny|100/100\n|-ability|p1b: Aerodactyl|Unnerve\n|-ability|p1a: Tauros|Intimidate|boost\n|-unboost|p2a: Garchomp|atk|1\n|-unboost|p2b: Incineroar|atk|1\n|-ability|p2b: Incineroar|Intimidate|boost\n|-unboost|p1a: Tauros|atk|1\n|-unboost|p1b: Aerodactyl|atk|1\n|-enditem|p1a: Tauros|White Herb\n|-clearnegativeboost|p1a: Tauros|[silent]\n|turn|1\n|\n|t:|1788307966\n|move|p2b: Incineroar|Fake Out|p1a: Tauros\n|-damage|p1a: Tauros|92/100\n|move|p1b: Aerodactyl|Tailwind|p1b: Aerodactyl\n|-sidestart|p1: Fhdjshfhjsa|move: Tailwind\n|cant|p1a: Tauros|flinch\n|move|p2a: Garchomp|Rock Slide|p1a: Tauros|[spread] p1a,p1b\n|-resisted|p1a: Tauros|1\n|-supereffective|p1b: Aerodactyl|1\n|-damage|p1a: Tauros|82/100\n|-damage|p1b: Aerodactyl|45/100\n|-damage|p2a: Garchomp|90/100|[from] item: Life Orb\n|\n|upkeep\n|turn|2\n|\n|t:|1788307986\n|move|p1b: Aerodactyl|Ice Fang|p2a: Garchomp\n|-supereffective|p2a: Garchomp|2\n|-damage|p2a: Garchomp|40/100\n|-damage|p1b: Aerodactyl|33/100|[from] ability: Rough Skin|[of] p2a: Garchomp\n|move|p1a: Tauros|Close Combat|p2b: Incineroar\n|-supereffective|p2b: Incineroar|1\n|-damage|p2b: Incineroar|0 fnt\n|-unboost|p1a: Tauros|def|1\n|-unboost|p1a: Tauros|spd|1\n|faint|p2b: Incineroar\n|move|p2a: Garchomp|Rock Slide|p1b: Aerodactyl|[spread] p1a,p1b\n|-resisted|p1a: Tauros|1\n|-supereffective|p1b: Aerodactyl|1\n|-damage|p1a: Tauros|68/100\n|-damage|p1b: Aerodactyl|0 fnt\n|faint|p1b: Aerodactyl\n|-damage|p2a: Garchomp|30/100|[from] item: Life Orb\n|\n|upkeep\n|\n|t:|1788308005\n|switch|p1b: Lucario|Lucario, L50, M, shiny|100/100\n|switch|p2b: Charizard|Charizard, L50, M, shiny|100/100\n|turn|3\n|\n|t:|1788308035\n|detailschange|p1b: Lucario|Lucario-Mega, L50, M, shiny\n|-mega|p1b: Lucario|Lucario|Lucarionite\n|move|p2a: Garchomp|Protect|p2a: Garchomp\n|-singleturn|p2a: Garchomp|Protect\n|move|p2b: Charizard|Protect|p2b: Charizard\n|-singleturn|p2b: Charizard|Protect\n|move|p1b: Lucario|Flash Cannon|p2a: Garchomp\n|-activate|p2a: Garchomp|move: Protect\n|move|p1a: Tauros|Wave Crash|p2b: Charizard\n|-activate|p2b: Charizard|move: Protect\n|\n|upkeep\n|turn|4\n|\n|t:|1788308068\n|detailschange|p2b: Charizard|Charizard-Mega-Y, L50, M, shiny\n|-mega|p2b: Charizard|Charizard|Charizardite Y\n|-weather|SunnyDay|[from] ability: Drought|[of] p2b: Charizard\n|move|p1b: Lucario|Flash Cannon|p2a: Garchomp\n|-damage|p2a: Garchomp|0 fnt\n|faint|p2a: Garchomp\n|move|p1a: Tauros|Wave Crash|p2b: Charizard\n|-supereffective|p2b: Charizard|1\n|-damage|p2b: Charizard|36/100\n|-damage|p1a: Tauros|44/100|[from] Recoil\n|move|p2b: Charizard|Heat Wave|p1b: Lucario|[spread] p1a,p1b\n|-resisted|p1a: Tauros|1\n|-supereffective|p1b: Lucario|1\n|-damage|p1a: Tauros|0 fnt\n|-damage|p1b: Lucario|0 fnt\n|faint|p1a: Tauros\n|faint|p1b: Lucario\n|\n|-weather|SunnyDay|[upkeep]\n|-sideend|p1: Fhdjshfhjsa|move: Tailwind\n|upkeep\n|\n|t:|1788308087\n|switch|p1b: Tyranitar|Tyranitar, L50, F|100/100\n|switch|p2a: Hydreigon|Hydreigon, L50, M, shiny|100/100\n|-weather|Sandstorm|[from] ability: Sand Stream|[of] p1b: Tyranitar\n|turn|5\n|\n|t:|1788308100\n|move|p2a: Hydreigon|Earth Power|p1b: Tyranitar\n|-supereffective|p1b: Tyranitar|1\n|-damage|p1b: Tyranitar|63/100\n|-unboost|p1b: Tyranitar|spd|1\n|move|p2b: Charizard|Weather Ball|p1b: Tyranitar\n|-damage|p1b: Tyranitar|23/100\n|move|p1b: Tyranitar|Rock Slide|p2a: Hydreigon|[spread] p2a,p2b\n|-supereffective|p2b: Charizard|2\n|-damage|p2a: Hydreigon|47/100\n|-damage|p2b: Charizard|0 fnt\n|faint|p2b: Charizard\n|-damage|p1b: Tyranitar|13/100|[from] item: Life Orb\n|\n|-weather|Sandstorm|[upkeep]\n|-damage|p2a: Hydreigon|41/100|[from] Sandstorm\n|upkeep\n|turn|6\n|\n|t:|1788308120\n|move|p2a: Hydreigon|Earth Power|p1b: Tyranitar\n|-supereffective|p1b: Tyranitar|1\n|-crit|p1b: Tyranitar\n|-damage|p1b: Tyranitar|0 fnt\n|faint|p1b: Tyranitar\n|\n|win|xiaoyang2004\n|raw|Fhdjshfhjsa's rating: 1047 &rarr; <strong>1028</strong><br />(-19 for losing)\n|raw|xiaoyang2004's rating: 1000 &rarr; <strong>1045</strong><br />(+45 for winning)\n","uploadtime":1788308127,"views":"2","formatid":"gen9championsvgc2026regmb","rating":1028,"private":0,"password":null}