{"id":"gen9championsvgc2026regmb-2674403282","format":"[Gen 9 Champions] VGC 2026 Reg M-B","players":["R1ply","lucas_genuino"],"log":"|j|☆R1ply\n|j|☆lucas_genuino\n|t:|1788355427\n|gametype|doubles\n|player|p1|R1ply|acetrainer-gen4dp|1103\n|player|p2|lucas_genuino|1|1124\n|gen|9\n|tier|[Gen 9 Champions] VGC 2026 Reg M-B\n|rated|\n|rule|Species Clause: Limit one of each Pokémon\n|rule|Item Clause: Limit 1 of each item\n|clearpoke\n|poke|p1|Raichu, L50, M|\n|poke|p1|Staraptor, L50, F|\n|poke|p1|Kingambit, L50, F|\n|poke|p1|Sylveon, L50, F|\n|poke|p1|Farigiraf, L50, F|\n|poke|p1|Arcanine-Hisui, L50, F|\n|poke|p2|Charizard, L50, M, shiny|\n|poke|p2|Altaria, L50, F, shiny|\n|poke|p2|Toxapex, L50, M|\n|poke|p2|Gholdengo, L50|\n|poke|p2|Tsareena, L50, F|\n|poke|p2|Sylveon, L50, F, shiny|\n|teampreview|4\n|inactive|Battle timer is ON: inactive players will automatically lose when time's up. (requested by R1ply)\n|inactive|R1ply has 60 seconds left.\n|inactive|lucas_genuino has 60 seconds left.\n|\n|t:|1788355474\n|teamsize|p1|4\n|teamsize|p2|4\n|start\n|switch|p1a: Raichu|Raichu, L50, M|100/100\n|switch|p1b: Kingambit|Kingambit, L50, F|100/100\n|switch|p2a: Altaria|Altaria, L50, F, shiny|100/100\n|switch|p2b: Sylveon|Sylveon, L50, F, shiny|100/100\n|-ability|p2a: Altaria|Cloud Nine\n|turn|1\n|\n|t:|1788355494\n|switch|p2b: Charizard|Charizard, L50, M, shiny|100/100\n|detailschange|p1a: Raichu|Raichu-Mega-Y, L50, M\n|-mega|p1a: Raichu|Raichu|Raichunite Y\n|move|p1a: Raichu|Fake Out|p2b: Charizard\n|-damage|p2b: Charizard|88/100\n|move|p2a: Altaria|Tailwind|p2a: Altaria\n|-sidestart|p2: lucas_genuino|move: Tailwind\n|move|p1b: Kingambit|Swords Dance|p1b: Kingambit\n|-boost|p1b: Kingambit|atk|2\n|\n|upkeep\n|turn|2\n|\n|t:|1788355518\n|detailschange|p2b: Charizard|Charizard-Mega-X, L50, M, shiny\n|-mega|p2b: Charizard|Charizard|Charizardite X\n|move|p1b: Kingambit|Sucker Punch|p2b: Charizard\n|-damage|p2b: Charizard|0 fnt\n|faint|p2b: Charizard\n|-damage|p1b: Kingambit|90/100|[from] item: Life Orb\n|move|p2a: Altaria|Dragon Cheer|p2: Charizard|[notarget]\n|-fail|p2a: Altaria\n|move|p1a: Raichu|Zap Cannon|p2a: Altaria\n|-damage|p2a: Altaria|35/100\n|-status|p2a: Altaria|par\n|-enditem|p2a: Altaria|Sitrus Berry|[eat]\n|-heal|p2a: Altaria|60/100 par|[from] item: Sitrus Berry\n|\n|upkeep\n|\n|t:|1788355532\n|switch|p2b: Gholdengo|Gholdengo, L50|100/100\n|turn|3\n|\n|t:|1788355546\n|move|p1b: Kingambit|Sucker Punch||[still]\n|-fail|p1b: Kingambit\n|move|p2b: Gholdengo|Trick|p1b: Kingambit\n|-activate|p2b: Gholdengo|move: Trick|[of] p1b: Kingambit\n|-item|p1b: Kingambit|Choice Scarf|[from] move: Trick\n|-item|p2b: Gholdengo|Life Orb|[from] move: Trick\n|move|p1a: Raichu|Zap Cannon|p2a: Altaria\n|-damage|p2a: Altaria|5/100 par\n|move|p2a: Altaria|Dazzling Gleam|p1b: Kingambit|[spread] p1a,p1b\n|-damage|p1a: Raichu|85/100\n|-damage|p1b: Kingambit|79/100\n|\n|upkeep\n|turn|4\n|inactive|lucas_genuino has 30 seconds left.\n|\n|t:|1788355580\n|switch|p2b: Sylveon|Sylveon, L50, F, shiny|100/100\n|move|p1b: Kingambit|Sucker Punch||[still]\n|-fail|p1b: Kingambit\n|move|p1a: Raichu|Zap Cannon|p2a: Altaria\n|-damage|p2a: Altaria|0 fnt\n|faint|p2a: Altaria\n|\n|-sideend|p2: lucas_genuino|move: Tailwind\n|upkeep\n|\n|t:|1788355588\n|switch|p2a: Gholdengo|Gholdengo, L50|100/100\n|turn|5\n|\n|t:|1788355609\n|move|p1b: Kingambit|Sucker Punch|p2a: Gholdengo\n|-supereffective|p2a: Gholdengo|1\n|-damage|p2a: Gholdengo|0 fnt\n|faint|p2a: Gholdengo\n|move|p1a: Raichu|Zap Cannon|p2b: Sylveon\n|-damage|p2b: Sylveon|47/100\n|-status|p2b: Sylveon|par\n|move|p2b: Sylveon|Hyper Voice|p1b: Kingambit|[spread] p1a,p1b\n|-damage|p1a: Raichu|19/100\n|-damage|p1b: Kingambit|30/100\n|\n|upkeep\n|turn|6\n|\n|t:|1788355621\n|move|p1b: Kingambit|Sucker Punch|p2b: Sylveon\n|-resisted|p2b: Sylveon|1\n|-damage|p2b: Sylveon|1/100 par\n|move|p2b: Sylveon|Quick Attack|p1b: Kingambit\n|-damage|p1b: Kingambit|22/100\n|move|p1a: Raichu|Zap Cannon|p2b: Sylveon\n|-damage|p2b: Sylveon|0 fnt\n|faint|p2b: Sylveon\n|\n|win|R1ply\n|raw|R1ply's rating: 1103 &rarr; <strong>1130</strong><br />(+27 for winning)\n|raw|lucas_genuino's rating: 1124 &rarr; <strong>1097</strong><br />(-27 for losing)\n|l|☆lucas_genuino\n|player|p2|\n","uploadtime":1788355635,"views":"1","formatid":"gen9championsvgc2026regmb","rating":1097,"private":0,"password":null}