{"id":"gen9championsvgc2026regmb-2674722692","format":"[Gen 9 Champions] VGC 2026 Reg M-B","players":["tmacp","king angu"],"log":"|j|☆tmacp\n|j|☆king angu\n|html|<table width=\"100%\"><tr><td align=\"left\">tmacp</td><td align=\"right\">king angu</tr><tr><td align=\"left\"><i class=\"fa fa-circle-o\"></i> <i class=\"fa fa-circle-o\"></i> </td><td align=\"right\"><i class=\"fa fa-circle-o\"></i> <i class=\"fa fa-circle\"></i> </tr></table>\n|uhtml|bestof|<h2><strong>Game 2</strong> of <a href=\"/game-bestof3-gen9championsvgc2026regmb-2674720287\">a best-of-3</a></h2>\n|t:|1788396035\n|gametype|doubles\n|player|p1|tmacp|2|\n|player|p2|king angu|169|\n|gen|9\n|tier|[Gen 9 Champions] VGC 2026 Reg M-B\n|rule|Species Clause: Limit one of each Pokémon\n|rule|Item Clause: Limit 1 of each item\n|raw|<div class=\"infobox\"><details class=\"readmore\" open><summary><strong>1 custom rule:</strong></summary> Best of = 3</details></div>\n|clearpoke\n|poke|p1|Metagross, L50, shiny|\n|poke|p1|Grimmsnarl, L50, M, shiny|\n|poke|p1|Pelipper, L50, F, shiny|\n|poke|p1|Archaludon, L50, M, shiny|\n|poke|p1|Flareon, L50, M, shiny|\n|poke|p1|Clawitzer, L50, F, shiny|\n|poke|p2|Floette-Eternal, L50, F|\n|poke|p2|Kingambit, L50, M|\n|poke|p2|Kleavor, L50, F|\n|poke|p2|Torkoal, L50, F|\n|poke|p2|Vileplume, L50, M|\n|poke|p2|Farigiraf, L50, M|\n|teampreview|4\n|inactive|Battle timer is ON: inactive players will automatically lose when time's up. (requested by king angu)\n|j| shinypantss\n|j| brehio11\n|j| ripley98\n|j| jackofharts9\n|inactive|tmacp has 60 seconds left.\n|\n|t:|1788396071\n|teamsize|p1|4\n|teamsize|p2|4\n|start\n|switch|p1a: Claw+|Metagross, L50, shiny|100/100\n|switch|p1b: Mom I'm on TV|Grimmsnarl, L50, M, shiny|100/100\n|switch|p2a: Farigiraf|Farigiraf, L50, M|100/100\n|switch|p2b: Vileplume|Vileplume, L50, M|100/100\n|turn|1\n|inactive|king angu has 30 seconds left.\n|j| rileyjawn baby\n|\n|t:|1788396101\n|switch|p2a: Torkoal|Torkoal, L50, F|100/100\n|-weather|SunnyDay|[from] ability: Drought|[of] p2a: Torkoal\n|detailschange|p1a: Claw+|Metagross-Mega, L50, shiny\n|-mega|p1a: Claw+|Metagross|Metagrossite\n|move|p1b: Mom I'm on TV|Taunt|p2a: Torkoal\n|-start|p2a: Torkoal|move: Taunt\n|move|p2b: Vileplume|Sleep Powder|p1a: Claw+\n|-status|p1a: Claw+|slp|[from] move: Sleep Powder\n|cant|p1a: Claw+|slp\n|\n|-weather|SunnyDay|[upkeep]\n|upkeep\n|turn|2\n|inactive|tmacp has 30 seconds left.\n|inactive|king angu has 30 seconds left.\n|\n|t:|1788396132\n|switch|p1a: Special Delivery|Pelipper, L50, F, shiny|100/100\n|-weather|RainDance|[from] ability: Drizzle|[of] p1a: Special Delivery\n|move|p1b: Mom I'm on TV|Light Screen|p1b: Mom I'm on TV\n|-sidestart|p1: tmacp|move: Light Screen\n|move|p2b: Vileplume|Sludge Bomb|p1b: Mom I'm on TV\n|-supereffective|p1b: Mom I'm on TV|1\n|-damage|p1b: Mom I'm on TV|50/100g\n|-status|p1b: Mom I'm on TV|psn\n|move|p2a: Torkoal|Eruption|p1a: Special Delivery|[spread] p1a,p1b\n|-resisted|p1a: Special Delivery|1\n|-damage|p1a: Special Delivery|86/100\n|-damage|p1b: Mom I'm on TV|36/100 psn\n|\n|-weather|RainDance|[upkeep]\n|-damage|p1b: Mom I'm on TV|23/100 psn|[from] psn\n|upkeep\n|turn|3\n|inactive|tmacp has 30 seconds left.\n|inactive|king angu has 30 seconds left.\n|inactive|king angu has 20 seconds left.\n|inactive|king angu has 15 seconds left.\n|\n|t:|1788396175\n|switch|p2b: Kingambit|Kingambit, L50, M|100/100\n|switch|p2a: Farigiraf|Farigiraf, L50, M|100/100\n|move|p1b: Mom I'm on TV|Reflect|p1b: Mom I'm on TV\n|-sidestart|p1: tmacp|Reflect\n|move|p1a: Special Delivery|Hurricane|p2b: Kingambit\n|-resisted|p2b: Kingambit|1\n|-damage|p2b: Kingambit|75/100\n|\n|-weather|RainDance|[upkeep]\n|-damage|p1b: Mom I'm on TV|11/100 psn|[from] psn\n|upkeep\n|turn|4\n|inactive|tmacp has 30 seconds left.\n|inactive|king angu has 30 seconds left.\n|inactive|king angu has 20 seconds left.\n|inactive|king angu has 15 seconds left.\n|inactive|king angu has 10 seconds left.\n|\n|t:|1788396224\n|move|p1b: Mom I'm on TV|Taunt||[still]\n|cant|p2a: Farigiraf|ability: Armor Tail|Taunt|[of] p1b: Mom I'm on TV\n|move|p1a: Special Delivery|Weather Ball|p2b: Kingambit\n|-damage|p2b: Kingambit|4/100\n|move|p2a: Farigiraf|Thunderbolt|p1a: Special Delivery\n|-supereffective|p1a: Special Delivery|2\n|-damage|p1a: Special Delivery|0 fnt\n|faint|p1a: Special Delivery\n|move|p2b: Kingambit|Iron Head|p1b: Mom I'm on TV\n|-supereffective|p1b: Mom I'm on TV|1\n|-damage|p1b: Mom I'm on TV|0 fnt\n|faint|p1b: Mom I'm on TV\n|\n|-weather|RainDance|[upkeep]\n|upkeep\n|\n|t:|1788396236\n|switch|p1a: Water Boy|Archaludon, L50, M, shiny|100/100\n|switch|p1b: Claw+|Metagross-Mega, L50, shiny|100/100 slp\n|turn|5\n|inactive|king angu has 30 seconds left.\n|inactive|tmacp has 30 seconds left.\n|inactive|king angu has 20 seconds left.\n|\n|t:|1788396276\n|switch|p2a: Torkoal|Torkoal, L50, F|100/100\n|-weather|SunnyDay|[from] ability: Drought|[of] p2a: Torkoal\n|move|p1a: Water Boy|Protect|p1a: Water Boy\n|-singleturn|p1a: Water Boy|Protect\n|cant|p1b: Claw+|slp\n|move|p2b: Kingambit|Kowtow Cleave|p1b: Claw+\n|-supereffective|p1b: Claw+|1\n|-damage|p1b: Claw+|40/100 slp\n|\n|-weather|SunnyDay|[upkeep]\n|upkeep\n|turn|6\n|inactive|king angu has 30 seconds left.\n|inactive|king angu has 20 seconds left.\n|inactive|king angu has 15 seconds left.\n|inactive|king angu has 10 seconds left.\n|inactive|king angu has 5 seconds left.\n|\n|t:|1788396330\n|move|p2b: Kingambit|Sucker Punch|p1a: Water Boy\n|-damage|p1a: Water Boy|77/100\n|-ability|p1a: Water Boy|Stamina|boost\n|-boost|p1a: Water Boy|def|1\n|-curestatus|p1b: Claw+|slp|[msg]\n|move|p1b: Claw+|Psychic Fangs|p2a: Torkoal\n|-damage|p2a: Torkoal|50/100g\n|move|p1a: Water Boy|Aura Sphere|p2a: Torkoal\n|-damage|p2a: Torkoal|14/100\n|move|p2a: Torkoal|Eruption|p1b: Claw+|[spread] p1a,p1b\n|-supereffective|p1b: Claw+|1\n|-damage|p1a: Water Boy|67/100\n|-damage|p1b: Claw+|22/100\n|-ability|p1a: Water Boy|Stamina|boost\n|-boost|p1a: Water Boy|def|1\n|\n|-weather|SunnyDay|[upkeep]\n|-heal|p1a: Water Boy|73/100|[from] item: Leftovers\n|upkeep\n|turn|7\n|inactive|tmacp has 30 seconds left.\n|inactive|king angu has 30 seconds left.\n|inactive|king angu has 20 seconds left.\n|inactive|king angu has 15 seconds left.\n|\n|t:|1788396375\n|move|p2b: Kingambit|Sucker Punch|p1b: Claw+\n|-supereffective|p1b: Claw+|1\n|-crit|p1b: Claw+\n|-damage|p1b: Claw+|0 fnt\n|faint|p1b: Claw+\n|move|p1a: Water Boy|Aura Sphere|p2b: Kingambit\n|-supereffective|p2b: Kingambit|2\n|-damage|p2b: Kingambit|0 fnt\n|faint|p2b: Kingambit\n|move|p2a: Torkoal|Earth Power|p1a: Water Boy\n|-supereffective|p1a: Water Boy|1\n|-damage|p1a: Water Boy|26/100\n|-ability|p1a: Water Boy|Stamina|boost\n|-boost|p1a: Water Boy|def|1\n|\n|-weather|SunnyDay|[upkeep]\n|-heal|p1a: Water Boy|32/100|[from] item: Leftovers\n|upkeep\n|\n|t:|1788396388\n|switch|p2b: Vileplume|Vileplume, L50, M|100/100\n|turn|8\n|\n|t:|1788396398\n|move|p2b: Vileplume|Pollen Puff|p2a: Torkoal\n|-heal|p2a: Torkoal|64/100\n|move|p1a: Water Boy|Aura Sphere|p2a: Torkoal\n|-damage|p2a: Torkoal|22/100\n|move|p2a: Torkoal|Earth Power|p1a: Water Boy\n|-supereffective|p1a: Water Boy|1\n|-damage|p1a: Water Boy|0 fnt\n|faint|p1a: Water Boy\n|\n|win|king angu\n|l|☆tmacp\n|player|p1|\n","uploadtime":1788396410,"views":"13","formatid":"gen9championsvgc2026regmb","rating":null,"private":0,"password":null}