{"id":"gen9championsvgc2026regmbbo3-2674444442","format":"[Gen 9 Champions] VGC 2026 Reg M-B (Bo3)","players":["Nonehereonlyme","Zelocke95"],"log":"|j|☆Nonehereonlyme\n|j|☆Zelocke95\n|html|<table width=\"100%\"><tr><td align=\"left\">Nonehereonlyme</td><td align=\"right\">Zelocke95</tr><tr><td align=\"left\"><i class=\"fa fa-circle-o\"></i> <i class=\"fa fa-circle-o\"></i> </td><td align=\"right\"><i class=\"fa fa-circle-o\"></i> <i class=\"fa fa-circle-o\"></i> </tr></table>\n|uhtml|bestof|<h2><strong>Game 1</strong> of <a href=\"/game-bestof3-gen9championsvgc2026regmbbo3-2674444441\">a best-of-3</a></h2>\n|t:|1788360571\n|gametype|doubles\n|player|p1|Nonehereonlyme|hiker-gen4|1000\n|player|p2|Zelocke95|clair|1049\n|gen|9\n|tier|[Gen 9 Champions] VGC 2026 Reg M-B (Bo3)\n|rated|\n|rule|Species Clause: Limit one of each Pokémon\n|rule|Item Clause: Limit 1 of each item\n|clearpoke\n|poke|p1|Dragonite, L50, M, shiny|\n|poke|p1|Whimsicott, L50, F, shiny|\n|poke|p1|Sinistcha, L50|\n|poke|p1|Pelipper, L50, M|\n|poke|p1|Swampert, L50, M|\n|poke|p1|Basculegion, L50, M|\n|poke|p2|Charizard, L50, M, shiny|\n|poke|p2|Pelipper, L50, M, shiny|\n|poke|p2|Basculegion, L50, M|\n|poke|p2|Venusaur, L50, M, shiny|\n|poke|p2|Incineroar, L50, F, shiny|\n|poke|p2|Sneasler, L50, M|\n|teampreview|4\n|showteam|p1|Dragonite||Dragoninite|Multiscale|Thunder,Hurricane,DracoMeteor,Protect|Modest||M|||50|]Whimsicott||LifeOrb|Prankster|Moonblast,Encore,Tailwind,Tickle|Timid||F|||50|]Sinistcha||SitrusBerry|Hospitality|MatchaGotcha,Hex,TrickRoom,RagePowder|Calm|||||50|]Pelipper||Leftovers|Drizzle|Hurricane,MuddyWater,IcyWind,Protect|Bold||M|||50|]Swampert||Swampertite|Torrent|WaveCrash,Earthquake,IcePunch,Protect|Adamant||M|||50|]Basculegion||ChoiceScarf|Adaptability|WaveCrash,FlipTurn,AquaJet,LastRespects|Adamant||M|||50|\n|showteam|p2|Charizard||CharizarditeY|Blaze|WeatherBall,HeatWave,SolarBeam,Protect|Timid||M|||50|]Pelipper||DampRock|Drizzle|WeatherBall,Protect,Tailwind,Hurricane|Bold||M|||50|]Basculegion||MysticWater|SwiftSwim|WaveCrash,AquaJet,LastRespects,Protect|Adamant||M|||50|]Venusaur||WideLens|Chlorophyll|SleepPowder,Protect,SludgeBomb,GigaDrain|Modest||M|||50|]Incineroar||SitrusBerry|Intimidate|FakeOut,PartingShot,FlareBlitz,Snarl|Brave||F|||50|]Sneasler||KingsRock|Unburden|Fling,DireClaw,CloseCombat,Protect|Adamant||M|||50|\n|inactive|Battle timer is ON: inactive players will automatically lose when time's up. (requested by Nonehereonlyme)\n|inactive|Nonehereonlyme has 60 seconds left.\n|\n|t:|1788360629\n|teamsize|p1|4\n|teamsize|p2|4\n|start\n|switch|p1a: LittleLaw|Whimsicott, L50, F, shiny|100/100\n|switch|p1b: Basculegion|Basculegion, L50, M|100/100\n|switch|p2a: El venoso|Venusaur, L50, M, shiny|100/100\n|switch|p2b: El pecao|Basculegion, L50, M|100/100\n|turn|1\n|inactive|Zelocke95 has 30 seconds left.\n|\n|t:|1788360660\n|move|p2b: El pecao|Protect|p2b: El pecao\n|-singleturn|p2b: El pecao|Protect\n|move|p1a: LittleLaw|Tailwind|p1a: LittleLaw\n|-sidestart|p1: Nonehereonlyme|move: Tailwind\n|move|p1b: Basculegion|Flip Turn|p2a: El venoso\n|-resisted|p2a: El venoso|1\n|-damage|p2a: El venoso|73/100\n|\n|t:|1788360675\n|switch|p1b: Pelipper|Pelipper, L50, M|100/100|[from] Flip Turn\n|-weather|RainDance|[from] ability: Drizzle|[of] p1b: Pelipper\n|move|p2a: El venoso|Sleep Powder|p1b: Pelipper\n|-status|p1b: Pelipper|slp|[from] move: Sleep Powder\n|\n|-weather|RainDance|[upkeep]\n|upkeep\n|turn|2\n|\n|t:|1788360690\n|move|p1a: LittleLaw|Encore|p2a: El venoso\n|-start|p2a: El venoso|Encore\n|move|p2b: El pecao|Last Respects|p1b: Pelipper\n|-damage|p1b: Pelipper|76/100 slp\n|cant|p1b: Pelipper|slp\n|move|p2a: El venoso|Sleep Powder|p1b: Pelipper\n|-fail|p1b: Pelipper|slp\n|\n|-weather|RainDance|[upkeep]\n|-heal|p1b: Pelipper|82/100 slp|[from] item: Leftovers\n|upkeep\n|turn|3\n|\n|t:|1788360708\n|switch|p2a: Alonsa|Charizard, L50, M, shiny|100/100\n|move|p2b: El pecao|Protect|p2b: El pecao\n|-singleturn|p2b: El pecao|Protect\n|move|p1a: LittleLaw|Moonblast|p2b: El pecao\n|-activate|p2b: El pecao|move: Protect\n|-curestatus|p1b: Pelipper|slp|[msg]\n|move|p1b: Pelipper|Hurricane|p2a: Alonsa\n|-damage|p2a: Alonsa|51/100\n|-start|p2a: Alonsa|confusion\n|\n|-weather|RainDance|[upkeep]\n|-heal|p1b: Pelipper|88/100|[from] item: Leftovers\n|upkeep\n|turn|4\n|inactive|Nonehereonlyme has 30 seconds left.\n|\n|t:|1788360737\n|switch|p2b: El venoso|Venusaur, L50, M, shiny|73/100\n|switch|p1b: Basculegion|Basculegion, L50, M|100/100\n|detailschange|p2a: Alonsa|Charizard-Mega-Y, L50, M, shiny\n|-mega|p2a: Alonsa|Charizard|Charizardite Y\n|-weather|SunnyDay|[from] ability: Drought|[of] p2a: Alonsa\n|-activate|p2a: Alonsa|confusion\n|-damage|p2a: Alonsa|40/100|[from] confusion\n|move|p1a: LittleLaw|Moonblast|p2a: Alonsa\n|-resisted|p2a: Alonsa|1\n|-damage|p2a: Alonsa|17/100\n|-damage|p1a: LittleLaw|90/100|[from] item: Life Orb\n|\n|-weather|SunnyDay|[upkeep]\n|-sideend|p1: Nonehereonlyme|move: Tailwind\n|upkeep\n|turn|5\n|inactive|Nonehereonlyme has 30 seconds left.\n|\n|t:|1788360763\n|-activate|p2a: Alonsa|confusion\n|move|p2a: Alonsa|Protect|p2a: Alonsa\n|-singleturn|p2a: Alonsa|Protect\n|move|p2b: El venoso|Sludge Bomb|p1a: LittleLaw\n|-supereffective|p1a: LittleLaw|2\n|-crit|p1a: LittleLaw\n|-damage|p1a: LittleLaw|0 fnt\n|faint|p1a: LittleLaw\n|move|p1b: Basculegion|Flip Turn|p2a: Alonsa\n|-activate|p2a: Alonsa|move: Protect\n|\n|-weather|SunnyDay|[upkeep]\n|upkeep\n|\n|t:|1788360769\n|switch|p1a: Pelipper|Pelipper, L50, M|88/100\n|-weather|RainDance|[from] ability: Drizzle|[of] p1a: Pelipper\n|turn|6\n|\n|t:|1788360782\n|switch|p2a: Tigre Toño|Incineroar, L50, F, shiny|100/100\n|-ability|p2a: Tigre Toño|Intimidate|boost\n|-unboost|p1a: Pelipper|atk|1\n|-unboost|p1b: Basculegion|atk|1\n|move|p1b: Basculegion|Flip Turn|p2a: Tigre Toño\n|-supereffective|p2a: Tigre Toño|1\n|-damage|p2a: Tigre Toño|18/100\n|-enditem|p2a: Tigre Toño|Sitrus Berry|[eat]\n|-heal|p2a: Tigre Toño|43/100|[from] item: Sitrus Berry\n|\n|t:|1788360800\n|switch|p1b: Texk|Dragonite, L50, M, shiny|100/100|[from] Flip Turn\n|move|p2b: El venoso|Sleep Powder|p1b: Texk\n|-status|p1b: Texk|slp|[from] move: Sleep Powder\n|move|p1a: Pelipper|Hurricane|p2b: El venoso\n|-supereffective|p2b: El venoso|1\n|-damage|p2b: El venoso|0 fnt\n|faint|p2b: El venoso\n|\n|-weather|RainDance|[upkeep]\n|-heal|p1a: Pelipper|94/100|[from] item: Leftovers\n|upkeep\n|\n|t:|1788360813\n|switch|p2b: Alonsa|Charizard-Mega-Y, L50, M, shiny|17/100\n|-weather|SunnyDay|[from] ability: Drought|[of] p2b: Alonsa\n|turn|7\n|\n|t:|1788360835\n|detailschange|p1b: Texk|Dragonite-Mega, L50, M, shiny\n|-mega|p1b: Texk|Dragonite|Dragoninite\n|move|p1a: Pelipper|Protect|p1a: Pelipper\n|-singleturn|p1a: Pelipper|Protect\n|move|p2a: Tigre Toño|Fake Out|p1a: Pelipper\n|-activate|p1a: Pelipper|move: Protect\n|move|p2b: Alonsa|Weather Ball|p1a: Pelipper\n|-activate|p1a: Pelipper|move: Protect\n|cant|p1b: Texk|slp\n|\n|-weather|SunnyDay|[upkeep]\n|-heal|p1a: Pelipper|100/100|[from] item: Leftovers\n|upkeep\n|turn|8\n|inactive|Zelocke95 has 30 seconds left.\n|\n|t:|1788360861\n|move|p2b: Alonsa|Heat Wave|p1b: Texk|[spread] p1a,p1b\n|-resisted|p1a: Pelipper|1\n|-resisted|p1b: Texk|1\n|-damage|p1a: Pelipper|64/100\n|-damage|p1b: Texk|87/100 slp\n|cant|p1b: Texk|slp\n|move|p1a: Pelipper|Muddy Water|p2b: Alonsa|[spread] p2a\n|-miss|p1a: Pelipper|p2b: Alonsa\n|-supereffective|p2a: Tigre Toño|1\n|-damage|p2a: Tigre Toño|25/100\n|-unboost|p2a: Tigre Toño|accuracy|1\n|move|p2a: Tigre Toño|Parting Shot|p1b: Texk\n|-unboost|p1b: Texk|atk|1\n|-unboost|p1b: Texk|spa|1\n|\n|t:|1788360876\n|switch|p2a: El pecao|Basculegion, L50, M|100/100|[from] Parting Shot\n|\n|-weather|SunnyDay|[upkeep]\n|-heal|p1a: Pelipper|70/100|[from] item: Leftovers\n|upkeep\n|turn|9\n|\n|t:|1788360884\n|switch|p2a: Tigre Toño|Incineroar, L50, F, shiny|25/100\n|-ability|p2a: Tigre Toño|Intimidate|boost\n|-unboost|p1a: Pelipper|atk|1\n|-unboost|p1b: Texk|atk|1\n|switch|p1a: Basculegion|Basculegion, L50, M|100/100\n|move|p2b: Alonsa|Protect|p2b: Alonsa\n|-singleturn|p2b: Alonsa|Protect\n|-curestatus|p1b: Texk|slp|[msg]\n|move|p1b: Texk|Draco Meteor|p2b: Alonsa\n|-activate|p2b: Alonsa|move: Protect\n|\n|-weather|SunnyDay|[upkeep]\n|upkeep\n|turn|10\n|\n|t:|1788360907\n|move|p2a: Tigre Toño|Fake Out|p1b: Texk\n|-damage|p1b: Texk|75/100\n|move|p1a: Basculegion|Flip Turn|p2b: Alonsa\n|-supereffective|p2b: Alonsa|1\n|-damage|p2b: Alonsa|0 fnt\n|faint|p2b: Alonsa\n|\n|t:|1788360917\n|switch|p1a: Pelipper|Pelipper, L50, M|70/100|[from] Flip Turn\n|-weather|RainDance|[from] ability: Drizzle|[of] p1a: Pelipper\n|cant|p1b: Texk|flinch\n|\n|-weather|RainDance|[upkeep]\n|-heal|p1a: Pelipper|76/100|[from] item: Leftovers\n|upkeep\n|\n|t:|1788360925\n|switch|p2b: El pecao|Basculegion, L50, M|100/100\n|turn|11\n|\n|t:|1788360939\n|move|p2b: El pecao|Last Respects|p1a: Pelipper\n|-damage|p1a: Pelipper|7/100\n|move|p1b: Texk|Thunder|p2b: El pecao\n|-supereffective|p2b: El pecao|1\n|-damage|p2b: El pecao|35/100\n|move|p1a: Pelipper|Muddy Water|p2a: Tigre Toño|[spread] p2b\n|-miss|p1a: Pelipper|p2a: Tigre Toño\n|-resisted|p2b: El pecao|1\n|-damage|p2b: El pecao|16/100\n|move|p2a: Tigre Toño|Snarl|p1b: Texk|[spread] p1a,p1b\n|-damage|p1a: Pelipper|0 fnt\n|-damage|p1b: Texk|66/100\n|-unboost|p1b: Texk|spa|1\n|faint|p1a: Pelipper\n|\n|-weather|RainDance|[upkeep]\n|upkeep\n|\n|t:|1788360951\n|switch|p1a: Basculegion|Basculegion, L50, M|100/100\n|turn|12\n|\n|t:|1788360965\n|move|p1a: Basculegion|Aqua Jet|p2b: El pecao\n|-resisted|p2b: El pecao|1\n|-damage|p2b: El pecao|0 fnt\n|faint|p2b: El pecao\n|move|p1b: Texk|Hurricane|p2a: Tigre Toño\n|-damage|p2a: Tigre Toño|0 fnt\n|faint|p2a: Tigre Toño\n|\n|win|Nonehereonlyme\n||Zelocke95 is ready for game 2.\n|inactive|Nonehereonlyme has 30 seconds to confirm battle start!\n||Nonehereonlyme is ready for game 2.\n|uhtml|next|Next: <a href=\"/battle-gen9championsvgc2026regmbbo3-2674447799\"><strong>Game 2 of 3</strong></a>\n|l|☆Zelocke95\n|player|p2|\n|l|☆Nonehereonlyme\n|player|p1|\n|j|☆Nonehereonlyme\n|player|p1|Nonehereonlyme|hiker-gen4|\n","uploadtime":1788361266,"views":"2","formatid":"gen9championsvgc2026regmbbo3","rating":null,"private":0,"password":null}