{"id":"gen9championsvgc2026regmb-2674262282","format":"[Gen 9 Champions] VGC 2026 Reg M-B","players":["Thornlace48812","kobietdattengi"],"log":"|j|☆Thornlace48812\n|j|☆kobietdattengi\n|t:|1788326064\n|gametype|doubles\n|player|p1|Thornlace48812|1|1081\n|player|p2|kobietdattengi|101|1053\n|gen|9\n|tier|[Gen 9 Champions] VGC 2026 Reg M-B\n|rated|\n|rule|Species Clause: Limit one of each Pokémon\n|rule|Item Clause: Limit 1 of each item\n|clearpoke\n|poke|p1|Garchomp, L50, M|\n|poke|p1|Charizard, L50, M|\n|poke|p1|Whimsicott, L50, F|\n|poke|p1|Sylveon, L50, F|\n|poke|p1|Kingambit, L50, F|\n|poke|p1|Basculegion, L50, M|\n|poke|p2|Grimmsnarl, L50, M|\n|poke|p2|Swampert, L50, M|\n|poke|p2|Pelipper, L50, F|\n|poke|p2|Archaludon, L50, F|\n|poke|p2|Venusaur, L50, M|\n|poke|p2|Charizard, L50, F|\n|teampreview|4\n|inactive|Battle timer is ON: inactive players will automatically lose when time's up. (requested by Thornlace48812)\nThornlace48812 rejected open team sheets.\n|\n|t:|1788326094\n|teamsize|p1|4\n|teamsize|p2|4\n|start\n|switch|p1a: Charizard|Charizard, L50, M|100/100\n|switch|p1b: Whimsicott|Whimsicott, L50, F|100/100\n|switch|p2a: Grimmsnarl|Grimmsnarl, L50, M|100/100\n|switch|p2b: Charizard|Charizard, L50, F|100/100\n|turn|1\n|\n|t:|1788326108\n|detailschange|p2b: Charizard|Charizard-Mega-Y, L50, F\n|-mega|p2b: Charizard|Charizard|Charizardite Y\n|-weather|SunnyDay|[from] ability: Drought|[of] p2b: Charizard\n|move|p1b: Whimsicott|Protect|p1b: Whimsicott\n|-singleturn|p1b: Whimsicott|Protect\n|move|p1a: Charizard|Protect|p1a: Charizard\n|-singleturn|p1a: Charizard|Protect\n|move|p2a: Grimmsnarl|Light Screen|p2a: Grimmsnarl\n|-sidestart|p2: kobietdattengi|move: Light Screen\n|move|p2b: Charizard|Ancient Power|p1a: Charizard\n|-activate|p1a: Charizard|move: Protect\n|\n|-weather|SunnyDay|[upkeep]\n|upkeep\n|turn|2\n|\n|t:|1788326129\n|detailschange|p1a: Charizard|Charizard-Mega-Y, L50, M\n|-mega|p1a: Charizard|Charizard|Charizardite Y\n|move|p1b: Whimsicott|Encore|p2b: Charizard\n|-start|p2b: Charizard|Encore\n|move|p2a: Grimmsnarl|Reflect|p2a: Grimmsnarl\n|-sidestart|p2: kobietdattengi|Reflect\n|move|p1a: Charizard|Heat Wave|p2b: Charizard|[spread] p2a,p2b\n|-resisted|p2b: Charizard|1\n|-damage|p2a: Grimmsnarl|59/100\n|-damage|p2b: Charizard|80/100\n|move|p2b: Charizard|Ancient Power|p1a: Charizard\n|-supereffective|p1a: Charizard|2\n|-damage|p1a: Charizard|0 fnt\n|faint|p1a: Charizard\n|\n|-weather|SunnyDay|[upkeep]\n|upkeep\n|\n|t:|1788326129\n|switch|p1a: Garchomp|Garchomp, L50, M|100/100\n|turn|3\n|\n|t:|1788326154\n|switch|p2b: Archaludon|Archaludon, L50, F|100/100\n|move|p1b: Whimsicott|Tailwind|p1b: Whimsicott\n|-sidestart|p1: Thornlace48812|move: Tailwind\n|move|p2a: Grimmsnarl|Parting Shot|p1a: Garchomp\n|-unboost|p1a: Garchomp|atk|1\n|-unboost|p1a: Garchomp|spa|1\n|\n|t:|1788326161\n|switch|p2a: Pelipper|Pelipper, L50, F|100/100|[from] Parting Shot\n|-weather|RainDance|[from] ability: Drizzle|[of] p2a: Pelipper\n|move|p1a: Garchomp|Rock Slide|p2a: Pelipper|[spread] p2a\n|-miss|p1a: Garchomp|p2b: Archaludon\n|-supereffective|p2a: Pelipper|1\n|-damage|p2a: Pelipper|77/100\n|-damage|p1a: Garchomp|90/100|[from] item: Life Orb\n|\n|-weather|RainDance|[upkeep]\n|upkeep\n|turn|4\n|\n|t:|1788326178\n|move|p1b: Whimsicott|Moonblast|p2a: Pelipper\n|-damage|p2a: Pelipper|50/100g\n|move|p1a: Garchomp|Earthquake|p2b: Archaludon|[spread] p1b,p2b\n|-immune|p2a: Pelipper\n|-resisted|p1b: Whimsicott|1\n|-supereffective|p2b: Archaludon|1\n|-damage|p1b: Whimsicott|75/100\n|-damage|p2b: Archaludon|62/100\n|-ability|p2b: Archaludon|Stamina|boost\n|-boost|p2b: Archaludon|def|1\n|-damage|p1a: Garchomp|80/100|[from] item: Life Orb\n|move|p2b: Archaludon|Electro Shot||[still]\n|-prepare|p2b: Archaludon|Electro Shot\n|-boost|p2b: Archaludon|spa|1\n|-anim|p2b: Archaludon|Electro Shot|p1b: Whimsicott\n|-resisted|p1b: Whimsicott|1\n|-damage|p1b: Whimsicott|22/100\n|move|p2a: Pelipper|Hurricane|p1b: Whimsicott\n|-supereffective|p1b: Whimsicott|1\n|-damage|p1b: Whimsicott|0 fnt\n|faint|p1b: Whimsicott\n|\n|-weather|RainDance|[upkeep]\n|-heal|p2b: Archaludon|69/100|[from] item: Leftovers\n|upkeep\n|\n|t:|1788326178\n|switch|p1b: Basculegion|Basculegion, L50, M|100/100\n|turn|5\n|inactive|kobietdattengi has 30 seconds left.\n|\n|t:|1788326208\n|switch|p2a: Grimmsnarl|Grimmsnarl, L50, M|59/100\n|move|p1a: Garchomp|Dragon Claw|p2a: Grimmsnarl\n|-immune|p2a: Grimmsnarl\n|move|p1b: Basculegion|Last Respects|p2b: Archaludon\n|-damage|p2b: Archaludon|38/100\n|-ability|p2b: Archaludon|Stamina|boost\n|-boost|p2b: Archaludon|def|1\n|move|p2b: Archaludon|Electro Shot||[still]\n|-prepare|p2b: Archaludon|Electro Shot\n|-boost|p2b: Archaludon|spa|1\n|-anim|p2b: Archaludon|Electro Shot|p1b: Basculegion\n|-supereffective|p1b: Basculegion|1\n|-damage|p1b: Basculegion|0 fnt\n|faint|p1b: Basculegion\n|\n|-weather|RainDance|[upkeep]\n|-heal|p2b: Archaludon|44/100|[from] item: Leftovers\n|upkeep\n|turn|6\n|inactive|kobietdattengi has 30 seconds left.\n|\n|t:|1788326236\n|move|p1a: Garchomp|Earthquake|p2a: Grimmsnarl|[spread] p2a,p2b\n|-supereffective|p2b: Archaludon|1\n|-damage|p2a: Grimmsnarl|37/100\n|-damage|p2b: Archaludon|26/100\n|-ability|p2b: Archaludon|Stamina|boost\n|-boost|p2b: Archaludon|def|1\n|-damage|p1a: Garchomp|70/100|[from] item: Life Orb\n|move|p2b: Archaludon|Dragon Pulse|p1a: Garchomp\n|-supereffective|p1a: Garchomp|1\n|-damage|p1a: Garchomp|0 fnt\n|faint|p1a: Garchomp\n|\n|win|kobietdattengi\n|raw|Thornlace48812's rating: 1100 &rarr; <strong>1072</strong><br />(-28 for losing)\n|raw|kobietdattengi's rating: 1053 &rarr; <strong>1089</strong><br />(+36 for winning)\n","uploadtime":1788326236,"views":"0","formatid":"gen9championsvgc2026regmb","rating":1072,"private":0,"password":null}