{"id":"gen9championsvgc2026regmbbo3-2674177855","format":"[Gen 9 Champions] VGC 2026 Reg M-B (Bo3)","players":["oapals121","gorillastew"],"log":"|j|☆oapals121\n|j|☆gorillastew\n|html|<table width=\"100%\"><tr><td align=\"left\">oapals121</td><td align=\"right\">gorillastew</tr><tr><td align=\"left\"><i class=\"fa fa-circle-o\"></i> <i class=\"fa fa-circle-o\"></i> </td><td align=\"right\"><i class=\"fa fa-circle-o\"></i> <i class=\"fa fa-circle-o\"></i> </tr></table>\n|uhtml|bestof|<h2><strong>Game 1</strong> of <a href=\"/game-bestof3-gen9championsvgc2026regmbbo3-2674177854\">a best-of-3</a></h2>\n|t:|1788310872\n|gametype|doubles\n|player|p1|oapals121|blue|1099\n|player|p2|gorillastew|clerkf|1119\n|gen|9\n|tier|[Gen 9 Champions] VGC 2026 Reg M-B (Bo3)\n|rated|\n|rule|Species Clause: Limit one of each Pokémon\n|rule|Item Clause: Limit 1 of each item\n|clearpoke\n|poke|p1|Staraptor, L50, F|\n|poke|p1|Glimmora, L50, F|\n|poke|p1|Farigiraf, L50, F|\n|poke|p1|Whimsicott, L50, F|\n|poke|p1|Sneasler, L50, M|\n|poke|p1|Camerupt, L50, M|\n|poke|p2|Glimmora, L50, M, shiny|\n|poke|p2|Whimsicott, L50, M|\n|poke|p2|Orthworm, L50, M, shiny|\n|poke|p2|Basculegion, L50, M|\n|poke|p2|Raichu, L50, M|\n|poke|p2|Ninetales-Alola, L50, M|\n|teampreview|4\n|showteam|p1|Staraptor||Staraptite|Intimidate|DualWingbeat,CloseCombat,Roost,Protect|Jolly||F|||50|]Glimmora||Leftovers|ToxicDebris|SludgeBomb,PowerGem,EarthPower,SpikyShield|Modest||F|||50|]Farigiraf||SitrusBerry|ArmorTail|Psychic,TrickRoom,HelpingHand,Protect|Sassy||F|||50|]Whimsicott||FocusSash|Prankster|Moonblast,Tailwind,Charm,FakeTears|Timid||F|||50|]Sneasler||LifeOrb|PoisonTouch|CloseCombat,PoisonJab,RockSlide,FakeOut|Adamant||M|||50|]Camerupt||Cameruptite|SolidRock|Protect,EarthPower,HeatWave,AncientPower|Quiet||M|||50|\n|showteam|p2|Glimmora||Glimmoranite|ToxicDebris|SpikyShield,SludgeBomb,PowerGem,EarthPower|Timid||M|||50|]Whimsicott||FocusSash|Prankster|Tailwind,Moonblast,Encore,Protect|Modest||M|||50|]Orthworm||Leftovers|EarthEater|HeavySlam,Protect,IronDefense,BodyPress|Impish||M|||50|]Basculegion||LifeOrb|Adaptability|LastRespects,WaveCrash,AquaJet,Protect|Jolly||M|||50|]Raichu||RaichuniteY|LightningRod|ZapCannon,Protect,FakeOut,FocusBlast|Modest||M|||50|]Ninetales-Alola||NeverMeltIce|SnowWarning|Blizzard,AuroraVeil,FreezeDry,Protect|Timid||M|||50|\n|inactive|Battle timer is ON: inactive players will automatically lose when time's up. (requested by oapals121)\n|\n|t:|1788310905\n|teamsize|p1|4\n|teamsize|p2|4\n|start\n|switch|p1a: Farigiraf|Farigiraf, L50, F|100/100\n|switch|p1b: Sneasler|Sneasler, L50, M|100/100\n|switch|p2a: Whimsicott|Whimsicott, L50, M|100/100\n|switch|p2b: Glimmora|Glimmora, L50, M, shiny|100/100\n|turn|1\n|inactive|gorillastew has 30 seconds left.\n|\n|t:|1788310935\n|move|p1b: Sneasler|Fake Out|p2b: Glimmora\n|-resisted|p2b: Glimmora|1\n|-crit|p2b: Glimmora\n|-damage|p2b: Glimmora|81/100\n|-activate|p2b: Glimmora|ability: Toxic Debris\n|-sidestart|p1: oapals121|move: Toxic Spikes\n|-damage|p1b: Sneasler|90/100|[from] item: Life Orb\n|cant|p2b: Glimmora|flinch\n|move|p2a: Whimsicott|Moonblast|p1a: Farigiraf\n|-damage|p1a: Farigiraf|68/100\n|move|p1a: Farigiraf|Trick Room|p1a: Farigiraf\n|-fieldstart|move: Trick Room|[of] p1a: Farigiraf\n|\n|upkeep\n|turn|2\n|\n|t:|1788310952\n|move|p2b: Glimmora|Spiky Shield|p2b: Glimmora\n|-singleturn|p2b: Glimmora|move: Protect\n|move|p1a: Farigiraf|Psychic|p2b: Glimmora\n|-activate|p2b: Glimmora|move: Protect\n|move|p2a: Whimsicott|Moonblast|p1b: Sneasler\n|-damage|p1b: Sneasler|42/100\n|move|p1b: Sneasler|Poison Jab|p2a: Whimsicott\n|-supereffective|p2a: Whimsicott|2\n|-enditem|p2a: Whimsicott|Focus Sash\n|-damage|p2a: Whimsicott|1/100\n|-damage|p1b: Sneasler|33/100|[from] item: Life Orb\n|\n|upkeep\n|turn|3\n|inactive|gorillastew has 30 seconds left.\n|\n|t:|1788310982\n|switch|p2b: Ninetales|Ninetales-Alola, L50, M|100/100\n|-weather|Snowscape|[from] ability: Snow Warning|[of] p2b: Ninetales\n|move|p1a: Farigiraf|Psychic|p2b: Ninetales\n|-damage|p2b: Ninetales|60/100\n|move|p2a: Whimsicott|Moonblast|p1b: Sneasler\n|-damage|p1b: Sneasler|0 fnt\n|faint|p1b: Sneasler\n|\n|-weather|Snowscape|[upkeep]\n|upkeep\n|\n|t:|1788310991\n|switch|p1b: Camerupt|Camerupt, L50, M|100/100\n|-status|p1b: Camerupt|psn\n|turn|4\n|\n|t:|1788311009\n|switch|p2b: Basculegion|Basculegion, L50, M|100/100\n|detailschange|p1b: Camerupt|Camerupt-Mega, L50, M\n|-mega|p1b: Camerupt|Camerupt|Cameruptite\n|move|p1a: Farigiraf|Helping Hand|p1b: Camerupt\n|-singleturn|p1b: Camerupt|Helping Hand|[of] p1a: Farigiraf\n|move|p2a: Whimsicott|Protect|p2a: Whimsicott\n|-singleturn|p2a: Whimsicott|Protect\n|move|p1b: Camerupt|Heat Wave|p2a: Whimsicott|[spread] p2b\n|-activate|p2a: Whimsicott|move: Protect\n|-resisted|p2b: Basculegion|1\n|-damage|p2b: Basculegion|54/100\n|\n|-weather|Snowscape|[upkeep]\n|-damage|p1b: Camerupt|87/100 psn|[from] psn\n|upkeep\n|turn|5\n|inactive|gorillastew has 30 seconds left.\n|\n|t:|1788311036\n|move|p2b: Basculegion|Protect|p2b: Basculegion\n|-singleturn|p2b: Basculegion|Protect\n|move|p2a: Whimsicott|Tailwind|p2a: Whimsicott\n|-sidestart|p2: gorillastew|move: Tailwind\n|move|p1b: Camerupt|Heat Wave|p2a: Whimsicott|[spread] p2a\n|-activate|p2b: Basculegion|move: Protect\n|-supereffective|p2a: Whimsicott|1\n|-damage|p2a: Whimsicott|0 fnt\n|faint|p2a: Whimsicott\n|move|p1a: Farigiraf|Psychic|p2b: Basculegion\n|-activate|p2b: Basculegion|move: Protect\n|\n|-weather|Snowscape|[upkeep]\n|-damage|p1b: Camerupt|75/100 psn|[from] psn\n|-fieldend|move: Trick Room\n|upkeep\n|\n|t:|1788311049\n|switch|p2a: Glimmora|Glimmora, L50, M, shiny|81/100\n|turn|6\n|\n|t:|1788311062\n|detailschange|p2a: Glimmora|Glimmora-Mega, L50, M, shiny\n|-mega|p2a: Glimmora|Glimmora|Glimmoranite\n|move|p1b: Camerupt|Protect|p1b: Camerupt\n|-singleturn|p1b: Camerupt|Protect\n|move|p2a: Glimmora|Sludge Bomb|p1a: Farigiraf\n|-damage|p1a: Farigiraf|16/100\n|-status|p1a: Farigiraf|psn\n|-enditem|p1a: Farigiraf|Sitrus Berry|[eat]\n|-heal|p1a: Farigiraf|41/100 psn|[from] item: Sitrus Berry\n|move|p2b: Basculegion|Wave Crash|p1b: Camerupt\n|-activate|p1b: Camerupt|move: Protect\n|move|p1a: Farigiraf|Trick Room|p1a: Farigiraf\n|-fieldstart|move: Trick Room|[of] p1a: Farigiraf\n|\n|-weather|Snowscape|[upkeep]\n|-damage|p1b: Camerupt|62/100 psn|[from] psn\n|-damage|p1a: Farigiraf|28/100 psn|[from] psn\n|upkeep\n|turn|7\n|\n|t:|1788311086\n|move|p2a: Glimmora|Spiky Shield|p2a: Glimmora\n|-singleturn|p2a: Glimmora|move: Protect\n|move|p1b: Camerupt|Heat Wave|p2a: Glimmora|[spread] p2b\n|-activate|p2a: Glimmora|move: Protect\n|-resisted|p2b: Basculegion|1\n|-damage|p2b: Basculegion|21/100\n|move|p1a: Farigiraf|Psychic|p2b: Basculegion\n|-damage|p2b: Basculegion|0 fnt\n|faint|p2b: Basculegion\n|\n|-weather|none\n|-damage|p1b: Camerupt|50/100g psn|[from] psn\n|-damage|p1a: Farigiraf|16/100 psn|[from] psn\n|upkeep\n|\n|t:|1788311098\n|switch|p2b: Ninetales|Ninetales-Alola, L50, M|60/100\n|-weather|Snowscape|[from] ability: Snow Warning|[of] p2b: Ninetales\n|turn|8\n|\n|t:|1788311107\n|move|p1b: Camerupt|Heat Wave|p2b: Ninetales|[spread] p2b\n|-miss|p1b: Camerupt|p2a: Glimmora\n|-supereffective|p2b: Ninetales|1\n|-damage|p2b: Ninetales|0 fnt\n|faint|p2b: Ninetales\n|move|p1a: Farigiraf|Psychic|p2a: Glimmora\n|-supereffective|p2a: Glimmora|1\n|-damage|p2a: Glimmora|0 fnt\n|faint|p2a: Glimmora\n|\n|win|oapals121\n||gorillastew is ready for game 2.\n||oapals121 is ready for game 2.\n|uhtml|next|Next: <a href=\"/battle-gen9championsvgc2026regmbbo3-2674179396\"><strong>Game 2 of 3</strong></a>\n","uploadtime":1788311497,"views":"0","formatid":"gen9championsvgc2026regmbbo3","rating":null,"private":0,"password":null}