{"id":"gen9championsvgc2026regmbbo3-2674017015","format":"[Gen 9 Champions] VGC 2026 Reg M-B (Bo3)","players":["JJJ0k3","Buggy00k"],"log":"|j|☆JJJ0k3\n|j|☆Buggy00k\n|html|<table width=\"100%\"><tr><td align=\"left\">JJJ0k3</td><td align=\"right\">Buggy00k</tr><tr><td align=\"left\"><i class=\"fa fa-circle\"></i> <i class=\"fa fa-circle-o\"></i> </td><td align=\"right\"><i class=\"fa fa-circle-o\"></i> <i class=\"fa fa-circle\"></i> </tr></table>\n|uhtml|bestof|<h2><strong>Game 3</strong> of <a href=\"/game-bestof3-gen9championsvgc2026regmbbo3-2674013903\">a best-of-3</a></h2>\n|t:|1788288639\n|gametype|doubles\n|player|p1|JJJ0k3|266|1079\n|player|p2|Buggy00k|101|1084\n|gen|9\n|tier|[Gen 9 Champions] VGC 2026 Reg M-B (Bo3)\n|rated|\n|rule|Species Clause: Limit one of each Pokémon\n|rule|Item Clause: Limit 1 of each item\n|clearpoke\n|poke|p1|Dragonite, L50, M|\n|poke|p1|Mawile, L50, F|\n|poke|p1|Aerodactyl, L50, M|\n|poke|p1|Aromatisse, L50, F|\n|poke|p1|Sinistcha, L50|\n|poke|p1|Aegislash, L50, M|\n|poke|p2|Froslass, L50, F|\n|poke|p2|Blaziken, L50, F, shiny|\n|poke|p2|Kingambit, L50, M, shiny|\n|poke|p2|Basculegion, L50, M|\n|poke|p2|Dragonite, L50, M, shiny|\n|poke|p2|Farigiraf, L50, M, shiny|\n|teampreview|4\n|showteam|p1|Dragonite||Dragoninite|InnerFocus|Protect,AirSlash,Thunderbolt,DracoMeteor|Modest||M|||50|]Mawile||Mawilite|HyperCutter|PlayRough,SuckerPunch,IronHead,Protect|Brave||F|||50|]Aerodactyl||FocusSash|Unnerve|DualWingbeat,RockSlide,WideGuard,Tailwind|Jolly||M|||50|]Aromatisse||KebiaBerry|AromaVeil|Disable,Moonblast,TrickRoom,HealPulse|Sassy||F|||50|]Sinistcha||SitrusBerry|Hospitality|MatchaGotcha,TrickRoom,RagePowder,Protect|Relaxed|||||50|]Aegislash||Leftovers|StanceChange|KingsShield,ShadowSneak,SacredSword,IronHead|Careful||M|||50|\n|showteam|p2|Froslass||Froslassite|SnowCloak|ShadowBall,Blizzard,AuroraVeil,Protect|Timid||F|||50|]Blaziken||Blazikenite|SpeedBoost|FlareBlitz,CloseCombat,RockSlide,Detect|Adamant||F|||50|]Kingambit||ChopleBerry|Defiant|KowtowCleave,SuckerPunch,IronHead,Protect|Adamant||M|||50|]Basculegion||ChoiceScarf|Adaptability|FlipTurn,AquaJet,WaveCrash,LastRespects|Jolly||M|||50|]Dragonite||LifeOrb|InnerFocus|DragonClaw,ExtremeSpeed,LowKick,Protect|Adamant||M|||50|]Farigiraf||SitrusBerry|ArmorTail|Psychic,Thunderbolt,TrickRoom,NastyPlot|Relaxed||M|||50|\n|\n|t:|1788288699\n|teamsize|p1|4\n|teamsize|p2|4\n|start\n|switch|p1a: Dragonite|Dragonite, L50, M|100/100\n|switch|p1b: Aerodactyl|Aerodactyl, L50, M|100/100\n|switch|p2a: Kingambit|Kingambit, L50, M, shiny|100/100\n|switch|p2b: Blaziken|Blaziken, L50, F, shiny|100/100\n|-ability|p1b: Aerodactyl|Unnerve\n|turn|1\n|l|☆JJJ0k3\n|player|p1|\n|j|☆JJJ0k3\n|player|p1|JJJ0k3|266|\n|\n|t:|1788288719\n|switch|p2b: Farigiraf|Farigiraf, L50, M, shiny|100/100\n|detailschange|p1a: Dragonite|Dragonite-Mega, L50, M\n|-mega|p1a: Dragonite|Dragonite|Dragoninite\n|move|p1b: Aerodactyl|Tailwind|p1b: Aerodactyl\n|-sidestart|p1: JJJ0k3|move: Tailwind\n|move|p1a: Dragonite|Air Slash|p2b: Farigiraf\n|-damage|p2b: Farigiraf|56/100\n|move|p2a: Kingambit|Iron Head|p1b: Aerodactyl\n|-supereffective|p1b: Aerodactyl|1\n|-enditem|p1b: Aerodactyl|Focus Sash\n|-damage|p1b: Aerodactyl|1/100\n|\n|upkeep\n|turn|2\n|\n|t:|1788288745\n|switch|p1b: Aegislash|Aegislash, L50, M|100/100\n|move|p2a: Kingambit|Sucker Punch||[still]\n|-fail|p2a: Kingambit\n|move|p1a: Dragonite|Air Slash|p2b: Farigiraf\n|-damage|p2b: Farigiraf|13/100\n|-enditem|p2b: Farigiraf|Sitrus Berry|[eat]\n|-heal|p2b: Farigiraf|38/100|[from] item: Sitrus Berry\n|move|p2b: Farigiraf|Trick Room|p2b: Farigiraf\n|-fieldstart|move: Trick Room|[of] p2b: Farigiraf\n|\n|upkeep\n|turn|3\n|\n|t:|1788288771\n|move|p2b: Farigiraf|Psychic|p1a: Dragonite\n|-damage|p1a: Dragonite|86/100\n|move|p2a: Kingambit|Kowtow Cleave|p1b: Aegislash\n|-supereffective|p1b: Aegislash|1\n|-damage|p1b: Aegislash|30/100\n|-formechange|p1b: Aegislash|Aegislash-Blade|\n|move|p1b: Aegislash|Sacred Sword|p2a: Kingambit\n|-supereffective|p2a: Kingambit|2\n|-enditem|p2a: Kingambit|Chople Berry|[eat]\n|-enditem|p2a: Kingambit|Chople Berry|[weaken]\n|-damage|p2a: Kingambit|57/100\n|move|p1a: Dragonite|Air Slash|p2a: Kingambit\n|-resisted|p2a: Kingambit|1\n|-damage|p2a: Kingambit|34/100\n|\n|-heal|p1b: Aegislash|36/100|[from] item: Leftovers\n|upkeep\n|turn|4\n|\n|t:|1788288794\n|-formechange|p1b: Aegislash|Aegislash|\n|move|p1b: Aegislash|King's Shield|p1b: Aegislash\n|-singleturn|p1b: Aegislash|Protect\n|move|p1a: Dragonite|Protect|p1a: Dragonite\n|-singleturn|p1a: Dragonite|Protect\n|move|p2b: Farigiraf|Psychic|p1a: Dragonite\n|-activate|p1a: Dragonite|move: Protect\n|move|p2a: Kingambit|Kowtow Cleave|p1a: Dragonite\n|-activate|p1a: Dragonite|move: Protect\n|\n|-heal|p1b: Aegislash|42/100|[from] item: Leftovers\n|-sideend|p1: JJJ0k3|move: Tailwind\n|upkeep\n|turn|5\n|\n|t:|1788288826\n|switch|p1a: Sinistcha|Sinistcha, L50|100/100\n|-heal|p1b: Aegislash|67/100|[from] ability: Hospitality|[of] p1a: Sinistcha\n|move|p2a: Kingambit|Sucker Punch|p1b: Aegislash\n|-supereffective|p1b: Aegislash|1\n|-damage|p1b: Aegislash|4/100\n|move|p2b: Farigiraf|Psychic|p1a: Sinistcha\n|-damage|p1a: Sinistcha|59/100\n|-formechange|p1b: Aegislash|Aegislash-Blade|\n|move|p1b: Aegislash|Sacred Sword|p2a: Kingambit\n|-supereffective|p2a: Kingambit|2\n|-damage|p2a: Kingambit|0 fnt\n|faint|p2a: Kingambit\n|\n|-heal|p1b: Aegislash|10/100|[from] item: Leftovers\n|upkeep\n|\n|t:|1788288841\n|switch|p2a: Blaziken|Blaziken, L50, F, shiny|100/100\n|turn|6\n|\n|t:|1788288873\n|switch|p1b: Aerodactyl|Aerodactyl, L50, M|1/100\n|-ability|p1b: Aerodactyl|Unnerve\n|detailschange|p2a: Blaziken|Blaziken-Mega, L50, F, shiny\n|-mega|p2a: Blaziken|Blaziken|Blazikenite\n|move|p2a: Blaziken|Detect|p2a: Blaziken\n|-singleturn|p2a: Blaziken|Protect\n|move|p2b: Farigiraf|Psychic|p1a: Sinistcha\n|-damage|p1a: Sinistcha|17/100\n|-unboost|p1a: Sinistcha|spd|1\n|-enditem|p1a: Sinistcha|Sitrus Berry|[eat]\n|-heal|p1a: Sinistcha|42/100|[from] item: Sitrus Berry\n|move|p1a: Sinistcha|Matcha Gotcha|p2b: Farigiraf|[spread] p2b\n|-activate|p2a: Blaziken|move: Protect\n|-damage|p2b: Farigiraf|15/100\n|-heal|p1a: Sinistcha|55/100|[from] drain|[of] p2b: Farigiraf\n|\n|-fieldend|move: Trick Room\n|-ability|p2a: Blaziken|Speed Boost|boost\n|-boost|p2a: Blaziken|spe|1\n|upkeep\n|turn|7\n|\n|t:|1788288904\n|move|p2a: Blaziken|Flare Blitz|p1b: Aerodactyl\n|-resisted|p1b: Aerodactyl|1\n|-damage|p1b: Aerodactyl|0 fnt\n|faint|p1b: Aerodactyl\n|-damage|p2a: Blaziken|99/100|[from] Recoil\n|move|p1a: Sinistcha|Matcha Gotcha|p2b: Farigiraf|[spread] p2a,p2b\n|-resisted|p2a: Blaziken|1\n|-damage|p2a: Blaziken|84/100\n|-heal|p1a: Sinistcha|62/100|[from] drain|[of] p2a: Blaziken\n|-damage|p2b: Farigiraf|0 fnt\n|-heal|p1a: Sinistcha|72/100|[from] drain|[of] p2b: Farigiraf\n|faint|p2b: Farigiraf\n|\n|-ability|p2a: Blaziken|Speed Boost|boost\n|-boost|p2a: Blaziken|spe|1\n|upkeep\n|\n|t:|1788288919\n|switch|p1b: Dragonite|Dragonite-Mega, L50, M|86/100\n|switch|p2b: Basculegion|Basculegion, L50, M|100/100\n|turn|8\n|\n|t:|1788288932\n|switch|p1a: Aegislash|Aegislash, L50, M|10/100\n|move|p2a: Blaziken|Flare Blitz|p1a: Aegislash\n|-supereffective|p1a: Aegislash|1\n|-damage|p1a: Aegislash|0 fnt\n|faint|p1a: Aegislash\n|-damage|p2a: Blaziken|80/100|[from] Recoil\n|move|p2b: Basculegion|Last Respects|p1b: Dragonite\n|-damage|p1b: Dragonite|16/100\n|move|p1b: Dragonite|Air Slash|p2a: Blaziken\n|-supereffective|p2a: Blaziken|1\n|-damage|p2a: Blaziken|0 fnt\n|faint|p2a: Blaziken\n|\n|upkeep\n|\n|t:|1788288943\n|switch|p1a: Sinistcha|Sinistcha, L50|72/100\n|-heal|p1b: Dragonite|41/100|[from] ability: Hospitality|[of] p1a: Sinistcha\n|turn|9\n|\n|t:|1788288970\n|move|p1b: Dragonite|Protect|p1b: Dragonite\n|-singleturn|p1b: Dragonite|Protect\n|move|p2b: Basculegion|Last Respects|p1b: Dragonite\n|-activate|p1b: Dragonite|move: Protect\n|move|p1a: Sinistcha|Matcha Gotcha|p2b: Basculegion\n|-supereffective|p2b: Basculegion|1\n|-damage|p2b: Basculegion|22/100\n|-heal|p1a: Sinistcha|100/100|[from] drain|[of] p2b: Basculegion\n|-status|p2b: Basculegion|brn\n|\n|-damage|p2b: Basculegion|16/100 brn|[from] brn\n|upkeep\n|turn|10\n|c|☆Buggy00k|wp gg\n|\n|t:|1788288985\n|move|p1a: Sinistcha|Rage Powder|p1a: Sinistcha\n|-singleturn|p1a: Sinistcha|move: Rage Powder\n|move|p2b: Basculegion|Last Respects|p1a: Sinistcha\n|-supereffective|p1a: Sinistcha|1\n|-damage|p1a: Sinistcha|12/100\n|move|p1b: Dragonite|Thunderbolt|p2b: Basculegion\n|-supereffective|p2b: Basculegion|1\n|-damage|p2b: Basculegion|0 fnt\n|faint|p2b: Basculegion\n|\n|win|JJJ0k3\n|raw|JJJ0k3's rating: 1079 &rarr; <strong>1108</strong><br />(+29 for winning)\n|raw|Buggy00k's rating: 1084 &rarr; <strong>1061</strong><br />(-23 for losing)\n|l|☆JJJ0k3\n|player|p1|\n","uploadtime":1788289007,"views":"3","formatid":"gen9championsvgc2026regmbbo3","rating":1061,"private":0,"password":null}