{"id":"gen9championsvgc2026regmbbo3-2673372190","format":"[Gen 9 Champions] VGC 2026 Reg M-B (Bo3)","players":["XenGg07","kikuey"],"log":"|j|☆XenGg07\n|j|☆kikuey\n|html|<table width=\"100%\"><tr><td align=\"left\">XenGg07</td><td align=\"right\">kikuey</tr><tr><td align=\"left\"><i class=\"fa fa-circle\"></i> <i class=\"fa fa-circle-o\"></i> </td><td align=\"right\"><i class=\"fa fa-circle-o\"></i> <i class=\"fa fa-circle-o\"></i> </tr></table>\n|uhtml|bestof|<h2><strong>Game 2</strong> of <a href=\"/game-bestof3-gen9championsvgc2026regmbbo3-2673370863\">a best-of-3</a></h2>\n|t:|1788189692\n|gametype|doubles\n|player|p1|XenGg07|265|\n|player|p2|kikuey|twins-gen4dp|\n|gen|9\n|tier|[Gen 9 Champions] VGC 2026 Reg M-B (Bo3)\n|rule|Species Clause: Limit one of each Pokémon\n|rule|Item Clause: Limit 1 of each item\n|clearpoke\n|poke|p1|Staraptor, L50, M|\n|poke|p1|Cofagrigus, L50, F|\n|poke|p1|Torkoal, L50, M|\n|poke|p1|Whimsicott, L50, M|\n|poke|p1|Araquanid, L50, M|\n|poke|p1|Mimikyu, L50, F|\n|poke|p2|Scrafty, L50, M|\n|poke|p2|Cofagrigus, L50, F|\n|poke|p2|Torkoal, L50, M|\n|poke|p2|Maushold-Four, L50|\n|poke|p2|Scolipede, L50, M|\n|poke|p2|Mimikyu, L50, F|\n|teampreview|4\n|showteam|p1|Staraptor||SitrusBerry|Intimidate|BraveBird,CloseCombat,Uturn,Protect|Jolly||M|||50|]Cofagrigus||MentalHerb|Mummy|TrickRoom,ShadowBall,BodyPress,Protect|Relaxed||F|||50|]Torkoal||Charcoal|Drought|Eruption,HeatWave,EarthPower,Protect|Quiet||M|||50|]Whimsicott||FocusSash|Prankster|Tailwind,Encore,Moonblast,Protect|Timid||M|||50|]Araquanid||Leftovers|WaterBubble|Liquidation,WideGuard,LeechLife,Protect|Brave||M|||50|]Mimikyu||LumBerry|Disguise|TrickRoom,PlayRough,ShadowSneak,Protect|Brave||F|||50|\n|showteam|p2|Scrafty||ChopleBerry|Intimidate|FakeOut,KnockOff,DrainPunch,Protect|Impish||M|||50|]Cofagrigus||MentalHerb|Mummy|SkillSwap,TrickRoom,Protect,ShadowBall|Relaxed||F|||50|]Torkoal||Charcoal|Drought|Eruption,Protect,HeatWave,SolarBeam|Quiet||M|||50|]Maushold-Four||FocusSash|FriendGuard|AfterYou,Encore,FollowMe,SuperFang|Timid|||||50|]Scolipede||Leftovers|SpeedBoost|SwordsDance,PoisonJab,RockSlide,Protect|Adamant||M|||50|]Mimikyu||LifeOrb|Disguise|TrickRoom,SwordsDance,ShadowSneak,PlayRough|Adamant||F|||50|\n|inactive|Battle timer is ON: inactive players will automatically lose when time's up. (requested by kikuey)\n|inactive|XenGg07 also wants the timer to be on.\n|\n|t:|1788189703\n|teamsize|p1|4\n|teamsize|p2|4\n|start\n|switch|p1a: Cofagrigus|Cofagrigus, L50, F|100/100\n|switch|p1b: Staraptor|Staraptor, L50, M|100/100\n|switch|p2a: Scrafty|Scrafty, L50, M|100/100\n|switch|p2b: Cofagrigus|Cofagrigus, L50, F|100/100\n|-ability|p1b: Staraptor|Intimidate|boost\n|-unboost|p2a: Scrafty|atk|1\n|-unboost|p2b: Cofagrigus|atk|1\n|-ability|p2a: Scrafty|Intimidate|boost\n|-unboost|p1a: Cofagrigus|atk|1\n|-unboost|p1b: Staraptor|atk|1\n|turn|1\n|\n|t:|1788189723\n|move|p2a: Scrafty|Fake Out|p1b: Staraptor\n|-damage|p1b: Staraptor|90/100\n|cant|p1b: Staraptor|flinch\n|move|p1a: Cofagrigus|Body Press|p2a: Scrafty\n|-supereffective|p2a: Scrafty|1\n|-enditem|p2a: Scrafty|Chople Berry|[eat]\n|-enditem|p2a: Scrafty|Chople Berry|[weaken]\n|-damage|p2a: Scrafty|73/100\n|move|p2b: Cofagrigus|Trick Room|p2b: Cofagrigus\n|-fieldstart|move: Trick Room|[of] p2b: Cofagrigus\n|\n|upkeep\n|turn|2\n|\n|t:|1788189747\n|switch|p2a: Torkoal|Torkoal, L50, M|100/100\n|-weather|SunnyDay|[from] ability: Drought|[of] p2a: Torkoal\n|move|p1a: Cofagrigus|Shadow Ball|p2b: Cofagrigus\n|-supereffective|p2b: Cofagrigus|1\n|-damage|p2b: Cofagrigus|56/100\n|move|p2b: Cofagrigus|Skill Swap|p1b: Staraptor\n|-activate|p2b: Cofagrigus|Skill Swap|Intimidate|Mummy|[of] p1b: Staraptor\n|-ability|p2b: Cofagrigus|Intimidate|boost\n|-unboost|p1a: Cofagrigus|atk|1\n|-unboost|p1b: Staraptor|atk|1\n|move|p1b: Staraptor|U-turn|p2a: Torkoal\n|-resisted|p2a: Torkoal|1\n|-damage|p2a: Torkoal|95/100\n|\n|t:|1788189764\n|switch|p1b: Torkoal|Torkoal, L50, M|100/100|[from] U-turn\n|\n|-weather|SunnyDay|[upkeep]\n|upkeep\n|turn|3\n|\n|t:|1788189782\n|switch|p2b: Scrafty|Scrafty, L50, M|73/100\n|-ability|p2b: Scrafty|Intimidate|boost\n|-unboost|p1a: Cofagrigus|atk|1\n|-unboost|p1b: Torkoal|atk|1\n|move|p1b: Torkoal|Eruption|p2a: Torkoal|[spread] p2a,p2b\n|-resisted|p2a: Torkoal|1\n|-damage|p2a: Torkoal|39/100\n|-damage|p2b: Scrafty|8/100\n|move|p2a: Torkoal|Eruption|p1a: Cofagrigus|[spread] p1a,p1b\n|-resisted|p1b: Torkoal|1\n|-damage|p1a: Cofagrigus|63/100\n|-damage|p1b: Torkoal|79/100\n|move|p1a: Cofagrigus|Shadow Ball|p2a: Torkoal\n|-damage|p2a: Torkoal|5/100\n|\n|-weather|SunnyDay|[upkeep]\n|upkeep\n|turn|4\n|\n|t:|1788189800\n|move|p1b: Torkoal|Protect|p1b: Torkoal\n|-singleturn|p1b: Torkoal|Protect\n|move|p1a: Cofagrigus|Protect|p1a: Cofagrigus\n|-singleturn|p1a: Cofagrigus|Protect\n|move|p2b: Scrafty|Fake Out|p1b: Torkoal\n|-activate|p1b: Torkoal|move: Protect\n|move|p2a: Torkoal|Heat Wave|p1a: Cofagrigus|[spread] \n|-activate|p1a: Cofagrigus|move: Protect\n|-activate|p1b: Torkoal|move: Protect\n|\n|-weather|SunnyDay|[upkeep]\n|upkeep\n|turn|5\n|\n|t:|1788189815\n|move|p1b: Torkoal|Eruption|p2b: Scrafty|[spread] p2a,p2b\n|-resisted|p2a: Torkoal|1\n|-damage|p2a: Torkoal|0 fnt\n|-damage|p2b: Scrafty|0 fnt\n|faint|p2a: Torkoal\n|faint|p2b: Scrafty\n|move|p1a: Cofagrigus|Body Press|p2: Torkoal|[notarget]\n|-fail|p1a: Cofagrigus\n|\n|-weather|SunnyDay|[upkeep]\n|-fieldend|move: Trick Room\n|upkeep\n|\n|t:|1788189819\n|switch|p2b: Cofagrigus|Cofagrigus, L50, F|56/100\n|switch|p2a: Mimikyu|Mimikyu, L50, F|100/100\n|turn|6\n|\n|t:|1788189834\n|move|p1b: Torkoal|Protect|p1b: Torkoal\n|-singleturn|p1b: Torkoal|Protect\n|move|p2a: Mimikyu|Swords Dance|p2a: Mimikyu\n|-boost|p2a: Mimikyu|atk|2\n|move|p2b: Cofagrigus|Shadow Ball|p1b: Torkoal\n|-activate|p1b: Torkoal|move: Protect\n|move|p1a: Cofagrigus|Trick Room|p1a: Cofagrigus\n|-fieldstart|move: Trick Room|[of] p1a: Cofagrigus\n|\n|-weather|none\n|upkeep\n|turn|7\n|\n|t:|1788189847\n|move|p2a: Mimikyu|Shadow Sneak|p1b: Torkoal\n|-damage|p1b: Torkoal|42/100\n|-damage|p2a: Mimikyu|90/100|[from] item: Life Orb\n|move|p1b: Torkoal|Eruption|p2a: Mimikyu|[spread] p2a,p2b\n|-activate|p2a: Mimikyu|ability: Disguise\n|-damage|p2a: Mimikyu|90/100\n|-damage|p2b: Cofagrigus|35/100\n|detailschange|p2a: Mimikyu|Mimikyu-Busted, L50, F\n|-damage|p2a: Mimikyu|78/100|[from] pokemon: Mimikyu-Busted\n|move|p2b: Cofagrigus|Shadow Ball|p1a: Cofagrigus\n|-supereffective|p1a: Cofagrigus|1\n|-damage|p1a: Cofagrigus|12/100\n|move|p1a: Cofagrigus|Shadow Ball|p2a: Mimikyu\n|-supereffective|p2a: Mimikyu|1\n|-damage|p2a: Mimikyu|17/100\n|\n|upkeep\n|turn|8\n|\n|t:|1788189868\n|move|p2a: Mimikyu|Shadow Sneak|p1b: Torkoal\n|-damage|p1b: Torkoal|3/100\n|-damage|p2a: Mimikyu|7/100|[from] item: Life Orb\n|move|p1b: Torkoal|Heat Wave|p2a: Mimikyu|[spread] p2a,p2b\n|-damage|p2a: Mimikyu|0 fnt\n|-damage|p2b: Cofagrigus|4/100\n|faint|p2a: Mimikyu\n|move|p2b: Cofagrigus|Shadow Ball|p1a: Cofagrigus\n|-supereffective|p1a: Cofagrigus|1\n|-damage|p1a: Cofagrigus|0 fnt\n|faint|p1a: Cofagrigus\n|\n|upkeep\n|-message|kikuey forfeited.\n|\n|win|XenGg07\n|l|☆kikuey\n|player|p2|\n","uploadtime":1788189882,"views":"0","formatid":"gen9championsvgc2026regmbbo3","rating":null,"private":0,"password":null}