{"id":"gen9championsvgc2026regmbbo3-2673602266","format":"[Gen 9 Champions] VGC 2026 Reg M-B (Bo3)","players":["Real-kingsley vgc2","testkaka"],"log":"|j|☆Real-kingsley vgc2\n|j|‽testkaka\n|html|<table width=\"100%\"><tr><td align=\"left\">Real-kingsley vgc2</td><td align=\"right\">testkaka</tr><tr><td align=\"left\"><i class=\"fa fa-circle-o\"></i> <i class=\"fa fa-circle-o\"></i> </td><td align=\"right\"><i class=\"fa fa-circle-o\"></i> <i class=\"fa fa-circle-o\"></i> </tr></table>\n|uhtml|bestof|<h2><strong>Game 1</strong> of <a href=\"/game-bestof3-gen9championsvgc2026regmbbo3-2673602265\">a best-of-3</a></h2>\n|t:|1788219649\n|gametype|doubles\n|player|p1|Real-kingsley vgc2|n|1150\n|player|p2|testkaka|1|1261\n|gen|9\n|tier|[Gen 9 Champions] VGC 2026 Reg M-B (Bo3)\n|rated|\n|rule|Species Clause: Limit one of each Pokémon\n|rule|Item Clause: Limit 1 of each item\n|clearpoke\n|poke|p1|Staraptor, L50, F, shiny|\n|poke|p1|Whimsicott, L50, M, shiny|\n|poke|p1|Gardevoir, L50, F, shiny|\n|poke|p1|Garchomp, L50, F|\n|poke|p1|Kingambit, L50, M, shiny|\n|poke|p1|Incineroar, L50, M, shiny|\n|poke|p2|Floette-Eternal, L50, F|\n|poke|p2|Charizard, L50, F|\n|poke|p2|Venusaur, L50, F|\n|poke|p2|Garchomp, L50, M|\n|poke|p2|Incineroar, L50, M|\n|poke|p2|Grimmsnarl, L50, M|\n|teampreview|4\n|showteam|p1|Staraptor||Staraptite|Intimidate|BraveBird,CloseCombat,Roost,Protect|Jolly||F|||50|]Whimsicott||FocusSash|Prankster|Encore,Moonblast,Tailwind,Charm|Timid||M|||50|]Gardevoir||Gardevoirite|Synchronize|Moonblast,Psychic,HyperVoice,Protect|Timid||F|||50|]Garchomp||LifeOrb|RoughSkin|DragonClaw,Earthquake,RockSlide,Protect|Jolly||F|||50|]Kingambit||ChopleBerry|Defiant|KowtowCleave,IronHead,LowKick,Protect|Adamant||M|||50|]Incineroar||SitrusBerry|Intimidate|DarkestLariat,FakeOut,FlareBlitz,PartingShot|Adamant||M|||50|\n|showteam|p2|Floette-Eternal||Floettite|FlowerVeil|Moonblast,DrainingKiss,CalmMind,Protect|Modest||F|||50|]Charizard||CharizarditeY|SolarPower|HeatWave,WeatherBall,AncientPower,Protect|Modest||F|||50|]Venusaur||FocusSash|Chlorophyll|LeafStorm,SludgeBomb,SleepPowder,Protect|Modest||F|||50|]Garchomp||ChoiceScarf|RoughSkin|Earthquake,DragonClaw,StompingTantrum,RockSlide|Adamant||M|||50|]Incineroar||SitrusBerry|Intimidate|FlareBlitz,DarkestLariat,FakeOut,PartingShot|Impish||M|||50|]Grimmsnarl||LightClay|Prankster|SpiritBreak,Reflect,LightScreen,PartingShot|Sassy||M|||50|\n|inactive|Battle timer is ON: inactive players will automatically lose when time's up. (requested by testkaka)\n|\n|t:|1788219743\n|teamsize|p1|4\n|teamsize|p2|4\n|start\n|switch|p1a: Whimsicott|Whimsicott, L50, M, shiny|100/100\n|switch|p1b: Kingambit|Kingambit, L50, M, shiny|100/100\n|switch|p2a: Grimmsnarl|Grimmsnarl, L50, M|100/100\n|switch|p2b: Charizard|Charizard, L50, F|100/100\n|turn|1\n|inactive|Real-kingsley vgc2 has 30 seconds left.\n|\n|t:|1788219774\n|detailschange|p2b: Charizard|Charizard-Mega-Y, L50, F\n|-mega|p2b: Charizard|Charizard|Charizardite Y\n|-weather|SunnyDay|[from] ability: Drought|[of] p2b: Charizard\n|move|p1a: Whimsicott|Tailwind|p1a: Whimsicott\n|-sidestart|p1: Real-kingsley vgc2|move: Tailwind\n|move|p2a: Grimmsnarl|Reflect|p2a: Grimmsnarl\n|-sidestart|p2: testkaka|Reflect\n|move|p1b: Kingambit|Iron Head|p2a: Grimmsnarl\n|-supereffective|p2a: Grimmsnarl|1\n|-damage|p2a: Grimmsnarl|44/100\n|move|p2b: Charizard|Heat Wave|p1a: Whimsicott|[spread] p1b\n|-miss|p2b: Charizard|p1a: Whimsicott\n|-supereffective|p1b: Kingambit|1\n|-damage|p1b: Kingambit|0 fnt\n|faint|p1b: Kingambit\n|\n|-weather|SunnyDay|[upkeep]\n|upkeep\n|\n|t:|1788219789\n|switch|p1b: Garchomp|Garchomp, L50, F|100/100\n|turn|2\n|inactive|testkaka has 30 seconds left.\n|\n|t:|1788219817\n|move|p2b: Charizard|Protect|p2b: Charizard\n|-singleturn|p2b: Charizard|Protect\n|move|p1a: Whimsicott|Moonblast|p2a: Grimmsnarl\n|-supereffective|p2a: Grimmsnarl|1\n|-damage|p2a: Grimmsnarl|0 fnt\n|faint|p2a: Grimmsnarl\n|move|p1b: Garchomp|Rock Slide|p2b: Charizard\n|-activate|p2b: Charizard|move: Protect\n|\n|-weather|SunnyDay|[upkeep]\n|upkeep\n|\n|t:|1788219830\n|switch|p2a: Venusaur|Venusaur, L50, F|100/100\n|turn|3\n|\n|t:|1788219843\n|switch|p2b: Garchomp|Garchomp, L50, M|100/100\n|move|p1a: Whimsicott|Encore||[still]\n|-fail|p1a: Whimsicott\n|move|p1b: Garchomp|Dragon Claw|p2a: Venusaur\n|-damage|p2a: Venusaur|50/100g\n|-damage|p1b: Garchomp|90/100|[from] item: Life Orb\n|move|p2a: Venusaur|Sleep Powder|p1b: Garchomp\n|-status|p1b: Garchomp|slp|[from] move: Sleep Powder\n|\n|-weather|SunnyDay|[upkeep]\n|upkeep\n|turn|4\n|inactive|Real-kingsley vgc2 has 30 seconds left.\n|inactive|testkaka has 30 seconds left.\n|inactive|testkaka has 20 seconds left.\n|inactive|testkaka has 15 seconds left.\n|\n|t:|1788219888\n|switch|p1b: Gardevoir|Gardevoir, L50, F, shiny|100/100\n|move|p1a: Whimsicott|Moonblast|p2b: Garchomp\n|-supereffective|p2b: Garchomp|1\n|-damage|p2b: Garchomp|22/100\n|-unboost|p2b: Garchomp|spa|1\n|move|p2a: Venusaur|Sludge Bomb|p1a: Whimsicott\n|-supereffective|p1a: Whimsicott|2\n|-enditem|p1a: Whimsicott|Focus Sash\n|-damage|p1a: Whimsicott|1/100\n|-status|p1a: Whimsicott|psn\n|move|p2b: Garchomp|Dragon Claw|p1b: Gardevoir\n|-immune|p1b: Gardevoir\n|\n|-weather|SunnyDay|[upkeep]\n|-damage|p1a: Whimsicott|0 fnt|[from] psn\n|faint|p1a: Whimsicott\n|-sideend|p1: Real-kingsley vgc2|move: Tailwind\n|upkeep\n|\n|t:|1788219907\n|switch|p1a: Garchomp|Garchomp, L50, F|90/100 slp\n|turn|5\n|\n|t:|1788219929\n|detailschange|p1b: Gardevoir|Gardevoir-Mega, L50, F, shiny\n|-mega|p1b: Gardevoir|Gardevoir|Gardevoirite\n|cant|p1a: Garchomp|slp\n|move|p1b: Gardevoir|Protect|p1b: Gardevoir\n|-singleturn|p1b: Gardevoir|Protect\n|move|p2a: Venusaur|Sleep Powder|p1b: Gardevoir\n|-activate|p1b: Gardevoir|move: Protect\n|move|p2b: Garchomp|Dragon Claw|p1a: Garchomp\n|-supereffective|p1a: Garchomp|1\n|-damage|p1a: Garchomp|0 fnt\n|-damage|p2b: Garchomp|10/100|[from] ability: Rough Skin|[of] p1a: Garchomp\n|faint|p1a: Garchomp\n|\n|-weather|none\n|upkeep\n|turn|6\n|\n|t:|1788219947\n|switch|p2b: Charizard|Charizard-Mega-Y, L50, F|100/100\n|-weather|SunnyDay|[from] ability: Drought|[of] p2b: Charizard\n|move|p2a: Venusaur|Sludge Bomb|p1b: Gardevoir\n|-supereffective|p1b: Gardevoir|1\n|-damage|p1b: Gardevoir|21/100\n|-status|p1b: Gardevoir|psn\n|move|p1b: Gardevoir|Psychic|p2a: Venusaur\n|-supereffective|p2a: Venusaur|1\n|-damage|p2a: Venusaur|0 fnt\n|faint|p2a: Venusaur\n|\n|-weather|SunnyDay|[upkeep]\n|-damage|p1b: Gardevoir|9/100 psn|[from] psn\n|upkeep\n|\n|t:|1788219954\n|switch|p2a: Garchomp|Garchomp, L50, M|10/100\n|turn|7\n|\n|t:|1788219963\n|move|p1b: Gardevoir|Protect|p1b: Gardevoir\n|-singleturn|p1b: Gardevoir|Protect\n|move|p2a: Garchomp|Earthquake|p1b: Gardevoir|[spread] \n|-activate|p1b: Gardevoir|move: Protect\n|-immune|p2b: Charizard\n|move|p2b: Charizard|Weather Ball|p1b: Gardevoir\n|-activate|p1b: Gardevoir|move: Protect\n|\n|-weather|SunnyDay|[upkeep]\n|-damage|p1b: Gardevoir|0 fnt|[from] psn\n|faint|p1b: Gardevoir\n|\n|win|testkaka\n||testkaka is ready for game 2.\n","uploadtime":1788219969,"views":"16","formatid":"gen9championsvgc2026regmbbo3","rating":null,"private":0,"password":null}