{"id":"gen9championsvgc2026regmbbo3-2674390181","format":"[Gen 9 Champions] VGC 2026 Reg M-B (Bo3)","players":["why ego rush cuh","DavidSilesPardillo"],"log":"|j|☆why ego rush cuh\n|j|☆DavidSilesPardillo\n|html|<table width=\"100%\"><tr><td align=\"left\">why ego rush cuh</td><td align=\"right\">DavidSilesPardillo</tr><tr><td align=\"left\"><i class=\"fa fa-circle-o\"></i> <i class=\"fa fa-circle-o\"></i> </td><td align=\"right\"><i class=\"fa fa-circle-o\"></i> <i class=\"fa fa-circle-o\"></i> </tr></table>\n|uhtml|bestof|<h2><strong>Game 1</strong> of <a href=\"/game-bestof3-gen9championsvgc2026regmbbo3-2674390180\">a best-of-3</a></h2>\n|t:|1788353596\n|gametype|doubles\n|player|p1|why ego rush cuh|may-masters2|1119\n|player|p2|DavidSilesPardillo|cynthia|1134\n|gen|9\n|tier|[Gen 9 Champions] VGC 2026 Reg M-B (Bo3)\n|rated|\n|rule|Species Clause: Limit one of each Pokémon\n|rule|Item Clause: Limit 1 of each item\n|clearpoke\n|poke|p1|Charizard, L50, M|\n|poke|p1|Sinistcha, L50|\n|poke|p1|Incineroar, L50, M|\n|poke|p1|Toxapex, L50, M|\n|poke|p1|Dragonite, L50, F|\n|poke|p1|Delphox, L50, F|\n|poke|p2|Charizard, L50, M|\n|poke|p2|Aerodactyl, L50, F|\n|poke|p2|Kingambit, L50, F|\n|poke|p2|Basculegion, L50, M|\n|poke|p2|Whimsicott, L50, M|\n|poke|p2|Garchomp, L50, M|\n|teampreview|4\n|showteam|p1|Charizard||CharizarditeY|Blaze|WeatherBall,HeatWave,SolarBeam,Protect|Modest||M|||50|]Sinistcha||OccaBerry|Hospitality|MatchaGotcha,RagePowder,LifeDew,Protect|Relaxed|||||50|]Incineroar||SitrusBerry|Intimidate|FakeOut,FlareBlitz,PartingShot,Protect|Careful||M|||50|]Toxapex||Leftovers|Regenerator|Infestation,Toxic,WideGuard,BanefulBunker|Relaxed||M|||50|]Dragonite||LifeOrb|InnerFocus|DragonClaw,Superpower,ExtremeSpeed,Protect|Adamant||F|||50|]Delphox||Delphoxite|Blaze|HeatWave,Psychic,Substitute,Protect|Modest||F|||50|\n|showteam|p2|Charizard||CharizarditeY|SolarPower|Overheat,HeatWave,SolarBeam,Protect|Timid||M|||50|]Aerodactyl||Aerodactylite|Unnerve|RockSlide,DualWingbeat,IceFang,Protect|Jolly||F|||50|]Kingambit||FocusSash|Defiant|KowtowCleave,IronHead,SuckerPunch,LowKick|Adamant||F|||50|]Basculegion||ChoiceScarf|Adaptability|WaveCrash,LastRespects,AquaJet,FlipTurn|Jolly||M|||50|]Whimsicott||FairyFeather|Prankster|Moonblast,SunnyDay,Tailwind,Encore|Bold||M|||50|]Garchomp||LifeOrb|RoughSkin|Earthquake,DragonClaw,RockTomb,Protect|Jolly||M|||50|\n|inactive|Battle timer is ON: inactive players will automatically lose when time's up. (requested by why ego rush cuh)\n|inactive|why ego rush cuh has 60 seconds left.\n|inactive|DavidSilesPardillo has 60 seconds left.\n|\n|t:|1788353641\n|teamsize|p1|4\n|teamsize|p2|4\n|start\n|switch|p1a: Toxapex|Toxapex, L50, M|100/100\n|switch|p1b: Delphox|Delphox, L50, F|100/100\n|switch|p2a: Aerodactyl|Aerodactyl, L50, F|100/100\n|switch|p2b: Kingambit|Kingambit, L50, F|100/100\n|-ability|p2a: Aerodactyl|Unnerve\n|turn|1\n|inactive|why ego rush cuh has 30 seconds left.\n|inactive|why ego rush cuh has 20 seconds left.\n|\n|t:|1788353677\n|detailschange|p2a: Aerodactyl|Aerodactyl-Mega, L50, F\n|-mega|p2a: Aerodactyl|Aerodactyl|Aerodactylite\n|detailschange|p1b: Delphox|Delphox-Mega, L50, F\n|-mega|p1b: Delphox|Delphox|Delphoxite\n|move|p1a: Toxapex|Wide Guard|p1a: Toxapex\n|-singleturn|p1a: Toxapex|Wide Guard\n|move|p2a: Aerodactyl|Rock Slide|p1b: Delphox|[spread] \n|-activate|p1a: Toxapex|move: Wide Guard\n|-activate|p1b: Delphox|move: Wide Guard\n|move|p1b: Delphox|Substitute|p1b: Delphox\n|-start|p1b: Delphox|Substitute\n|-damage|p1b: Delphox|75/100\n|move|p2b: Kingambit|Kowtow Cleave|p1a: Toxapex\n|-crit|p1a: Toxapex\n|-damage|p1a: Toxapex|46/100\n|\n|-heal|p1a: Toxapex|52/100|[from] item: Leftovers\n|upkeep\n|turn|2\n|inactive|DavidSilesPardillo has 30 seconds left.\n|inactive|DavidSilesPardillo has 20 seconds left.\n|inactive|DavidSilesPardillo has 15 seconds left.\n|\n|t:|1788353719\n|move|p2a: Aerodactyl|Dual Wingbeat|p1b: Delphox\n|-end|p1b: Delphox|Substitute\n|-damage|p1b: Delphox|42/100\n|-hitcount|p1b: Delphox|2\n|move|p1b: Delphox|Heat Wave|p2b: Kingambit|[spread] p2a,p2b\n|-resisted|p2a: Aerodactyl|1\n|-supereffective|p2b: Kingambit|1\n|-damage|p2a: Aerodactyl|75/100\n|-damage|p2b: Kingambit|4/100\n|move|p2b: Kingambit|Kowtow Cleave|p1b: Delphox\n|-supereffective|p1b: Delphox|1\n|-damage|p1b: Delphox|0 fnt\n|faint|p1b: Delphox\n|move|p1a: Toxapex|Infestation|p2b: Kingambit\n|-damage|p2b: Kingambit|1/100\n|-activate|p2b: Kingambit|move: Infestation|[of] p1a: Toxapex\n|\n|-heal|p1a: Toxapex|57/100|[from] item: Leftovers\n|-damage|p2b: Kingambit|0 fnt|[from] move: Infestation|[partiallytrapped]\n|faint|p2b: Kingambit\n|upkeep\n|\n|t:|1788353729\n|switch|p1b: Dragonite|Dragonite, L50, F|100/100\n|switch|p2b: Whimsicott|Whimsicott, L50, M|100/100\n|turn|3\n|inactive|DavidSilesPardillo has 30 seconds left.\n|\n|t:|1788353763\n|move|p2a: Aerodactyl|Ice Fang|p1b: Dragonite\n|-supereffective|p1b: Dragonite|2\n|-damage|p1b: Dragonite|0 fnt\n|faint|p1b: Dragonite\n|move|p2b: Whimsicott|Moonblast|p1a: Toxapex\n|-resisted|p1a: Toxapex|1\n|-damage|p1a: Toxapex|45/100\n|-unboost|p1a: Toxapex|spa|1\n|move|p1a: Toxapex|Toxic|p2b: Whimsicott\n|-status|p2b: Whimsicott|tox\n|\n|-heal|p1a: Toxapex|50/100g|[from] item: Leftovers\n|-damage|p2b: Whimsicott|93/100 tox|[from] psn\n|upkeep\n|\n|t:|1788353766\n|switch|p1b: Incineroar|Incineroar, L50, M|100/100\n|-ability|p1b: Incineroar|Intimidate|boost\n|-unboost|p2a: Aerodactyl|atk|1\n|-unboost|p2b: Whimsicott|atk|1\n|turn|4\n|\n|t:|1788353783\n|move|p1b: Incineroar|Fake Out|p2a: Aerodactyl\n|-resisted|p2a: Aerodactyl|1\n|-damage|p2a: Aerodactyl|69/100\n|cant|p2a: Aerodactyl|flinch\n|move|p2b: Whimsicott|Moonblast|p1b: Incineroar\n|-damage|p1b: Incineroar|77/100\n|move|p1a: Toxapex|Toxic|p2a: Aerodactyl\n|-status|p2a: Aerodactyl|tox\n|\n|-heal|p1a: Toxapex|56/100|[from] item: Leftovers\n|-damage|p2a: Aerodactyl|63/100 tox|[from] psn\n|-damage|p2b: Whimsicott|81/100 tox|[from] psn\n|upkeep\n|turn|5\n|inactive|DavidSilesPardillo has 30 seconds left.\n|\n|t:|1788353816\n|switch|p2a: Basculegion|Basculegion, L50, M|100/100\n|move|p2b: Whimsicott|Encore|p1b: Incineroar\n|-hint|Since gen 7, Dark is immune to Prankster moves.\n|-immune|p1b: Incineroar\n|move|p1b: Incineroar|Flare Blitz|p2b: Whimsicott\n|-supereffective|p2b: Whimsicott|1\n|-damage|p2b: Whimsicott|0 fnt\n|faint|p2b: Whimsicott\n|-damage|p1b: Incineroar|55/100|[from] Recoil\n|move|p1a: Toxapex|Infestation|p2a: Basculegion\n|-resisted|p2a: Basculegion|1\n|-damage|p2a: Basculegion|98/100\n|-activate|p2a: Basculegion|move: Infestation|[of] p1a: Toxapex\n|\n|-heal|p1a: Toxapex|62/100|[from] item: Leftovers\n|-damage|p2a: Basculegion|86/100|[from] move: Infestation|[partiallytrapped]\n|upkeep\n|\n|t:|1788353818\n|switch|p2b: Aerodactyl|Aerodactyl-Mega, L50, F|63/100 tox\n|turn|6\n|\n|t:|1788353833\n|move|p1b: Incineroar|Protect|p1b: Incineroar\n|-singleturn|p1b: Incineroar|Protect\n|move|p2b: Aerodactyl|Rock Slide|p1a: Toxapex|[spread] p1a\n|-activate|p1b: Incineroar|move: Protect\n|-damage|p1a: Toxapex|44/100\n|move|p2a: Basculegion|Last Respects|p1a: Toxapex\n|-damage|p1a: Toxapex|0 fnt\n|faint|p1a: Toxapex\n|\n|-damage|p2b: Aerodactyl|57/100 tox|[from] psn\n|-end|p2a: Basculegion|Infestation|[partiallytrapped]|[silent]\n|upkeep\n|turn|7\n|-message|why ego rush cuh forfeited.\n|\n|win|DavidSilesPardillo\n|l|☆why ego rush cuh\n|player|p1|\n|raw|why ego rush cuh's rating: 1119 &rarr; <strong>1095</strong><br />(-24 for losing)\n|raw|DavidSilesPardillo's rating: 1134 &rarr; <strong>1158</strong><br />(+24 for winning)\n","uploadtime":1788353850,"views":"0","formatid":"gen9championsvgc2026regmbbo3","rating":1095,"private":0,"password":null}