{"id":"gen9championsvgc2026regmb-2674243492","format":"[Gen 9 Champions] VGC 2026 Reg M-B","players":["mismanette","lich vo duan"],"log":"|j|☆mismanette\n|j|☆lich vo duan\n|t:|1788321943\n|gametype|doubles\n|player|p1|mismanette|dawn|1093\n|player|p2|lich vo duan|266|1165\n|gen|9\n|tier|[Gen 9 Champions] VGC 2026 Reg M-B\n|rated|\n|rule|Species Clause: Limit one of each Pokémon\n|rule|Item Clause: Limit 1 of each item\n|clearpoke\n|poke|p1|Sableye, L50, M|\n|poke|p1|Swampert, L50, M|\n|poke|p1|Archaludon, L50, F|\n|poke|p1|Overqwil, L50, F|\n|poke|p1|Sinistcha, L50|\n|poke|p1|Dragonite, L50, M|\n|poke|p2|Charizard, L50, M|\n|poke|p2|Incineroar, L50, M|\n|poke|p2|Sableye, L50, F|\n|poke|p2|Garchomp, L50, M|\n|poke|p2|Meowscarada, L50, F|\n|poke|p2|Palafin, L50, F|\n|teampreview|4\n|c|☆mismanette|glhf\n|\n|t:|1788321999\n|teamsize|p1|4\n|teamsize|p2|4\n|start\n|switch|p1a: Sableye|Sableye, L50, M|100/100\n|switch|p1b: Archaludon|Archaludon, L50, F|100/100\n|switch|p2a: Incineroar|Incineroar, L50, M|100/100\n|switch|p2b: Charizard|Charizard, L50, M|100/100\n|-ability|p2a: Incineroar|Intimidate|boost\n|-unboost|p1a: Sableye|atk|1\n|-unboost|p1b: Archaludon|atk|1\n|turn|1\n|\n|t:|1788322049\n|move|p1a: Sableye|Fake Out|p2b: Charizard\n|-damage|p2b: Charizard|92/100\n|cant|p2b: Charizard|flinch\n|move|p1b: Archaludon|Aura Sphere|p2a: Incineroar\n|-supereffective|p2a: Incineroar|1\n|-damage|p2a: Incineroar|51/100\n|move|p2a: Incineroar|Throat Chop|p1a: Sableye\n|-damage|p1a: Sableye|54/100\n|-start|p1a: Sableye|Throat Chop|[silent]\n|\n|upkeep\n|turn|2\n|\n|t:|1788322084\n|switch|p2a: Garchomp|Garchomp, L50, M|100/100\n|detailschange|p2b: Charizard|Charizard-Mega-Y, L50, M\n|-mega|p2b: Charizard|Charizard|Charizardite Y\n|-weather|SunnyDay|[from] ability: Drought|[of] p2b: Charizard\n|move|p1a: Sableye|Rain Dance|p1a: Sableye\n|-weather|RainDance\n|move|p2b: Charizard|Heat Wave|p1a: Sableye|[spread] p1a,p1b\n|-damage|p1a: Sableye|31/100\n|-damage|p1b: Archaludon|65/100\n|-status|p1a: Sableye|brn\n|-ability|p1b: Archaludon|Stamina|boost\n|-boost|p1b: Archaludon|def|1\n|move|p1b: Archaludon|Electro Shot||[still]\n|-prepare|p1b: Archaludon|Electro Shot\n|-boost|p1b: Archaludon|spa|1\n|-anim|p1b: Archaludon|Electro Shot|p2b: Charizard\n|-supereffective|p2b: Charizard|1\n|-crit|p2b: Charizard\n|-damage|p2b: Charizard|0 fnt\n|faint|p2b: Charizard\n|\n|-weather|RainDance|[upkeep]\n|-heal|p1b: Archaludon|71/100|[from] item: Leftovers\n|-damage|p1a: Sableye|25/100 brn|[from] brn\n|-end|p1a: Sableye|Throat Chop|[silent]\n|upkeep\n|\n|t:|1788322097\n|switch|p2b: Sableye|Sableye, L50, F|100/100\n|turn|3\n|\n|t:|1788322111\n|move|p1a: Sableye|Will-O-Wisp|p2a: Garchomp\n|-status|p2a: Garchomp|brn\n|-enditem|p2a: Garchomp|Lum Berry|[eat]\n|-curestatus|p2a: Garchomp|brn|[msg]\n|move|p2b: Sableye|Swagger|p2a: Garchomp\n|-boost|p2a: Garchomp|atk|2\n|-start|p2a: Garchomp|confusion\n|-activate|p2a: Garchomp|confusion\n|move|p2a: Garchomp|Earthquake|p1a: Sableye|[spread] p2b,p1a,p1b\n|-supereffective|p1b: Archaludon|1\n|-damage|p2b: Sableye|0 fnt\n|-damage|p1a: Sableye|0 fnt\n|-damage|p1b: Archaludon|0 fnt\n|faint|p2b: Sableye\n|faint|p1a: Sableye\n|faint|p1b: Archaludon\n|\n|-weather|RainDance|[upkeep]\n|upkeep\n|\n|t:|1788322126\n|switch|p1b: Sinistcha|Sinistcha, L50|100/100\n|switch|p1a: Overqwil|Overqwil, L50, F|100/100\n|switch|p2b: Incineroar|Incineroar, L50, M|51/100\n|-ability|p2b: Incineroar|Intimidate|boost\n|-unboost|p1a: Overqwil|atk|1\n|-unboost|p1b: Sinistcha|atk|1\n|turn|4\n|\n|t:|1788322138\n|move|p2b: Incineroar|Fake Out|p1a: Overqwil\n|-damage|p1a: Overqwil|85/100\n|cant|p1a: Overqwil|flinch\n|-end|p2a: Garchomp|confusion\n|move|p2a: Garchomp|Rock Slide|p1b: Sinistcha|[spread] p1b\n|-miss|p2a: Garchomp|p1a: Overqwil\n|-damage|p1b: Sinistcha|73/100\n|move|p1b: Sinistcha|Matcha Gotcha|p2b: Incineroar|[spread] p2a,p2b\n|-resisted|p2b: Incineroar|1\n|-damage|p2a: Garchomp|72/100\n|-heal|p1b: Sinistcha|88/100|[from] drain|[of] p2a: Garchomp\n|-damage|p2b: Incineroar|41/100\n|-heal|p1b: Sinistcha|94/100|[from] drain|[of] p2b: Incineroar\n|-status|p2a: Garchomp|brn\n|-enditem|p2b: Incineroar|Sitrus Berry|[eat]\n|-heal|p2b: Incineroar|65/100|[from] item: Sitrus Berry\n|\n|-weather|RainDance|[upkeep]\n|-damage|p2a: Garchomp|66/100 brn|[from] brn\n|upkeep\n|turn|5\n|\n|t:|1788322166\n|move|p1a: Overqwil|Liquidation|p2b: Incineroar\n|-supereffective|p2b: Incineroar|1\n|-damage|p2b: Incineroar|6/100\n|move|p2a: Garchomp|Dragon Claw|p1a: Overqwil\n|-damage|p1a: Overqwil|40/100\n|move|p1b: Sinistcha|Hex|p2a: Garchomp\n|-damage|p2a: Garchomp|11/100 brn\n|move|p2b: Incineroar|Throat Chop|p1b: Sinistcha\n|-supereffective|p1b: Sinistcha|1\n|-damage|p1b: Sinistcha|46/100\n|-start|p1b: Sinistcha|Throat Chop|[silent]\n|\n|-weather|RainDance|[upkeep]\n|-damage|p2a: Garchomp|5/100 brn|[from] brn\n|upkeep\n|turn|6\n|\n|t:|1788322182\n|move|p2b: Incineroar|Protect|p2b: Incineroar\n|-singleturn|p2b: Incineroar|Protect\n|move|p1a: Overqwil|Aqua Jet|p2b: Incineroar\n|-activate|p2b: Incineroar|move: Protect\n|move|p2a: Garchomp|Earthquake|p1a: Overqwil|[spread] p1a,p1b\n|-activate|p2b: Incineroar|move: Protect\n|-supereffective|p1a: Overqwil|1\n|-resisted|p1b: Sinistcha|1\n|-damage|p1a: Overqwil|0 fnt\n|-damage|p1b: Sinistcha|32/100\n|faint|p1a: Overqwil\n|move|p1b: Sinistcha|Matcha Gotcha|p2b: Incineroar|[spread] p2a\n|-activate|p2b: Incineroar|move: Protect\n|-damage|p2a: Garchomp|0 fnt\n|-heal|p1b: Sinistcha|35/100|[from] drain|[of] p2a: Garchomp\n|faint|p2a: Garchomp\n|\n|-weather|RainDance|[upkeep]\n|-end|p1b: Sinistcha|Throat Chop|[silent]\n|upkeep\n|turn|7\n|\n|t:|1788322199\n|move|p1b: Sinistcha|Matcha Gotcha|p2b: Incineroar\n|-resisted|p2b: Incineroar|1\n|-damage|p2b: Incineroar|0 fnt\n|-heal|p1b: Sinistcha|39/100|[from] drain|[of] p2b: Incineroar\n|faint|p2b: Incineroar\n|\n|win|mismanette\n|raw|mismanette's rating: 1093 &rarr; <strong>1124</strong><br />(+31 for winning)\n|raw|lich vo duan's rating: 1165 &rarr; <strong>1135</strong><br />(-30 for losing)\n|l|☆lich vo duan\n|player|p2|\n|c|☆mismanette|gg\n","uploadtime":1788322207,"views":"3","formatid":"gen9championsvgc2026regmb","rating":1124,"private":0,"password":null}