{"id":"gen9championsvgc2026regmb-2674111033","format":"[Gen 9 Champions] VGC 2026 Reg M-B","players":["Arthastasia","Hatzoome"],"log":"|j|☆Arthastasia\n|j|☆Hatzoome\n|html|<table width=\"100%\"><tr><td align=\"left\">Arthastasia</td><td align=\"right\">Hatzoome</tr><tr><td align=\"left\"><i class=\"fa fa-circle-o\"></i> <i class=\"fa fa-circle-o\"></i> </td><td align=\"right\"><i class=\"fa fa-circle-o\"></i> <i class=\"fa fa-circle-o\"></i> </tr></table>\n|uhtml|bestof|<h2><strong>Game 1</strong> of <a href=\"/game-bestof3-gen9championsvgc2026regmb-2674111032\">a best-of-3</a></h2>\n|t:|1788300679\n|gametype|doubles\n|player|p1|Arthastasia|n|\n|player|p2|Hatzoome|cheryl|\n|gen|9\n|tier|[Gen 9 Champions] VGC 2026 Reg M-B\n|rule|Species Clause: Limit one of each Pokémon\n|rule|Item Clause: Limit 1 of each item\n|raw|<div class=\"infobox\"><details class=\"readmore\" open><summary><strong>1 custom rule:</strong></summary> Best of = 3</details></div>\n|clearpoke\n|poke|p1|Sinistcha, L50|\n|poke|p1|Tinkaton, L50, F|\n|poke|p1|Altaria, L50, M|\n|poke|p1|Glimmora, L50, F|\n|poke|p1|Jolteon, L50, F|\n|poke|p1|Malamar, L50, F|\n|poke|p2|Swampert, L50, M|\n|poke|p2|Pelipper, L50, F|\n|poke|p2|Sylveon, L50, F|\n|poke|p2|Kangaskhan, L50, F|\n|poke|p2|Infernape, L50, F|\n|poke|p2|Grimmsnarl, L50, M|\n|teampreview|4\n|j| owllegs\nArthastasia rejected open team sheets.\n|j| TheConLad\n|j| k1p_s0uvlak1\n|\n|t:|1788300748\n|teamsize|p1|4\n|teamsize|p2|4\n|start\n|switch|p1a: Altaria|Altaria, L50, M|100/100\n|switch|p1b: Glimmora|Glimmora, L50, F|100/100\n|switch|p2a: Fergalicious|Infernape, L50, F|100/100\n|switch|p2b: Cece|Sylveon, L50, F|100/100\n|-ability|p1a: Altaria|Cloud Nine\n|turn|1\n|\n|t:|1788300797\n|detailschange|p1b: Glimmora|Glimmora-Mega, L50, F\n|-mega|p1b: Glimmora|Glimmora|Glimmoranite\n|move|p1b: Glimmora|Protect|p1b: Glimmora\n|-singleturn|p1b: Glimmora|Protect\n|move|p2a: Fergalicious|Fake Out|p1b: Glimmora\n|-activate|p1b: Glimmora|move: Protect\n|move|p1a: Altaria|Tailwind|p1a: Altaria\n|-sidestart|p1: Arthastasia|move: Tailwind\n|move|p2b: Cece|Calm Mind|p2b: Cece\n|-boost|p2b: Cece|spa|1\n|-boost|p2b: Cece|spd|1\n|\n|upkeep\n|turn|2\n|\n|t:|1788300820\n|move|p1b: Glimmora|Earth Power|p2a: Fergalicious\n|-supereffective|p2a: Fergalicious|1\n|-crit|p2a: Fergalicious\n|-damage|p2a: Fergalicious|0 fnt\n|faint|p2a: Fergalicious\n|move|p1a: Altaria|Acrobatics|p2b: Cece\n|-damage|p2b: Cece|77/100\n|move|p2b: Cece|Hyper Voice|p1a: Altaria|[spread] p1a,p1b\n|-supereffective|p1a: Altaria|1\n|-resisted|p1b: Glimmora|1\n|-damage|p1a: Altaria|0 fnt\n|-damage|p1b: Glimmora|66/100\n|faint|p1a: Altaria\n|\n|upkeep\n|\n|t:|1788300840\n|switch|p2a: Major Armstrong|Swampert, L50, M|100/100\n|switch|p1a: Tinkaton|Tinkaton, L50, F|100/100\n|turn|3\n|\n|t:|1788300864\n|move|p2b: Cece|Protect|p2b: Cece\n|-singleturn|p2b: Cece|Protect\n|move|p1a: Tinkaton|Gigaton Hammer|p2b: Cece\n|-activate|p2b: Cece|move: Protect\n|move|p1b: Glimmora|Energy Ball|p2a: Major Armstrong\n|-supereffective|p2a: Major Armstrong|2\n|-damage|p2a: Major Armstrong|0 fnt\n|faint|p2a: Major Armstrong\n|\n|upkeep\n|\n|t:|1788300878\n|switch|p2a: Kanga & Roo|Kangaskhan, L50, F|100/100\n|turn|4\n|\n|t:|1788300920\n|detailschange|p2a: Kanga & Roo|Kangaskhan-Mega, L50, F\n|-mega|p2a: Kanga & Roo|Kangaskhan|Kangaskhanite\n|move|p2a: Kanga & Roo|Fake Out|p1b: Glimmora\n|-resisted|p1b: Glimmora|1\n|-damage|p1b: Glimmora|55/100\n|-resisted|p1b: Glimmora|1\n|-damage|p1b: Glimmora|53/100\n|-hitcount|p1b: Glimmora|2\n|move|p1a: Tinkaton|Reflect|p1a: Tinkaton\n|-sidestart|p1: Arthastasia|Reflect\n|cant|p1b: Glimmora|flinch\n|move|p2b: Cece|Hyper Voice|p1b: Glimmora|[spread] p1a,p1b\n|-resisted|p1a: Tinkaton|1\n|-resisted|p1b: Glimmora|1\n|-damage|p1a: Tinkaton|66/100\n|-damage|p1b: Glimmora|16/100\n|\n|-sideend|p1: Arthastasia|move: Tailwind\n|upkeep\n|turn|5\n|\n|t:|1788300945\n|move|p1a: Tinkaton|Feint|p2b: Cece\n|-damage|p2b: Cece|68/100\n|move|p2a: Kanga & Roo|Fire Punch|p1a: Tinkaton\n|-supereffective|p1a: Tinkaton|1\n|-damage|p1a: Tinkaton|20/100r\n|-supereffective|p1a: Tinkaton|1\n|-damage|p1a: Tinkaton|9/100\n|-hitcount|p1a: Tinkaton|2\n|move|p1b: Glimmora|Sludge Bomb|p2b: Cece\n|-supereffective|p2b: Cece|1\n|-damage|p2b: Cece|0 fnt\n|faint|p2b: Cece\n|\n|upkeep\n|turn|6\n|\n|t:|1788300969\n|move|p2a: Kanga & Roo|Double-Edge|p1b: Glimmora\n|-resisted|p1b: Glimmora|1\n|-damage|p1b: Glimmora|0 fnt\n|faint|p1b: Glimmora\n|-damage|p2a: Kanga & Roo|95/100|[from] Recoil\n|move|p1a: Tinkaton|Gigaton Hammer|p2a: Kanga & Roo\n|-damage|p2a: Kanga & Roo|43/100\n|\n|upkeep\n|\n|t:|1788300976\n|switch|p1b: Jolteon|Jolteon, L50, F|100/100\n|turn|7\n|\n|t:|1788300983\n|move|p1a: Tinkaton|Feint|p2a: Kanga & Roo\n|-damage|p2a: Kanga & Roo|36/100\n|move|p1b: Jolteon|Thunderbolt|p2a: Kanga & Roo\n|-damage|p2a: Kanga & Roo|0 fnt\n|faint|p2a: Kanga & Roo\n|\n|win|Arthastasia\n||Arthastasia is ready for game 2.\n||Hatzoome is ready for game 2.\n|uhtml|next|Next: <a href=\"/battle-gen9championsvgc2026regmb-2674113135\"><strong>Game 2 of 3</strong></a>\n","uploadtime":1788301013,"views":"16","formatid":"gen9championsvgc2026regmb","rating":null,"private":0,"password":null}