{"id":"gen9championsvgc2026regmbbo3-2674101337","format":"[Gen 9 Champions] VGC 2026 Reg M-B (Bo3)","players":["soulo333","izystrong"],"log":"|j|☆soulo333\n|j|☆izystrong\n|html|<table width=\"100%\"><tr><td align=\"left\">soulo333</td><td align=\"right\">izystrong</tr><tr><td align=\"left\"><i class=\"fa fa-circle-o\"></i> <i class=\"fa fa-circle-o\"></i> </td><td align=\"right\"><i class=\"fa fa-circle-o\"></i> <i class=\"fa fa-circle-o\"></i> </tr></table>\n|uhtml|bestof|<h2><strong>Game 1</strong> of <a href=\"/game-bestof3-gen9championsvgc2026regmbbo3-2674101336\">a best-of-3</a></h2>\n|t:|1788299295\n|gametype|doubles\n|player|p1|soulo333|101|1129\n|player|p2|izystrong|2|1135\n|gen|9\n|tier|[Gen 9 Champions] VGC 2026 Reg M-B (Bo3)\n|rated|\n|rule|Species Clause: Limit one of each Pokémon\n|rule|Item Clause: Limit 1 of each item\n|clearpoke\n|poke|p1|Staraptor, L50, F|\n|poke|p1|Arcanine-Hisui, L50, M|\n|poke|p1|Kingambit, L50, M|\n|poke|p1|Sylveon, L50, M, shiny|\n|poke|p1|Raichu, L50, M|\n|poke|p1|Farigiraf, L50, F|\n|poke|p2|Mawile, L50, M|\n|poke|p2|Aerodactyl, L50, M|\n|poke|p2|Farigiraf, L50, F|\n|poke|p2|Garchomp, L50, M|\n|poke|p2|Blastoise, L50, F|\n|poke|p2|Sylveon, L50, F|\n|teampreview|4\n|showteam|p1|Staraptor||Staraptite|Intimidate|DualWingbeat,CloseCombat,Tailwind,Protect|Jolly||F|||50|]Arcanine-Hisui||FocusSash|RockHead|FlareBlitz,HeadSmash,ExtremeSpeed,Protect|Jolly||M|||50|]Kingambit||LifeOrb|Defiant|KowtowCleave,SuckerPunch,SwordsDance,Protect|Adamant||M|||50|]Sylveon||FairyFeather|Pixilate|HyperVoice,HyperBeam,QuickAttack,Detect|Modest||M|||50|]Raichu||RaichuniteY|LightningRod|ZapCannon,FocusBlast,FakeOut,Protect|Timid||M|||50|]Farigiraf||SitrusBerry|ArmorTail|Psychic,HelpingHand,TrickRoom,Protect|Calm||F|||50|\n|showteam|p2|Mawile||Mawilite|Intimidate|IronHead,PlayRough,SuckerPunch,Protect|Adamant||M|||50|]Aerodactyl||FocusSash|Unnerve|RockSlide,WideGuard,Tailwind,Protect|Jolly||M|||50|]Farigiraf||SitrusBerry|ArmorTail|Psychic,EnergyBall,TrickRoom,Protect|Modest||F|||50|]Garchomp||ChoiceScarf|RoughSkin|DragonClaw,Earthquake,RockSlide,StompingTantrum|Adamant||M|||50|]Blastoise||Blastoisinite|Torrent|WaterPulse,DarkPulse,FakeOut,Protect|Modest||F|||50|]Sylveon||FairyFeather|Pixilate|HyperBeam,HyperVoice,Moonblast,Protect|Modest||F|||50|\n|\n|t:|1788299331\n|teamsize|p1|4\n|teamsize|p2|4\n|start\n|switch|p1a: Celeste|Staraptor, L50, F|100/100\n|switch|p1b: Raichu|Raichu, L50, M|100/100\n|switch|p2a: Aerodactyl|Aerodactyl, L50, M|100/100\n|switch|p2b: Farigiraf|Farigiraf, L50, F|100/100\n|-ability|p2a: Aerodactyl|Unnerve\n|-ability|p1a: Celeste|Intimidate|boost\n|-unboost|p2a: Aerodactyl|atk|1\n|-unboost|p2b: Farigiraf|atk|1\n|turn|1\n|\n|t:|1788299360\n|switch|p1a: Kingambit|Kingambit, L50, M|100/100\n|detailschange|p1b: Raichu|Raichu-Mega-Y, L50, M\n|-mega|p1b: Raichu|Raichu|Raichunite Y\n|move|p2a: Aerodactyl|Rock Slide|p1b: Raichu|[spread] p1a,p1b\n|-resisted|p1a: Kingambit|1\n|-damage|p1a: Kingambit|94/100\n|-damage|p1b: Raichu|72/100\n|cant|p1b: Raichu|flinch\n|move|p2b: Farigiraf|Psychic|p1a: Kingambit\n|-immune|p1a: Kingambit\n|\n|upkeep\n|turn|2\n|\n|t:|1788299395\n|switch|p2a: Garchomp|Garchomp, L50, M|100/100\n|move|p1b: Raichu|Zap Cannon|p2b: Farigiraf\n|-damage|p2b: Farigiraf|27/100\n|-status|p2b: Farigiraf|par\n|-enditem|p2b: Farigiraf|Sitrus Berry|[eat]\n|-heal|p2b: Farigiraf|51/100 par|[from] item: Sitrus Berry\n|move|p1a: Kingambit|Kowtow Cleave|p2b: Farigiraf\n|-supereffective|p2b: Farigiraf|1\n|-damage|p2b: Farigiraf|0 fnt\n|faint|p2b: Farigiraf\n|-damage|p1a: Kingambit|84/100|[from] item: Life Orb\n|\n|upkeep\n|\n|t:|1788299413\n|switch|p2b: Aerodactyl|Aerodactyl, L50, M|100/100\n|-ability|p2b: Aerodactyl|Unnerve\n|turn|3\n|\n|t:|1788299427\n|switch|p1b: Celeste|Staraptor, L50, F|100/100\n|-ability|p1b: Celeste|Intimidate|boost\n|-unboost|p2a: Garchomp|atk|1\n|-unboost|p2b: Aerodactyl|atk|1\n|move|p2a: Garchomp|Earthquake|p1a: Kingambit|[spread] p1a\n|-immune|p2b: Aerodactyl\n|-immune|p1b: Celeste\n|-supereffective|p1a: Kingambit|1\n|-damage|p1a: Kingambit|42/100\n|move|p2b: Aerodactyl|Tailwind|p2b: Aerodactyl\n|-sidestart|p2: izystrong|move: Tailwind\n|move|p1a: Kingambit|Kowtow Cleave|p2a: Garchomp\n|-damage|p2a: Garchomp|34/100\n|-damage|p1a: Kingambit|30/100|[from] ability: Rough Skin|[of] p2a: Garchomp\n|-damage|p1a: Kingambit|21/100|[from] item: Life Orb\n|\n|upkeep\n|turn|4\n|\n|t:|1788299455\n|move|p1a: Kingambit|Sucker Punch|p2a: Garchomp\n|-damage|p2a: Garchomp|0 fnt\n|-damage|p1a: Kingambit|9/100|[from] ability: Rough Skin|[of] p2a: Garchomp\n|faint|p2a: Garchomp\n|-damage|p1a: Kingambit|0 fnt|[from] item: Life Orb\n|faint|p1a: Kingambit\n|move|p2b: Aerodactyl|Rock Slide|p1b: Celeste\n|-supereffective|p1b: Celeste|1\n|-damage|p1b: Celeste|40/100\n|move|p1b: Celeste|Tailwind|p1b: Celeste\n|-sidestart|p1: soulo333|move: Tailwind\n|\n|upkeep\n|\n|t:|1788299467\n|switch|p2a: Blastoise|Blastoise, L50, F|100/100\n|switch|p1a: Raichu|Raichu-Mega-Y, L50, M|72/100\n|turn|5\n|\n|t:|1788299483\n|detailschange|p2a: Blastoise|Blastoise-Mega, L50, F\n|-mega|p2a: Blastoise|Blastoise|Blastoisinite\n|move|p1a: Raichu|Protect|p1a: Raichu\n|-singleturn|p1a: Raichu|Protect\n|move|p2a: Blastoise|Protect|p2a: Blastoise\n|-singleturn|p2a: Blastoise|Protect\n|move|p2b: Aerodactyl|Rock Slide|p1b: Celeste|[spread] p1b\n|-activate|p1a: Raichu|move: Protect\n|-supereffective|p1b: Celeste|1\n|-damage|p1b: Celeste|0 fnt\n|faint|p1b: Celeste\n|\n|upkeep\n|\n|t:|1788299491\n|switch|p1b: Sylveon|Sylveon, L50, M, shiny|100/100\n|turn|6\n|\n|t:|1788299504\n|move|p1b: Sylveon|Quick Attack|p2b: Aerodactyl\n|-damage|p2b: Aerodactyl|80/100\n|move|p2b: Aerodactyl|Rock Slide|p1a: Raichu|[spread] p1a,p1b\n|-damage|p1a: Raichu|46/100\n|-damage|p1b: Sylveon|79/100\n|move|p1a: Raichu|Zap Cannon|p2a: Blastoise\n|-supereffective|p2a: Blastoise|1\n|-damage|p2a: Blastoise|0 fnt\n|faint|p2a: Blastoise\n|\n|-sideend|p2: izystrong|move: Tailwind\n|upkeep\n|turn|7\n|\n|t:|1788299515\n|move|p1a: Raichu|Zap Cannon|p2b: Aerodactyl\n|-supereffective|p2b: Aerodactyl|1\n|-damage|p2b: Aerodactyl|0 fnt\n|faint|p2b: Aerodactyl\n|\n|win|soulo333\n","uploadtime":1788299515,"views":"0","formatid":"gen9championsvgc2026regmbbo3","rating":null,"private":0,"password":null}