{"id":"gen9championsvgc2026regmbbo3-2674878788","format":"[Gen 9 Champions] VGC 2026 Reg M-B (Bo3)","players":["Mowcrater#1fan","wenzheng1811"],"log":"|j|☆Mowcrater#1fan\n|j|☆wenzheng1811\n|html|<table width=\"100%\"><tr><td align=\"left\">Mowcrater#1fan</td><td align=\"right\">wenzheng1811</tr><tr><td align=\"left\"><i class=\"fa fa-circle-o\"></i> <i class=\"fa fa-circle-o\"></i> </td><td align=\"right\"><i class=\"fa fa-circle-o\"></i> <i class=\"fa fa-circle-o\"></i> </tr></table>\n|uhtml|bestof|<h2><strong>Game 1</strong> of <a href=\"/game-bestof3-gen9championsvgc2026regmbbo3-2674878786\">a best-of-3</a></h2>\n|t:|1788427566\n|gametype|doubles\n|player|p1|Mowcrater#1fan|265|1110\n|player|p2|wenzheng1811|steven|1098\n|gen|9\n|tier|[Gen 9 Champions] VGC 2026 Reg M-B (Bo3)\n|rated|\n|rule|Species Clause: Limit one of each Pokémon\n|rule|Item Clause: Limit 1 of each item\n|clearpoke\n|poke|p1|Blastoise, L50, M|\n|poke|p1|Delphox, L50, M|\n|poke|p1|Sinistcha-Masterpiece, L50|\n|poke|p1|Sneasler, L50, F|\n|poke|p1|Kingambit, L50, M|\n|poke|p1|Incineroar, L50, M|\n|poke|p2|Bellibolt, L50, F|\n|poke|p2|Raichu, L50, M|\n|poke|p2|Sinistcha, L50|\n|poke|p2|Staraptor, L50, M|\n|poke|p2|Grimmsnarl, L50, M|\n|poke|p2|Hippowdon, L50, F|\n|teampreview|4\n|showteam|p1|Blastoise||Blastoisinite|RainDish|WaterSpout,DarkPulse,ShellSmash,Protect|Modest||M|||50|]Delphox||Delphoxite|Blaze|HeatWave,Psychic,NastyPlot,Protect|Timid||M|||50|]Sinistcha-Masterpiece||ColburBerry|Hospitality|MatchaGotcha,RagePowder,TrickRoom,Protect|Bold|||||50|]Sneasler||FocusSash|PoisonTouch|FakeOut,PoisonJab,CloseCombat,QuickGuard|Jolly||F|||50|]Kingambit||LifeOrb|Defiant|KowtowCleave,SuckerPunch,SwordsDance,Protect|Adamant||M|||50|]Incineroar||SitrusBerry|Intimidate|FakeOut,FlareBlitz,ThroatChop,PartingShot|Careful||M|||50|\n|showteam|p2|Bellibolt||SitrusBerry|Electromorphosis|ParabolicCharge,Soak,Thunderbolt,Protect|Quiet||F|||50|]Raichu||RaichuniteX|LightningRod|VoltTackle,Protect,VoltSwitch,FakeOut|Jolly||M|||50|]Sinistcha||ColburBerry|Hospitality|MatchaGotcha,TrickRoom,LifeDew,RagePowder|Relaxed|||||50|]Staraptor||Staraptite|Intimidate|BraveBird,CloseCombat,Protect,Roost|Jolly||M|||50|]Grimmsnarl||LightClay|Prankster|Reflect,LightScreen,PartingShot,SpiritBreak|Careful||M|||50|]Hippowdon||LifeOrb|SandStream|IceFang,HeavySlam,HighHorsepower,RockSlide|Brave||F|||50|\n|\n|t:|1788427642\n|teamsize|p1|4\n|teamsize|p2|4\n|start\n|switch|p1a: Delphox|Delphox, L50, M|100/100\n|switch|p1b: Incineroar|Incineroar, L50, M|100/100\n|switch|p2a: Grimmsnarl|Grimmsnarl, L50, M|100/100\n|switch|p2b: Bellibolt|Bellibolt, L50, F|100/100\n|-ability|p1b: Incineroar|Intimidate|boost\n|-unboost|p2a: Grimmsnarl|atk|1\n|-unboost|p2b: Bellibolt|atk|1\n|turn|1\n|\n|t:|1788427658\n|detailschange|p1a: Delphox|Delphox-Mega, L50, M\n|-mega|p1a: Delphox|Delphox|Delphoxite\n|move|p1b: Incineroar|Fake Out|p2a: Grimmsnarl\n|-crit|p2a: Grimmsnarl\n|-damage|p2a: Grimmsnarl|83/100\n|cant|p2a: Grimmsnarl|flinch\n|move|p1a: Delphox|Nasty Plot|p1a: Delphox\n|-boost|p1a: Delphox|spa|2\n|move|p2b: Bellibolt|Soak|p1a: Delphox\n|-start|p1a: Delphox|typechange|Water\n|\n|upkeep\n|turn|2\n|\n|t:|1788427670\n|move|p1a: Delphox|Protect|p1a: Delphox\n|-singleturn|p1a: Delphox|Protect\n|move|p2a: Grimmsnarl|Light Screen|p2a: Grimmsnarl\n|-sidestart|p2: wenzheng1811|move: Light Screen\n|move|p1b: Incineroar|Parting Shot|p2b: Bellibolt\n|-unboost|p2b: Bellibolt|atk|1\n|-unboost|p2b: Bellibolt|spa|1\n|\n|t:|1788427676\n|switch|p1b: Sneasler|Sneasler, L50, F|100/100|[from] Parting Shot\n|move|p2b: Bellibolt|Parabolic Charge|p1a: Delphox|[spread] p2a,p1b\n|-activate|p1a: Delphox|move: Protect\n|-damage|p2a: Grimmsnarl|75/100\n|-damage|p1b: Sneasler|82/100\n|\n|upkeep\n|turn|3\n|\n|t:|1788427695\n|move|p1b: Sneasler|Fake Out|p2b: Bellibolt\n|-damage|p2b: Bellibolt|88/100\n|-start|p2b: Bellibolt|Charge|Fake Out|[from] ability: Electromorphosis\n|move|p2a: Grimmsnarl|Reflect|p2a: Grimmsnarl\n|-sidestart|p2: wenzheng1811|Reflect\n|move|p1a: Delphox|Psychic|p2b: Bellibolt\n|-damage|p2b: Bellibolt|52/100\n|-start|p2b: Bellibolt|Charge|Psychic|[from] ability: Electromorphosis\n|cant|p2b: Bellibolt|flinch\n|-end|p2b: Bellibolt|Charge|[silent]\n|\n|upkeep\n|turn|4\n|\n|t:|1788427711\n|move|p2a: Grimmsnarl|Parting Shot|p1a: Delphox\n|-unboost|p1a: Delphox|atk|1\n|-unboost|p1a: Delphox|spa|1\n|\n|t:|1788427717\n|switch|p2a: Sinistcha|Sinistcha, L50|100/100|[from] Parting Shot\n|-heal|p2b: Bellibolt|77/100|[from] ability: Hospitality|[of] p2a: Sinistcha\n|move|p1a: Delphox|Psychic|p2b: Bellibolt\n|-damage|p2b: Bellibolt|50/100g\n|-start|p2b: Bellibolt|Charge|Psychic|[from] ability: Electromorphosis\n|move|p1b: Sneasler|Close Combat|p2b: Bellibolt\n|-damage|p2b: Bellibolt|16/100\n|-unboost|p1b: Sneasler|def|1\n|-unboost|p1b: Sneasler|spd|1\n|-start|p2b: Bellibolt|Charge|Close Combat|[from] ability: Electromorphosis\n|-status|p2b: Bellibolt|psn|[from] ability: Poison Touch|[of] p1b: Sneasler\n|-enditem|p2b: Bellibolt|Sitrus Berry|[eat]\n|-heal|p2b: Bellibolt|41/100 psn|[from] item: Sitrus Berry\n|move|p2b: Bellibolt|Parabolic Charge|p1b: Sneasler|[spread] p2a,p1a,p1b\n|-resisted|p2a: Sinistcha|1\n|-supereffective|p1a: Delphox|1\n|-damage|p2a: Sinistcha|91/100\n|-heal|p2b: Bellibolt|44/100 psn|[from] drain|[of] p2a: Sinistcha\n|-damage|p1a: Delphox|54/100\n|-heal|p2b: Bellibolt|61/100 psn|[from] drain|[of] p1a: Delphox\n|-damage|p1b: Sneasler|32/100\n|-heal|p2b: Bellibolt|80/100 psn|[from] drain|[of] p1b: Sneasler\n|-end|p2b: Bellibolt|Charge|[silent]\n|\n|-damage|p2b: Bellibolt|67/100 psn|[from] psn\n|upkeep\n|turn|5\n|\n|t:|1788427756\n|switch|p1b: Incineroar|Incineroar, L50, M|100/100\n|-ability|p1b: Incineroar|Intimidate|boost\n|-unboost|p2a: Sinistcha|atk|1\n|-unboost|p2b: Bellibolt|atk|1\n|move|p1a: Delphox|Protect|p1a: Delphox\n|-singleturn|p1a: Delphox|Protect\n|move|p2b: Bellibolt|Parabolic Charge|p1a: Delphox|[spread] p2a,p1b\n|-activate|p1a: Delphox|move: Protect\n|-resisted|p2a: Sinistcha|1\n|-damage|p2a: Sinistcha|87/100\n|-heal|p2b: Bellibolt|69/100 psn|[from] drain|[of] p2a: Sinistcha\n|-damage|p1b: Incineroar|89/100\n|-heal|p2b: Bellibolt|75/100 psn|[from] drain|[of] p1b: Incineroar\n|move|p2a: Sinistcha|Trick Room|p2a: Sinistcha\n|-fieldstart|move: Trick Room|[of] p2a: Sinistcha\n|\n|-damage|p2b: Bellibolt|62/100 psn|[from] psn\n|upkeep\n|turn|6\n|\n|t:|1788427782\n|move|p1b: Incineroar|Fake Out|p2b: Bellibolt\n|-damage|p2b: Bellibolt|56/100 psn\n|-start|p2b: Bellibolt|Charge|Fake Out|[from] ability: Electromorphosis\n|cant|p2b: Bellibolt|flinch\n|-end|p2b: Bellibolt|Charge|[silent]\n|move|p2a: Sinistcha|Life Dew|p2a: Sinistcha|[spread] p2a,p2b\n|-heal|p2a: Sinistcha|100/100\n|-heal|p2b: Bellibolt|81/100 psn\n|move|p1a: Delphox|Heat Wave|p2b: Bellibolt|[spread] p2a,p2b\n|-supereffective|p2a: Sinistcha|1\n|-damage|p2a: Sinistcha|47/100\n|-damage|p2b: Bellibolt|61/100 psn\n|-start|p2b: Bellibolt|Charge|Heat Wave|[from] ability: Electromorphosis\n|\n|-damage|p2b: Bellibolt|49/100 psn|[from] psn\n|upkeep\n|turn|7\n|\n|t:|1788427803\n|switch|p1a: Sinistcha|Sinistcha-Masterpiece, L50|100/100\n|-heal|p1b: Incineroar|100/100|[from] ability: Hospitality|[of] p1a: Sinistcha\n|move|p2b: Bellibolt|Parabolic Charge|p1a: Sinistcha|[spread] p2a,p1a,p1b\n|-resisted|p2a: Sinistcha|1\n|-resisted|p1a: Sinistcha|1\n|-damage|p2a: Sinistcha|39/100\n|-heal|p2b: Bellibolt|52/100 psn|[from] drain|[of] p2a: Sinistcha\n|-damage|p1a: Sinistcha|87/100\n|-heal|p2b: Bellibolt|57/100 psn|[from] drain|[of] p1a: Sinistcha\n|-damage|p1b: Incineroar|77/100\n|-heal|p2b: Bellibolt|68/100 psn|[from] drain|[of] p1b: Incineroar\n|-end|p2b: Bellibolt|Charge|[silent]\n|move|p2a: Sinistcha|Life Dew|p2a: Sinistcha|[spread] p2a,p2b\n|-heal|p2a: Sinistcha|65/100\n|-heal|p2b: Bellibolt|93/100 psn\n|move|p1b: Incineroar|Flare Blitz|p2a: Sinistcha\n|-supereffective|p2a: Sinistcha|1\n|-damage|p2a: Sinistcha|13/100\n|-damage|p1b: Incineroar|62/100|[from] Recoil\n|\n|-damage|p2b: Bellibolt|81/100 psn|[from] psn\n|upkeep\n|turn|8\n|\n|t:|1788427838\n|move|p2b: Bellibolt|Soak|p1b: Incineroar\n|-start|p1b: Incineroar|typechange|Water\n|move|p2a: Sinistcha|Matcha Gotcha|p1b: Incineroar|[spread] p1a\n|-miss|p2a: Sinistcha|p1b: Incineroar\n|-resisted|p1a: Sinistcha|1\n|-damage|p1a: Sinistcha|76/100\n|-heal|p2a: Sinistcha|19/100|[from] drain|[of] p1a: Sinistcha\n|move|p1a: Sinistcha|Matcha Gotcha|p2a: Sinistcha|[spread] p2a,p2b\n|-resisted|p2a: Sinistcha|1\n|-damage|p2a: Sinistcha|11/100\n|-heal|p1a: Sinistcha|80/100|[from] drain|[of] p2a: Sinistcha\n|-damage|p2b: Bellibolt|67/100 psn\n|-heal|p1a: Sinistcha|88/100|[from] drain|[of] p2b: Bellibolt\n|-start|p2b: Bellibolt|Charge|Matcha Gotcha|[from] ability: Electromorphosis\n|move|p1b: Incineroar|Parting Shot|p2b: Bellibolt\n|-unboost|p2b: Bellibolt|atk|1\n|-unboost|p2b: Bellibolt|spa|1\n|\n|t:|1788427855\n|switch|p1b: Delphox|Delphox-Mega, L50, M|54/100|[from] Parting Shot\n|\n|-damage|p2b: Bellibolt|55/100 psn|[from] psn\n|upkeep\n|turn|9\n|\n|t:|1788427868\n|move|p1a: Sinistcha|Protect|p1a: Sinistcha\n|-singleturn|p1a: Sinistcha|Protect\n|move|p1b: Delphox|Protect|p1b: Delphox\n|-singleturn|p1b: Delphox|Protect\n|move|p2b: Bellibolt|Soak|p1b: Delphox\n|-activate|p1b: Delphox|move: Protect\n|move|p2a: Sinistcha|Life Dew|p2a: Sinistcha|[spread] p2a,p2b\n|-heal|p2a: Sinistcha|36/100\n|-heal|p2b: Bellibolt|80/100 psn\n|\n|-damage|p2b: Bellibolt|68/100 psn|[from] psn\n|-sideend|p2: wenzheng1811|move: Light Screen\n|-fieldend|move: Trick Room\n|upkeep\n|turn|10\n|\n|t:|1788427885\n|move|p1b: Delphox|Heat Wave|p2a: Sinistcha|[spread] p2a,p2b\n|-supereffective|p2a: Sinistcha|1\n|-damage|p2a: Sinistcha|0 fnt\n|-damage|p2b: Bellibolt|39/100 psn\n|-start|p2b: Bellibolt|Charge|Heat Wave|[from] ability: Electromorphosis\n|faint|p2a: Sinistcha\n|move|p1a: Sinistcha|Matcha Gotcha|p2b: Bellibolt\n|-damage|p2b: Bellibolt|15/100 psn\n|-heal|p1a: Sinistcha|100/100|[from] drain|[of] p2b: Bellibolt\n|-start|p2b: Bellibolt|Charge|Matcha Gotcha|[from] ability: Electromorphosis\n|move|p2b: Bellibolt|Soak|p1b: Delphox\n|-start|p1b: Delphox|typechange|Water\n|\n|-damage|p2b: Bellibolt|3/100 psn|[from] psn\n|-sideend|p2: wenzheng1811|Reflect\n|upkeep\n|\n|t:|1788427915\n|switch|p2a: Hippowdon|Hippowdon, L50, F|100/100\n|-weather|Sandstorm|[from] ability: Sand Stream|[of] p2a: Hippowdon\n|turn|11\n|\n|t:|1788427924\n|switch|p1b: Incineroar|Incineroar, L50, M|62/100\n|-ability|p1b: Incineroar|Intimidate|boost\n|-unboost|p2a: Hippowdon|atk|1\n|-unboost|p2b: Bellibolt|atk|1\n|move|p1a: Sinistcha|Matcha Gotcha|p2b: Bellibolt|[spread] p2b\n|-miss|p1a: Sinistcha|p2a: Hippowdon\n|-damage|p2b: Bellibolt|0 fnt\n|faint|p2b: Bellibolt\n|move|p2a: Hippowdon|Rock Slide|p1a: Sinistcha|[spread] p1a,p1b\n|-supereffective|p1b: Incineroar|1\n|-damage|p1a: Sinistcha|85/100\n|-damage|p1b: Incineroar|27/100\n|-enditem|p1b: Incineroar|Sitrus Berry|[eat]\n|-heal|p1b: Incineroar|52/100|[from] item: Sitrus Berry\n|-damage|p2a: Hippowdon|90/100|[from] item: Life Orb\n|\n|-weather|Sandstorm|[upkeep]\n|-damage|p1b: Incineroar|46/100|[from] Sandstorm\n|-damage|p1a: Sinistcha|79/100|[from] Sandstorm\n|upkeep\n|\n|t:|1788427942\n|switch|p2b: Grimmsnarl|Grimmsnarl, L50, M|75/100\n|turn|12\n|\n|t:|1788427957\n|move|p1b: Incineroar|Fake Out|p2a: Hippowdon\n|-damage|p2a: Hippowdon|81/100\n|move|p2b: Grimmsnarl|Light Screen|p2b: Grimmsnarl\n|-sidestart|p2: wenzheng1811|move: Light Screen\n|move|p1a: Sinistcha|Matcha Gotcha|p2b: Grimmsnarl|[spread] p2a,p2b\n|-supereffective|p2a: Hippowdon|1\n|-damage|p2a: Hippowdon|49/100\n|-heal|p1a: Sinistcha|97/100|[from] drain|[of] p2a: Hippowdon\n|-damage|p2b: Grimmsnarl|60/100\n|-heal|p1a: Sinistcha|100/100|[from] drain|[of] p2b: Grimmsnarl\n|cant|p2a: Hippowdon|flinch\n|\n|-weather|Sandstorm|[upkeep]\n|-damage|p1b: Incineroar|40/100|[from] Sandstorm\n|-damage|p1a: Sinistcha|93/100|[from] Sandstorm\n|-damage|p2b: Grimmsnarl|54/100|[from] Sandstorm\n|upkeep\n|turn|13\n|\n|t:|1788427981\n|move|p2b: Grimmsnarl|Parting Shot|p1a: Sinistcha\n|-unboost|p1a: Sinistcha|atk|1\n|-unboost|p1a: Sinistcha|spa|1\n|move|p1b: Incineroar|Flare Blitz|p2b: Grimmsnarl\n|-damage|p2b: Grimmsnarl|3/100\n|-status|p2b: Grimmsnarl|brn\n|-damage|p1b: Incineroar|23/100|[from] Recoil\n|move|p1a: Sinistcha|Matcha Gotcha|p2a: Hippowdon|[spread] p2a,p2b\n|-supereffective|p2a: Hippowdon|1\n|-damage|p2a: Hippowdon|30/100\n|-heal|p1a: Sinistcha|100/100|[from] drain|[of] p2a: Hippowdon\n|-damage|p2b: Grimmsnarl|0 fnt\n|faint|p2b: Grimmsnarl\n|move|p2a: Hippowdon|Ice Fang|p1a: Sinistcha\n|-supereffective|p1a: Sinistcha|1\n|-damage|p1a: Sinistcha|70/100\n|-damage|p2a: Hippowdon|20/100y|[from] item: Life Orb\n|\n|-weather|Sandstorm|[upkeep]\n|-damage|p1b: Incineroar|17/100|[from] Sandstorm\n|-damage|p1a: Sinistcha|64/100|[from] Sandstorm\n|upkeep\n|turn|14\n|\n|t:|1788428003\n|move|p1b: Incineroar|Flare Blitz|p2a: Hippowdon\n|-damage|p2a: Hippowdon|0 fnt\n|faint|p2a: Hippowdon\n|-damage|p1b: Incineroar|10/100|[from] Recoil\n|\n|win|Mowcrater#1fan\n||Mowcrater#1fan is ready for game 2.\n","uploadtime":1788428009,"views":"0","formatid":"gen9championsvgc2026regmbbo3","rating":null,"private":0,"password":null}