{"id":"gen9championsvgc2026regmb-2674075540","format":"[Gen 9 Champions] VGC 2026 Reg M-B","players":["Worldender2021","Kwiper"],"log":"|j|☆Worldender2021\n|j|☆Kwiper\n|t:|1788295760\n|gametype|doubles\n|player|p1|Worldender2021|101|1473\n|player|p2|Kwiper|sycamore|1591\n|gen|9\n|tier|[Gen 9 Champions] VGC 2026 Reg M-B\n|rated|\n|rule|Species Clause: Limit one of each Pokémon\n|rule|Item Clause: Limit 1 of each item\n|clearpoke\n|poke|p1|Floette-Eternal, L50, F|\n|poke|p1|Garchomp, L50, F|\n|poke|p1|Incineroar, L50, M|\n|poke|p1|Toxapex, L50, M|\n|poke|p1|Sylveon, L50, F|\n|poke|p1|Kingambit, L50, M|\n|poke|p2|Tyranitar, L50, M|\n|poke|p2|Excadrill, L50, F|\n|poke|p2|Milotic, L50, M|\n|poke|p2|Gholdengo, L50|\n|poke|p2|Sinistcha, L50|\n|poke|p2|Staraptor, L50, F|\n|teampreview|4\n|inactive|Battle timer is ON: inactive players will automatically lose when time's up. (requested by Kwiper)\n|\n|t:|1788295780\n|teamsize|p1|4\n|teamsize|p2|4\n|start\n|switch|p1a: Floette|Floette-Eternal, L50, F|100/100\n|switch|p1b: Sylveon|Sylveon, L50, F|100/100\n|switch|p2a: Staraptor|Staraptor, L50, F|100/100\n|switch|p2b: Gholdengo|Gholdengo, L50|100/100\n|-ability|p2a: Staraptor|Intimidate|boost\n|-unboost|p1a: Floette|atk|1\n|-unboost|p1b: Sylveon|atk|1\n|turn|1\n|\n|t:|1788295796\n|switch|p1a: Incineroar|Incineroar, L50, M|100/100\n|-ability|p1a: Incineroar|Intimidate|boost\n|-unboost|p2a: Staraptor|atk|1\n|-unboost|p2b: Gholdengo|atk|1\n|move|p1b: Sylveon|Detect|p1b: Sylveon\n|-singleturn|p1b: Sylveon|Protect\n|move|p2a: Staraptor|Tailwind|p2a: Staraptor\n|-sidestart|p2: Kwiper|move: Tailwind\n|move|p2b: Gholdengo|Nasty Plot|p2b: Gholdengo\n|-boost|p2b: Gholdengo|spa|2\n|\n|upkeep\n|turn|2\n|\n|t:|1788295813\n|switch|p2a: Milotic|Milotic, L50, M|100/100\n|switch|p1b: Garchomp|Garchomp, L50, F|100/100\n|move|p2b: Gholdengo|Protect|p2b: Gholdengo\n|-singleturn|p2b: Gholdengo|Protect\n|move|p1a: Incineroar|Flare Blitz|p2b: Gholdengo\n|-activate|p2b: Gholdengo|move: Protect\n|\n|upkeep\n|turn|3\n|\n|t:|1788295829\n|switch|p2b: Staraptor|Staraptor, L50, F|100/100\n|-ability|p2b: Staraptor|Intimidate|boost\n|-unboost|p1a: Incineroar|atk|1\n|-unboost|p1b: Garchomp|atk|1\n|move|p2a: Milotic|Ice Beam|p1b: Garchomp\n|-supereffective|p1b: Garchomp|2\n|-damage|p1b: Garchomp|0 fnt\n|faint|p1b: Garchomp\n|move|p1a: Incineroar|Flare Blitz|p2b: Staraptor\n|-damage|p2b: Staraptor|58/100\n|-damage|p1a: Incineroar|87/100|[from] Recoil\n|\n|upkeep\n|\n|t:|1788295841\n|switch|p1b: Sylveon|Sylveon, L50, F|100/100\n|turn|4\n|\n|t:|1788295848\n|detailschange|p2b: Staraptor|Staraptor-Mega, L50, F\n|-mega|p2b: Staraptor|Staraptor|Staraptite\n|move|p2b: Staraptor|Close Combat|p1a: Incineroar\n|-supereffective|p1a: Incineroar|1\n|-damage|p1a: Incineroar|0 fnt\n|-boost|p2b: Staraptor|def|1\n|-boost|p2b: Staraptor|spd|1\n|faint|p1a: Incineroar\n|move|p2a: Milotic|Scald|p1b: Sylveon\n|-damage|p1b: Sylveon|79/100\n|move|p1b: Sylveon|Hyper Voice|p2a: Milotic|[spread] p2a,p2b\n|-supereffective|p2b: Staraptor|1\n|-damage|p2a: Milotic|69/100\n|-damage|p2b: Staraptor|0 fnt\n|faint|p2b: Staraptor\n|\n|-sideend|p2: Kwiper|move: Tailwind\n|upkeep\n|\n|t:|1788295862\n|switch|p2b: Excadrill|Excadrill, L50, F|100/100\n|switch|p1a: Floette|Floette-Eternal, L50, F|100/100\n|turn|5\n|\n|t:|1788295872\n|detailschange|p1a: Floette|Floette-Mega, L50, F\n|-mega|p1a: Floette|Floette|Floettite\n|-ability|p1a: Floette|Fairy Aura\n|move|p1a: Floette|Light of Ruin|p2b: Excadrill\n|-resisted|p2b: Excadrill|1\n|-damage|p2b: Excadrill|19/100\n|-damage|p1a: Floette|49/100|[from] Recoil\n|move|p2b: Excadrill|Iron Head|p1a: Floette\n|-supereffective|p1a: Floette|1\n|-damage|p1a: Floette|0 fnt\n|faint|p1a: Floette\n|move|p2a: Milotic|Icy Wind|p1b: Sylveon\n|-damage|p1b: Sylveon|68/100\n|-unboost|p1b: Sylveon|spe|1\n|move|p1b: Sylveon|Hyper Voice|p2b: Excadrill|[spread] p2a,p2b\n|-resisted|p2b: Excadrill|1\n|-damage|p2a: Milotic|35/100\n|-damage|p2b: Excadrill|0 fnt\n|-enditem|p2a: Milotic|Sitrus Berry|[eat]\n|-heal|p2a: Milotic|59/100|[from] item: Sitrus Berry\n|faint|p2b: Excadrill\n|\n|upkeep\n|\n|t:|1788295875\n|switch|p2b: Gholdengo|Gholdengo, L50|100/100\n|turn|6\n|-message|Worldender2021 forfeited.\n|\n|win|Kwiper\n|raw|Worldender2021's rating: 1473 &rarr; <strong>1460</strong><br />(-13 for losing)\n|raw|Kwiper's rating: 1591 &rarr; <strong>1604</strong><br />(+13 for winning)\n","uploadtime":1788295893,"views":"0","formatid":"gen9championsvgc2026regmb","rating":1460,"private":0,"password":null}