{"id":"gen9championsvgc2026regmb-2674039129","format":"[Gen 9 Champions] VGC 2026 Reg M-B","players":["Laser52","Mr Decimals"],"log":"|j|☆Laser52\n|j|☆Mr Decimals\n|t:|1788291291\n|gametype|doubles\n|player|p1|Laser52|101|1092\n|player|p2|Mr Decimals|blue|1013\n|gen|9\n|tier|[Gen 9 Champions] VGC 2026 Reg M-B\n|rated|\n|rule|Species Clause: Limit one of each Pokémon\n|rule|Item Clause: Limit 1 of each item\n|clearpoke\n|poke|p1|Espathra, L50, M|\n|poke|p1|Grimmsnarl, L50, M|\n|poke|p1|Aggron, L50, M|\n|poke|p1|Garchomp, L50, M|\n|poke|p1|Milotic, L50, F|\n|poke|p1|Toxapex, L50, F|\n|poke|p2|Zoroark-Hisui, L50, M, shiny|\n|poke|p2|Farigiraf, L50, M, shiny|\n|poke|p2|Mawile, L50, F, shiny|\n|poke|p2|Aegislash, L50, M, shiny|\n|poke|p2|Dragonite, L50, M, shiny|\n|poke|p2|Sneasler, L50, F, shiny|\n|teampreview|4\n|inactive|Battle timer is ON: inactive players will automatically lose when time's up. (requested by Mr Decimals)\n|\n|t:|1788291306\n|teamsize|p1|4\n|teamsize|p2|4\n|start\n|switch|p1a: Espathra|Espathra, L50, M|100/100\n|switch|p1b: Grimmsnarl|Grimmsnarl, L50, M|100/100\n|switch|p2a: Argonaut|Sneasler, L50, F, shiny|100/100\n|switch|p2b: Typhon|Dragonite, L50, M, shiny|100/100\n|turn|1\n|inactive|Laser52 has 30 seconds left.\n|inactive|Laser52 has 20 seconds left.\n|inactive|Laser52 has 15 seconds left.\n|inactive|Laser52 has 10 seconds left.\n|inactive|Laser52 has 5 seconds left.\n|\n|t:|1788291361\n|move|p2a: Argonaut|Fake Out|p1b: Grimmsnarl\n|-damage|p1b: Grimmsnarl|83/100\n|cant|p1b: Grimmsnarl|flinch\n|move|p2b: Typhon|Bitter Malice|p1a: Espathra\n|-supereffective|p1a: Espathra|1\n|-enditem|p1a: Espathra|Focus Sash\n|-damage|p1a: Espathra|1/100\n|-unboost|p1a: Espathra|atk|1\n|-damage|p2b: Typhon|90/100|[from] item: Life Orb\n|move|p1a: Espathra|Calm Mind|p1a: Espathra\n|-boost|p1a: Espathra|spa|1\n|-boost|p1a: Espathra|spd|1\n|\n|-ability|p1a: Espathra|Speed Boost|boost\n|-boost|p1a: Espathra|spe|1\n|upkeep\n|turn|2\n|\n|t:|1788291381\n|move|p1b: Grimmsnarl|Reflect|p1b: Grimmsnarl\n|-sidestart|p1: Laser52|Reflect\n|move|p2a: Argonaut|Dire Claw|p1b: Grimmsnarl\n|-supereffective|p1b: Grimmsnarl|1\n|-damage|p1b: Grimmsnarl|26/100\n|-status|p1b: Grimmsnarl|psn\n|move|p1a: Espathra|Baton Pass|p1a: Espathra\n|\n|t:|1788291389\n|switch|p1a: Toxapex|Toxapex, L50, F|100/100|[from] Baton Pass\n|move|p2b: Typhon|Hyper Voice|p1a: Toxapex|[spread] p1a,p1b\n|-damage|p1a: Toxapex|75/100\n|-damage|p1b: Grimmsnarl|0 fnt\n|faint|p1b: Grimmsnarl\n|-damage|p2b: Typhon|80/100|[from] item: Life Orb\n|\n|-heal|p1a: Toxapex|80/100|[from] item: Leftovers\n|upkeep\n|\n|t:|1788291395\n|switch|p1b: Milotic|Milotic, L50, F|100/100\n|turn|3\n|\n|t:|1788291408\n|move|p2a: Argonaut|Close Combat|p1b: Milotic\n|-damage|p1b: Milotic|69/100\n|-unboost|p2a: Argonaut|def|1\n|-unboost|p2a: Argonaut|spd|1\n|-enditem|p2a: Argonaut|White Herb\n|-clearnegativeboost|p2a: Argonaut|[silent]\n|move|p2b: Typhon|Hyper Voice|p1a: Toxapex|[spread] p1a,p1b\n|-damage|p1a: Toxapex|57/100\n|-damage|p1b: Milotic|35/100\n|-damage|p2b: Typhon|70/100|[from] item: Life Orb\n|move|p1b: Milotic|Psych Up|p1a: Toxapex\n|-copyboost|p1b: Milotic|p1a: Toxapex|[from] move: Psych Up\n|move|p1a: Toxapex|Toxic|p2b: Typhon\n|-status|p2b: Typhon|tox\n|\n|-heal|p1a: Toxapex|63/100|[from] item: Leftovers\n|-damage|p2b: Typhon|64/100 tox|[from] psn\n|upkeep\n|turn|4\n|c|☆Mr Decimals|ooo this is cute\n|n|!Mr Decimals|mrdecimals\n|\n|t:|1788291430\n|move|p2a: Argonaut|Close Combat|p1b: Milotic\n|-damage|p1b: Milotic|5/100\n|-unboost|p2a: Argonaut|def|1\n|-unboost|p2a: Argonaut|spd|1\n|move|p2b: Typhon|Hyper Voice|p1b: Milotic|[spread] p1a,p1b\n|-crit|p1a: Toxapex\n|-damage|p1a: Toxapex|8/100\n|-damage|p1b: Milotic|0 fnt\n|faint|p1b: Milotic\n|-damage|p2b: Typhon|54/100 tox|[from] item: Life Orb\n|move|p1a: Toxapex|Stockpile|p1a: Toxapex\n|-start|p1a: Toxapex|stockpile1\n|-boost|p1a: Toxapex|def|1\n|-boost|p1a: Toxapex|spd|1\n|\n|-heal|p1a: Toxapex|14/100|[from] item: Leftovers\n|-damage|p2b: Typhon|42/100 tox|[from] psn\n|upkeep\n|\n|t:|1788291438\n|switch|p1b: Espathra|Espathra, L50, M|1/100\n|turn|5\n|\n|t:|1788291443\n|move|p2a: Argonaut|Close Combat|p1a: Toxapex\n|-resisted|p1a: Toxapex|1\n|-damage|p1a: Toxapex|4/100\n|-unboost|p2a: Argonaut|def|1\n|-unboost|p2a: Argonaut|spd|1\n|move|p2b: Typhon|Hyper Voice|p1b: Espathra|[spread] p1a,p1b\n|-damage|p1a: Toxapex|0 fnt\n|-damage|p1b: Espathra|0 fnt\n|faint|p1a: Toxapex\n|faint|p1b: Espathra\n|-damage|p2b: Typhon|32/100 tox|[from] item: Life Orb\n|\n|win|Mr Decimals\n","uploadtime":1788291427,"views":"0","formatid":"gen9championsvgc2026regmb","rating":null,"private":0,"password":null}