{"id":"gen9championsvgc2026regmb-2674906377","format":"[Gen 9 Champions] VGC 2026 Reg M-B","players":["Batatab","Thornlace48812"],"log":"|j|☆Batatab\n|j|☆Thornlace48812\n|t:|1788433528\n|gametype|doubles\n|player|p1|Batatab|170|1197\n|player|p2|Thornlace48812|102|1250\n|gen|9\n|tier|[Gen 9 Champions] VGC 2026 Reg M-B\n|rated|\n|rule|Species Clause: Limit one of each Pokémon\n|rule|Item Clause: Limit 1 of each item\n|clearpoke\n|poke|p1|Froslass, L50, F|\n|poke|p1|Raichu, L50, F|\n|poke|p1|Glimmora, L50, F|\n|poke|p1|Mamoswine, L50, F|\n|poke|p1|Garchomp, L50, F|\n|poke|p1|Sinistcha, L50|\n|poke|p2|Garchomp, L50, F|\n|poke|p2|Charizard, L50, M|\n|poke|p2|Whimsicott, L50, F|\n|poke|p2|Sylveon, L50, F|\n|poke|p2|Kingambit, L50, M|\n|poke|p2|Basculegion, L50, M|\n|teampreview|4\n|inactive|Battle timer is ON: inactive players will automatically lose when time's up. (requested by Thornlace48812)\nThornlace48812 rejected open team sheets.\n|inactive|Batatab has 60 seconds left.\n|\n|t:|1788433566\n|teamsize|p1|4\n|teamsize|p2|4\n|start\n|switch|p1a: Froslass|Froslass, L50, F|100/100\n|switch|p1b: Glimmora|Glimmora, L50, F|100/100\n|switch|p2a: Charizard|Charizard, L50, M|100/100\n|switch|p2b: Garchomp|Garchomp, L50, F|100/100\n|turn|1\n|inactive|Batatab has 30 seconds left.\n|\n|t:|1788433592\n|detailschange|p1a: Froslass|Froslass-Mega, L50, F\n|-mega|p1a: Froslass|Froslass|Froslassite\n|-weather|Snowscape|[from] ability: Snow Warning|[of] p1a: Froslass\n|move|p1b: Glimmora|Protect|p1b: Glimmora\n|-singleturn|p1b: Glimmora|Protect\n|move|p2a: Charizard|Protect|p2a: Charizard\n|-singleturn|p2a: Charizard|Protect\n|move|p2b: Garchomp|Earthquake|p1a: Froslass|[spread] p1a\n|-activate|p2a: Charizard|move: Protect\n|-activate|p1b: Glimmora|move: Protect\n|-damage|p1a: Froslass|71/100\n|-damage|p2b: Garchomp|90/100|[from] item: Life Orb\n|move|p1a: Froslass|Aurora Veil|p1a: Froslass\n|-sidestart|p1: Batatab|move: Aurora Veil\n|\n|-weather|Snowscape|[upkeep]\n|upkeep\n|turn|2\n|\n|t:|1788433615\n|switch|p1a: Garchomp|Garchomp, L50, F|100/100\n|detailschange|p2a: Charizard|Charizard-Mega-Y, L50, M\n|-mega|p2a: Charizard|Charizard|Charizardite Y\n|-weather|SunnyDay|[from] ability: Drought|[of] p2a: Charizard\n|move|p2b: Garchomp|Rock Slide|p1a: Garchomp|[spread] p1a,p1b\n|-resisted|p1a: Garchomp|1\n|-damage|p1a: Garchomp|92/100\n|-damage|p1b: Glimmora|80/100\n|-activate|p1b: Glimmora|ability: Toxic Debris\n|-sidestart|p2: Thornlace48812|move: Toxic Spikes\n|-damage|p2b: Garchomp|80/100|[from] item: Life Orb\n|cant|p1b: Glimmora|flinch\n|move|p2a: Charizard|Ancient Power|p1a: Garchomp\n|-resisted|p1a: Garchomp|1\n|-crit|p1a: Garchomp\n|-damage|p1a: Garchomp|74/100\n|\n|-weather|SunnyDay|[upkeep]\n|upkeep\n|turn|3\n|\n|t:|1788433636\n|move|p2a: Charizard|Protect|p2a: Charizard\n|-singleturn|p2a: Charizard|Protect\n|move|p1a: Garchomp|Dragon Claw|p2b: Garchomp\n|-supereffective|p2b: Garchomp|1\n|-damage|p2b: Garchomp|0 fnt\n|-damage|p1a: Garchomp|62/100|[from] ability: Rough Skin|[of] p2b: Garchomp\n|faint|p2b: Garchomp\n|move|p1b: Glimmora|Power Gem|p2a: Charizard\n|-activate|p2a: Charizard|move: Protect\n|\n|-weather|SunnyDay|[upkeep]\n|upkeep\n|\n|t:|1788433643\n|switch|p2b: Sylveon|Sylveon, L50, F|100/100\n|-status|p2b: Sylveon|psn\n|turn|4\n|\n|t:|1788433650\n|switch|p1a: Froslass|Froslass-Mega, L50, F|71/100\n|-weather|Snowscape|[from] ability: Snow Warning|[of] p1a: Froslass\n|move|p1b: Glimmora|Protect|p1b: Glimmora\n|-singleturn|p1b: Glimmora|Protect\n|move|p2a: Charizard|Heat Wave|p1a: Froslass|[spread] p1a\n|-activate|p1b: Glimmora|move: Protect\n|-supereffective|p1a: Froslass|1\n|-damage|p1a: Froslass|14/100\n|move|p2b: Sylveon|Hyper Voice|p1b: Glimmora|[spread] p1a\n|-activate|p1b: Glimmora|move: Protect\n|-damage|p1a: Froslass|0 fnt\n|faint|p1a: Froslass\n|\n|-weather|Snowscape|[upkeep]\n|-damage|p2b: Sylveon|87/100 psn|[from] psn\n|upkeep\n|\n|t:|1788433666\n|switch|p1a: Garchomp|Garchomp, L50, F|62/100\n|turn|5\n|\n|t:|1788433676\n|move|p1a: Garchomp|Poison Jab|p2b: Sylveon\n|-supereffective|p2b: Sylveon|1\n|-damage|p2b: Sylveon|22/100 psn\n|move|p1b: Glimmora|Power Gem|p2a: Charizard\n|-supereffective|p2a: Charizard|2\n|-damage|p2a: Charizard|0 fnt\n|faint|p2a: Charizard\n|move|p2b: Sylveon|Hyper Voice|p1a: Garchomp|[spread] p1a,p1b\n|-supereffective|p1a: Garchomp|1\n|-resisted|p1b: Glimmora|1\n|-damage|p1a: Garchomp|1/100\n|-damage|p1b: Glimmora|60/100\n|\n|-weather|Snowscape|[upkeep]\n|-damage|p2b: Sylveon|10/100 psn|[from] psn\n|-sideend|p1: Batatab|move: Aurora Veil\n|upkeep\n|\n|t:|1788433676\n|switch|p2a: Basculegion|Basculegion, L50, M|100/100\n|-status|p2a: Basculegion|psn\n|turn|6\n|\n|t:|1788433692\n|move|p1b: Glimmora|Protect|p1b: Glimmora\n|-singleturn|p1b: Glimmora|Protect\n|move|p1a: Garchomp|Poison Jab|p2a: Basculegion\n|-resisted|p2a: Basculegion|1\n|-damage|p2a: Basculegion|86/100 psn\n|move|p2a: Basculegion|Last Respects|p1b: Glimmora\n|-activate|p1b: Glimmora|move: Protect\n|move|p2b: Sylveon|Hyper Voice|p1a: Garchomp|[spread] p1a\n|-activate|p1b: Glimmora|move: Protect\n|-supereffective|p1a: Garchomp|1\n|-damage|p1a: Garchomp|0 fnt\n|faint|p1a: Garchomp\n|\n|-weather|Snowscape|[upkeep]\n|-damage|p2a: Basculegion|73/100 psn|[from] psn\n|-damage|p2b: Sylveon|0 fnt|[from] psn\n|faint|p2b: Sylveon\n|upkeep\n|\n|t:|1788433708\n|switch|p1a: Mamoswine|Mamoswine, L50, F|100/100\n|turn|7\n|\n|t:|1788433718\n|move|p1b: Glimmora|Power Gem|p2a: Basculegion\n|-damage|p2a: Basculegion|26/100 psn\n|move|p1a: Mamoswine|High Horsepower|p2a: Basculegion\n|-damage|p2a: Basculegion|0 fnt\n|faint|p2a: Basculegion\n|-damage|p1a: Mamoswine|90/100|[from] item: Life Orb\n|\n|win|Batatab\n|raw|Batatab's rating: 1197 &rarr; <strong>1227</strong><br />(+30 for winning)\n|raw|Thornlace48812's rating: 1264 &rarr; <strong>1234</strong><br />(-30 for losing)\n","uploadtime":1788433718,"views":"1","formatid":"gen9championsvgc2026regmb","rating":1227,"private":0,"password":null}