{"id":"gen9championsvgc2026regmbbo3-2673999133","format":"[Gen 9 Champions] VGC 2026 Reg M-B (Bo3)","players":["Tendo Pain(Nagato)","platinumflare"],"log":"|j|☆Tendo Pain(Nagato)\n|j|☆platinumflare\n|html|<table width=\"100%\"><tr><td align=\"left\">Tendo Pain(Nagato)</td><td align=\"right\">platinumflare</tr><tr><td align=\"left\"><i class=\"fa fa-circle\"></i> <i class=\"fa fa-circle-o\"></i> </td><td align=\"right\"><i class=\"fa fa-circle-o\"></i> <i class=\"fa fa-circle\"></i> </tr></table>\n|uhtml|bestof|<h2><strong>Game 3</strong> of <a href=\"/game-bestof3-gen9championsvgc2026regmbbo3-2673996659\">a best-of-3</a></h2>\n|t:|1788286558\n|gametype|doubles\n|player|p1|Tendo Pain(Nagato)|bruno|1331\n|player|p2|platinumflare|lance|1326\n|gen|9\n|tier|[Gen 9 Champions] VGC 2026 Reg M-B (Bo3)\n|rated|\n|rule|Species Clause: Limit one of each Pokémon\n|rule|Item Clause: Limit 1 of each item\n|clearpoke\n|poke|p1|Staraptor, L50, M, shiny|\n|poke|p1|Raichu, L50, F, shiny|\n|poke|p1|Farigiraf, L50, M|\n|poke|p1|Whimsicott, L50, F|\n|poke|p1|Kingambit, L50, M, shiny|\n|poke|p1|Sylveon, L50, F, shiny|\n|poke|p2|Blaziken, L50, M|\n|poke|p2|Meowscarada, L50, F|\n|poke|p2|Kingambit, L50, F|\n|poke|p2|Whimsicott, L50, M|\n|poke|p2|Floette-Eternal, L50, F|\n|poke|p2|Farigiraf, L50, M|\n|teampreview|4\n|showteam|p1|Staraptor||Staraptite|Intimidate|Protect,CloseCombat,BraveBird,Roost|Adamant||M|||50|]Raichu||RaichuniteY|LightningRod|Protect,FakeOut,ZapCannon,FocusBlast|Modest||F|||50|]Farigiraf||SitrusBerry|ArmorTail|Psychic,HelpingHand,Thunderbolt,TrickRoom|Quiet||M|||50|]Whimsicott||FocusSash|Prankster|Protect,Encore,Tailwind,Moonblast|Timid||F|||50|]Kingambit||LifeOrb|Defiant|Protect,SuckerPunch,KowtowCleave,IronHead|Adamant||M|||50|]Sylveon||FairyFeather|Pixilate|Protect,HyperVoice,HyperBeam,QuickAttack|Calm||F|||50|\n|showteam|p2|Blaziken||Blazikenite|SpeedBoost|FlareBlitz,CloseCombat,RockSlide,Protect|Adamant||M|||50|]Meowscarada||ChoiceScarf|Protean|FlowerTrick,TripleAxel,KnockOff,Uturn|Adamant||F|||50|]Kingambit||LifeOrb|Defiant|KowtowCleave,LowKick,SuckerPunch,Protect|Adamant||F|||50|]Whimsicott||FocusSash|Prankster|Moonblast,Tailwind,Encore,Protect|Modest||M|||50|]Floette-Eternal||Floettite|FlowerVeil|DazzlingGleam,Moonblast,LightofRuin,Protect|Modest||F|||50|]Farigiraf||SitrusBerry|ArmorTail|TrickRoom,Imprison,Psychic,HyperVoice|Modest||M|||50|\n|inactive|Battle timer is ON: inactive players will automatically lose when time's up. (requested by platinumflare)\n|\n|t:|1788286587\n|teamsize|p1|4\n|teamsize|p2|4\n|start\n|switch|p1a: Farigiraf|Farigiraf, L50, M|100/100\n|switch|p1b: Kingambit|Kingambit, L50, M, shiny|100/100\n|switch|p2a: Floette|Floette-Eternal, L50, F|100/100\n|switch|p2b: Whimsicott|Whimsicott, L50, M|100/100\n|turn|1\n|inactive|Tendo Pain(Nagato) has 30 seconds left.\n|\n|t:|1788286617\n|detailschange|p2a: Floette|Floette-Mega, L50, F\n|-mega|p2a: Floette|Floette|Floettite\n|-ability|p2a: Floette|Fairy Aura\n|move|p2b: Whimsicott|Moonblast|p1a: Farigiraf\n|-damage|p1a: Farigiraf|50/100g\n|-unboost|p1a: Farigiraf|spa|1\n|move|p2a: Floette|Light of Ruin|p1a: Farigiraf\n|-damage|p1a: Farigiraf|0 fnt\n|faint|p1a: Farigiraf\n|-damage|p2a: Floette|61/100|[from] Recoil\n|move|p1b: Kingambit|Iron Head|p2a: Floette\n|-supereffective|p2a: Floette|1\n|-damage|p2a: Floette|0 fnt\n|faint|p2a: Floette\n|-damage|p1b: Kingambit|90/100|[from] item: Life Orb\n|\n|upkeep\n|\n|t:|1788286631\n|switch|p2a: Kingambit|Kingambit, L50, F|100/100\n|switch|p1a: Staraptor|Staraptor, L50, M, shiny|100/100\n|-ability|p1a: Staraptor|Intimidate|boost\n|-unboost|p2a: Kingambit|atk|1\n|-ability|p2a: Kingambit|Defiant|boost\n|-boost|p2a: Kingambit|atk|2\n|-unboost|p2b: Whimsicott|atk|1\n|turn|2\n|\n|t:|1788286646\n|switch|p1b: Whimsicott|Whimsicott, L50, F|100/100\n|detailschange|p1a: Staraptor|Staraptor-Mega, L50, M, shiny\n|-mega|p1a: Staraptor|Staraptor|Staraptite\n|move|p2a: Kingambit|Protect|p2a: Kingambit\n|-singleturn|p2a: Kingambit|Protect\n|move|p2b: Whimsicott|Moonblast|p1a: Staraptor\n|-supereffective|p1a: Staraptor|1\n|-damage|p1a: Staraptor|12/100\n|move|p1a: Staraptor|Close Combat|p2a: Kingambit\n|-activate|p2a: Kingambit|move: Protect\n|\n|upkeep\n|turn|3\n|\n|t:|1788286662\n|move|p2b: Whimsicott|Tailwind|p2b: Whimsicott\n|-sidestart|p2: platinumflare|move: Tailwind\n|move|p2a: Kingambit|Sucker Punch||[still]\n|-fail|p2a: Kingambit\n|move|p1b: Whimsicott|Moonblast|p2b: Whimsicott\n|-damage|p2b: Whimsicott|38/100\n|move|p1a: Staraptor|Roost|p1a: Staraptor\n|-heal|p1a: Staraptor|62/100\n|-singleturn|p1a: Staraptor|move: Roost\n|\n|upkeep\n|turn|4\n|\n|t:|1788286675\n|move|p1a: Staraptor|Protect|p1a: Staraptor\n|-singleturn|p1a: Staraptor|Protect\n|move|p2b: Whimsicott|Moonblast|p1a: Staraptor\n|-activate|p1a: Staraptor|move: Protect\n|move|p2a: Kingambit|Kowtow Cleave|p1b: Whimsicott\n|-resisted|p1b: Whimsicott|1\n|-crit|p1b: Whimsicott\n|-enditem|p1b: Whimsicott|Focus Sash\n|-damage|p1b: Whimsicott|1/100\n|-damage|p2a: Kingambit|90/100|[from] item: Life Orb\n|move|p1b: Whimsicott|Moonblast|p2b: Whimsicott\n|-damage|p2b: Whimsicott|0 fnt\n|faint|p2b: Whimsicott\n|\n|upkeep\n|\n|t:|1788286678\n|switch|p2b: Meowscarada|Meowscarada, L50, F|100/100\n|turn|5\n|\n|t:|1788286695\n|switch|p1a: Kingambit|Kingambit, L50, M, shiny|90/100\n|move|p1b: Whimsicott|Tailwind|p1b: Whimsicott\n|-sidestart|p1: Tendo Pain(Nagato)|move: Tailwind\n|move|p2b: Meowscarada|Triple Axel|p1a: Kingambit\n|-start|p2b: Meowscarada|typechange|Ice|[from] ability: Protean\n|-resisted|p1a: Kingambit|1\n|-damage|p1a: Kingambit|86/100\n|-hitcount|p1a: Kingambit|1\n|move|p2a: Kingambit|Low Kick|p1b: Whimsicott\n|-resisted|p1b: Whimsicott|1\n|-damage|p1b: Whimsicott|0 fnt\n|faint|p1b: Whimsicott\n|-damage|p2a: Kingambit|80/100|[from] item: Life Orb\n|\n|upkeep\n|\n|t:|1788286706\n|switch|p1b: Staraptor|Staraptor-Mega, L50, M, shiny|62/100\n|turn|6\n|\n|t:|1788286716\n|move|p1b: Staraptor|Protect|p1b: Staraptor\n|-singleturn|p1b: Staraptor|Protect\n|move|p1a: Kingambit|Protect|p1a: Kingambit\n|-singleturn|p1a: Kingambit|Protect\n|move|p2b: Meowscarada|Triple Axel|p1b: Staraptor\n|-activate|p1b: Staraptor|move: Protect\n|move|p2a: Kingambit|Low Kick|p1a: Kingambit\n|-activate|p1a: Kingambit|move: Protect\n|\n|-sideend|p2: platinumflare|move: Tailwind\n|upkeep\n|turn|7\n|\n|t:|1788286741\n|move|p1b: Staraptor|Protect||[still]\n|-fail|p1b: Staraptor\n|move|p2a: Kingambit|Protect|p2a: Kingambit\n|-singleturn|p2a: Kingambit|Protect\n|move|p2b: Meowscarada|Triple Axel|p1b: Staraptor\n|-supereffective|p1b: Staraptor|1\n|-damage|p1b: Staraptor|38/100\n|-hitcount|p1b: Staraptor|1\n|move|p1a: Kingambit|Iron Head|p2b: Meowscarada\n|-supereffective|p2b: Meowscarada|1\n|-damage|p2b: Meowscarada|0 fnt\n|faint|p2b: Meowscarada\n|-damage|p1a: Kingambit|76/100|[from] item: Life Orb\n|\n|upkeep\n|turn|8\n|\n|t:|1788286753\n|move|p2a: Kingambit|Sucker Punch||[still]\n|-fail|p2a: Kingambit\n|move|p1b: Staraptor|Roost|p1b: Staraptor\n|-heal|p1b: Staraptor|88/100\n|-singleturn|p1b: Staraptor|move: Roost\n|move|p1a: Kingambit|Iron Head|p2a: Kingambit\n|-resisted|p2a: Kingambit|1\n|-damage|p2a: Kingambit|55/100\n|-damage|p1a: Kingambit|67/100|[from] item: Life Orb\n|\n|-sideend|p1: Tendo Pain(Nagato)|move: Tailwind\n|upkeep\n|turn|9\n|\n|t:|1788286766\n|move|p2a: Kingambit|Sucker Punch|p1b: Staraptor\n|-resisted|p1b: Staraptor|1\n|-damage|p1b: Staraptor|47/100\n|-damage|p2a: Kingambit|45/100|[from] item: Life Orb\n|move|p1b: Staraptor|Close Combat|p2a: Kingambit\n|-supereffective|p2a: Kingambit|2\n|-damage|p2a: Kingambit|0 fnt\n|-boost|p1b: Staraptor|def|1\n|-boost|p1b: Staraptor|spd|1\n|faint|p2a: Kingambit\n|\n|win|Tendo Pain(Nagato)\n|raw|Tendo Pain(Nagato)'s rating: 1331 &rarr; <strong>1351</strong><br />(+20 for winning)\n|raw|platinumflare's rating: 1326 &rarr; <strong>1306</strong><br />(-20 for losing)\n|c|☆platinumflare|Gg\n|c|☆Tendo Pain(Nagato)|gg\n","uploadtime":1788286797,"views":"4","formatid":"gen9championsvgc2026regmbbo3","rating":1306,"private":0,"password":null}