{"id":"gen9championsvgc2026regmb-2674295073","format":"[Gen 9 Champions] VGC 2026 Reg M-B","players":["pencfun","rilevs"],"log":"|j|☆pencfun\n|j|☆rilevs\n|t:|1788334148\n|gametype|doubles\n|player|p1|pencfun|steven|1280\n|player|p2|rilevs|roxie|1331\n|gen|9\n|tier|[Gen 9 Champions] VGC 2026 Reg M-B\n|rated|\n|rule|Species Clause: Limit one of each Pokémon\n|rule|Item Clause: Limit 1 of each item\n|clearpoke\n|poke|p1|Hawlucha, L50, F|\n|poke|p1|Grimmsnarl, L50, M|\n|poke|p1|Kangaskhan, L50, F|\n|poke|p1|Whimsicott, L50, M|\n|poke|p1|Rotom-Wash, L50|\n|poke|p1|Typhlosion-Hisui, L50, F|\n|poke|p2|Staraptor, L50, F|\n|poke|p2|Metagross, L50|\n|poke|p2|Farigiraf, L50, F|\n|poke|p2|Whimsicott, L50, M|\n|poke|p2|Garchomp, L50, M|\n|poke|p2|Ceruledge, L50, M|\n|teampreview|4\n|inactive|Battle timer is ON: inactive players will automatically lose when time's up. (requested by pencfun)\n|inactive|pencfun has 60 seconds left.\n|\n|t:|1788334187\n|teamsize|p1|4\n|teamsize|p2|4\n|start\n|switch|p1a: Rotom|Rotom-Wash, L50|100/100\n|switch|p1b: Whimsicott|Whimsicott, L50, M|100/100\n|switch|p2a: Staraptor|Staraptor, L50, F|100/100\n|switch|p2b: Farigiraf|Farigiraf, L50, F|100/100\n|-ability|p2a: Staraptor|Intimidate|boost\n|-unboost|p1a: Rotom|atk|1\n|-unboost|p1b: Whimsicott|atk|1\n|turn|1\n|\n|t:|1788334212\n|detailschange|p2a: Staraptor|Staraptor-Mega, L50, F\n|-mega|p2a: Staraptor|Staraptor|Staraptite\n|move|p1b: Whimsicott|Protect|p1b: Whimsicott\n|-singleturn|p1b: Whimsicott|Protect\n|move|p2a: Staraptor|Brave Bird|p1b: Whimsicott\n|-activate|p1b: Whimsicott|move: Protect\n|move|p1a: Rotom|Hydro Pump|p2b: Farigiraf\n|-damage|p2b: Farigiraf|54/100\n|move|p2b: Farigiraf|Hyper Voice|p1a: Rotom|[spread] p1a\n|-activate|p1b: Whimsicott|move: Protect\n|-damage|p1a: Rotom|75/100\n|\n|upkeep\n|turn|2\n|\n|t:|1788334237\n|move|p1b: Whimsicott|Tailwind|p1b: Whimsicott\n|-sidestart|p1: pencfun|move: Tailwind\n|move|p1a: Rotom|Will-O-Wisp|p2a: Staraptor\n|-status|p2a: Staraptor|brn\n|move|p2a: Staraptor|Brave Bird|p1b: Whimsicott\n|-supereffective|p1b: Whimsicott|1\n|-damage|p1b: Whimsicott|49/100\n|-damage|p2a: Staraptor|85/100 brn|[from] Recoil\n|move|p2b: Farigiraf|Psychic|p1a: Rotom\n|-damage|p1a: Rotom|40/100\n|-unboost|p1a: Rotom|spd|1\n|-enditem|p1a: Rotom|Sitrus Berry|[eat]\n|-heal|p1a: Rotom|65/100|[from] item: Sitrus Berry\n|\n|-damage|p2a: Staraptor|79/100 brn|[from] brn\n|upkeep\n|turn|3\n|inactive|pencfun has 30 seconds left.\n|\n|t:|1788334270\n|move|p1a: Rotom|Protect|p1a: Rotom\n|-singleturn|p1a: Rotom|Protect\n|move|p1b: Whimsicott|Moonblast|p2b: Farigiraf\n|-damage|p2b: Farigiraf|30/100\n|-enditem|p2b: Farigiraf|Sitrus Berry|[eat]\n|-heal|p2b: Farigiraf|55/100|[from] item: Sitrus Berry\n|move|p2a: Staraptor|Close Combat|p1a: Rotom\n|-activate|p1a: Rotom|move: Protect\n|move|p2b: Farigiraf|Psychic|p1b: Whimsicott\n|-damage|p1b: Whimsicott|0 fnt\n|faint|p1b: Whimsicott\n|\n|-damage|p2a: Staraptor|72/100 brn|[from] brn\n|upkeep\n|\n|t:|1788334288\n|switch|p1b: Typhlosion|Typhlosion-Hisui, L50, F|100/100\n|-item|p2a: Staraptor|Staraptite|[from] ability: Frisk|[of] p1b: Typhlosion\n|turn|4\n|\n|t:|1788334312\n|switch|p2a: Ceruledge|Ceruledge, L50, M|100/100\n|move|p1b: Typhlosion|Eruption|p2a: Ceruledge|[spread] p2b\n|-start|p2a: Ceruledge|ability: Flash Fire\n|-damage|p2b: Farigiraf|7/100\n|move|p1a: Rotom|Thunderbolt|p2b: Farigiraf\n|-damage|p2b: Farigiraf|0 fnt\n|faint|p2b: Farigiraf\n|\n|upkeep\n|\n|t:|1788334328\n|switch|p2b: Staraptor|Staraptor-Mega, L50, F|72/100 brn\n|turn|5\n|\n|t:|1788334339\n|switch|p1b: Kangaskhan|Kangaskhan, L50, F|100/100\n|move|p2a: Ceruledge|Shadow Sneak|p1b: Kangaskhan\n|-immune|p1b: Kangaskhan\n|move|p1a: Rotom|Hydro Pump|p2a: Ceruledge|[miss]\n|-miss|p1a: Rotom|p2a: Ceruledge\n|move|p2b: Staraptor|Close Combat|p1a: Rotom\n|-damage|p1a: Rotom|38/100\n|-boost|p2b: Staraptor|def|1\n|-boost|p2b: Staraptor|spd|1\n|\n|-damage|p2b: Staraptor|66/100 brn|[from] brn\n|-sideend|p1: pencfun|move: Tailwind\n|upkeep\n|turn|6\n|\n|t:|1788334358\n|move|p2a: Ceruledge|Protect|p2a: Ceruledge\n|-singleturn|p2a: Ceruledge|Protect\n|move|p1b: Kangaskhan|Fake Out|p2b: Staraptor\n|-crit|p2b: Staraptor\n|-damage|p2b: Staraptor|35/100 brn\n|cant|p2b: Staraptor|flinch\n|move|p1a: Rotom|Hydro Pump|p2a: Ceruledge\n|-activate|p2a: Ceruledge|move: Protect\n|\n|-damage|p2b: Staraptor|29/100 brn|[from] brn\n|upkeep\n|turn|7\n|\n|t:|1788334377\n|move|p1a: Rotom|Protect|p1a: Rotom\n|-singleturn|p1a: Rotom|Protect\n|move|p2a: Ceruledge|Shadow Sneak|p1a: Rotom\n|-activate|p1a: Rotom|move: Protect\n|move|p2b: Staraptor|Close Combat|p1b: Kangaskhan\n|-supereffective|p1b: Kangaskhan|1\n|-damage|p1b: Kangaskhan|35/100\n|-boost|p2b: Staraptor|def|1\n|-boost|p2b: Staraptor|spd|1\n|move|p1b: Kangaskhan|Last Resort|p2a: Ceruledge\n|-damage|p2a: Ceruledge|6/100\n|\n|-damage|p2b: Staraptor|22/100 brn|[from] brn\n|upkeep\n|turn|8\n|inactive|pencfun has 30 seconds left.\n|inactive|pencfun has 20 seconds left.\n|\n|t:|1788334413\n|move|p2a: Ceruledge|Protect|p2a: Ceruledge\n|-singleturn|p2a: Ceruledge|Protect\n|move|p1a: Rotom|Protect|p1a: Rotom\n|-singleturn|p1a: Rotom|Protect\n|move|p2b: Staraptor|Close Combat|p1b: Kangaskhan\n|-supereffective|p1b: Kangaskhan|1\n|-damage|p1b: Kangaskhan|0 fnt\n|-boost|p2b: Staraptor|def|1\n|-boost|p2b: Staraptor|spd|1\n|faint|p1b: Kangaskhan\n|\n|-damage|p2b: Staraptor|16/100 brn|[from] brn\n|upkeep\n|\n|t:|1788334421\n|switch|p1b: Typhlosion|Typhlosion-Hisui, L50, F|100/100\n|-item|p2a: Ceruledge|Colbur Berry|[from] ability: Frisk|[of] p1b: Typhlosion\n|-item|p2b: Staraptor|Staraptite|[from] ability: Frisk|[of] p1b: Typhlosion\n|turn|9\n|inactive|pencfun has 30 seconds left.\n|\n|t:|1788334454\n|move|p2a: Ceruledge|Shadow Sneak|p1b: Typhlosion\n|-supereffective|p1b: Typhlosion|1\n|-damage|p1b: Typhlosion|34/100\n|move|p1b: Typhlosion|Eruption|p2b: Staraptor|[spread] p2b\n|-immune|p2a: Ceruledge|[from] ability: Flash Fire\n|-damage|p2b: Staraptor|7/100 brn\n|move|p2b: Staraptor|Roost|p2b: Staraptor\n|-heal|p2b: Staraptor|57/100 brn\n|-singleturn|p2b: Staraptor|move: Roost\n|move|p1a: Rotom|Thunderbolt|p2a: Ceruledge\n|-damage|p2a: Ceruledge|0 fnt\n|faint|p2a: Ceruledge\n|\n|-damage|p2b: Staraptor|51/100 brn|[from] brn\n|upkeep\n|\n|t:|1788334468\n|switch|p2a: Garchomp|Garchomp, L50, M|100/100\n|turn|10\n|\n|t:|1788334491\n|move|p1b: Typhlosion|Eruption|p2a: Garchomp|[spread] p2a,p2b\n|-resisted|p2a: Garchomp|1\n|-damage|p2a: Garchomp|87/100\n|-damage|p2b: Staraptor|41/100 brn\n|move|p2b: Staraptor|Close Combat|p1a: Rotom\n|-damage|p1a: Rotom|8/100\n|-boost|p2b: Staraptor|def|1\n|-boost|p2b: Staraptor|spd|1\n|move|p2a: Garchomp|Stomping Tantrum|p1b: Typhlosion\n|-supereffective|p1b: Typhlosion|1\n|-damage|p1b: Typhlosion|0 fnt\n|faint|p1b: Typhlosion\n|-damage|p2a: Garchomp|77/100|[from] item: Life Orb\n|move|p1a: Rotom|Will-O-Wisp|p2a: Garchomp\n|-status|p2a: Garchomp|brn\n|\n|-damage|p2b: Staraptor|35/100 brn|[from] brn\n|-damage|p2a: Garchomp|71/100 brn|[from] brn\n|upkeep\n|turn|11\n|-message|pencfun forfeited.\n|\n|win|rilevs\n|raw|pencfun's rating: 1280 &rarr; <strong>1259</strong><br />(-21 for losing)\n|raw|rilevs's rating: 1331 &rarr; <strong>1348</strong><br />(+17 for winning)\n|l|☆pencfun\n|player|p1|\n","uploadtime":1788334513,"views":"9","formatid":"gen9championsvgc2026regmb","rating":1259,"private":0,"password":null}