{"id":"gen9championsvgc2026regmb-2674252425","format":"[Gen 9 Champions] VGC 2026 Reg M-B","players":["tddishere","Thornlace48812"],"log":"|j|☆tddishere\n|j|☆Thornlace48812\n|t:|1788323855\n|gametype|doubles\n|player|p1|tddishere|170|1152\n|player|p2|Thornlace48812|1|1061\n|gen|9\n|tier|[Gen 9 Champions] VGC 2026 Reg M-B\n|rated|\n|rule|Species Clause: Limit one of each Pokémon\n|rule|Item Clause: Limit 1 of each item\n|clearpoke\n|poke|p1|Sneasler, L50, F|\n|poke|p1|Delphox, L50, M|\n|poke|p1|Maushold-Four, L50|\n|poke|p1|Sinistcha, L50|\n|poke|p1|Incineroar, L50, M|\n|poke|p1|Blastoise, L50, M|\n|poke|p2|Garchomp, L50, M|\n|poke|p2|Charizard, L50, M|\n|poke|p2|Whimsicott, L50, M|\n|poke|p2|Sylveon, L50, F|\n|poke|p2|Kingambit, L50, F|\n|poke|p2|Basculegion, L50, M|\n|teampreview|4\n|inactive|Battle timer is ON: inactive players will automatically lose when time's up. (requested by Thornlace48812)\nThornlace48812 rejected open team sheets.\n|inactive|tddishere has 60 seconds left.\n|\n|t:|1788323894\n|teamsize|p1|4\n|teamsize|p2|4\n|start\n|switch|p1a: Sneasler|Sneasler, L50, F|100/100\n|switch|p1b: Maushold|Maushold-Four, L50|100/100\n|switch|p2a: Charizard|Charizard, L50, M|100/100\n|switch|p2b: Whimsicott|Whimsicott, L50, M|100/100\n|turn|1\n|\n|t:|1788323900\n|detailschange|p2a: Charizard|Charizard-Mega-Y, L50, M\n|-mega|p2a: Charizard|Charizard|Charizardite Y\n|-weather|SunnyDay|[from] ability: Drought|[of] p2a: Charizard\n|move|p1a: Sneasler|Fake Out|p2b: Whimsicott\n|-damage|p2b: Whimsicott|78/100\n|cant|p2b: Whimsicott|flinch\n|move|p1b: Maushold|Population Bomb|p2a: Charizard\n|-damage|p2a: Charizard|88/100\n|-damage|p2a: Charizard|77/100\n|-damage|p2a: Charizard|65/100\n|-damage|p2a: Charizard|54/100\n|-damage|p2a: Charizard|42/100\n|-damage|p2a: Charizard|31/100\n|-damage|p2a: Charizard|20/100y\n|-damage|p2a: Charizard|8/100\n|-damage|p2a: Charizard|0 fnt\n|faint|p2a: Charizard\n|-hitcount|p2: Charizard|9\n|\n|-weather|SunnyDay|[upkeep]\n|upkeep\n|\n|t:|1788323900\n|switch|p2a: Sylveon|Sylveon, L50, F|100/100\n|turn|2\n|\n|t:|1788323925\n|move|p2a: Sylveon|Detect|p2a: Sylveon\n|-singleturn|p2a: Sylveon|Protect\n|move|p2b: Whimsicott|Tailwind|p2b: Whimsicott\n|-sidestart|p2: Thornlace48812|move: Tailwind\n|move|p1a: Sneasler|Poison Jab|p2b: Whimsicott\n|-supereffective|p2b: Whimsicott|2\n|-damage|p2b: Whimsicott|0 fnt\n|faint|p2b: Whimsicott\n|move|p1b: Maushold|Population Bomb|p2a: Sylveon\n|-activate|p2a: Sylveon|move: Protect\n|\n|-weather|SunnyDay|[upkeep]\n|upkeep\n|\n|t:|1788323927\n|switch|p2b: Basculegion|Basculegion, L50, M|100/100\n|turn|3\n|\n|t:|1788323939\n|move|p1b: Maushold|Follow Me|p1b: Maushold\n|-singleturn|p1b: Maushold|move: Follow Me\n|move|p2b: Basculegion|Last Respects|p1b: Maushold\n|-immune|p1b: Maushold\n|move|p2a: Sylveon|Hyper Voice|p1b: Maushold|[spread] p1a,p1b\n|-damage|p1a: Sneasler|36/100\n|-damage|p1b: Maushold|21/100\n|move|p1a: Sneasler|Poison Jab|p2a: Sylveon\n|-supereffective|p2a: Sylveon|1\n|-damage|p2a: Sylveon|0 fnt\n|faint|p2a: Sylveon\n|\n|-weather|SunnyDay|[upkeep]\n|upkeep\n|turn|4\n|\n|t:|1788323958\n|switch|p1a: Incineroar|Incineroar, L50, M|100/100\n|-ability|p1a: Incineroar|Intimidate|boost\n|-unboost|p2b: Basculegion|atk|1\n|move|p1b: Maushold|Follow Me|p1b: Maushold\n|-singleturn|p1b: Maushold|move: Follow Me\n|move|p2b: Basculegion|Wave Crash|p1b: Maushold\n|-damage|p1b: Maushold|0 fnt\n|faint|p1b: Maushold\n|-damage|p2b: Basculegion|94/100|[from] Recoil\n|\n|-weather|SunnyDay|[upkeep]\n|upkeep\n|\n|t:|1788323963\n|switch|p1b: Delphox|Delphox, L50, M|100/100\n|turn|5\n|inactive|tddishere has 30 seconds left.\n|\n|t:|1788323988\n|detailschange|p1b: Delphox|Delphox-Mega, L50, M\n|-mega|p1b: Delphox|Delphox|Delphoxite\n|move|p2b: Basculegion|Last Respects|p1b: Delphox\n|-supereffective|p1b: Delphox|1\n|-damage|p1b: Delphox|0 fnt\n|faint|p1b: Delphox\n|move|p1a: Incineroar|Flare Blitz|p2b: Basculegion\n|-resisted|p2b: Basculegion|1\n|-damage|p2b: Basculegion|57/100\n|-damage|p1a: Incineroar|87/100|[from] Recoil\n|\n|-weather|none\n|-sideend|p2: Thornlace48812|move: Tailwind\n|upkeep\n|\n|t:|1788323992\n|switch|p1b: Sneasler|Sneasler, L50, F|36/100\n|turn|6\n|\n|t:|1788324001\n|move|p2b: Basculegion|Protect|p2b: Basculegion\n|-singleturn|p2b: Basculegion|Protect\n|move|p1b: Sneasler|Poison Jab|p2b: Basculegion\n|-activate|p2b: Basculegion|move: Protect\n|move|p1a: Incineroar|Parting Shot|p2b: Basculegion\n|-activate|p2b: Basculegion|move: Protect\n|\n|upkeep\n|turn|7\n|\n|t:|1788324014\n|move|p1b: Sneasler|Poison Jab|p2b: Basculegion\n|-resisted|p2b: Basculegion|1\n|-damage|p2b: Basculegion|31/100\n|-status|p2b: Basculegion|psn\n|move|p2b: Basculegion|Last Respects|p1b: Sneasler\n|-damage|p1b: Sneasler|0 fnt\n|faint|p1b: Sneasler\n|move|p1a: Incineroar|Flare Blitz|p2b: Basculegion\n|-resisted|p2b: Basculegion|1\n|-damage|p2b: Basculegion|5/100 psn\n|-damage|p1a: Incineroar|79/100|[from] Recoil\n|\n|-damage|p2b: Basculegion|0 fnt|[from] psn\n|faint|p2b: Basculegion\n|\n|win|tddishere\n|raw|tddishere's rating: 1152 &rarr; <strong>1172</strong><br />(+20 for winning)\n|raw|Thornlace48812's rating: 1086 &rarr; <strong>1067</strong><br />(-19 for losing)\n","uploadtime":1788324014,"views":"0","formatid":"gen9championsvgc2026regmb","rating":1067,"private":0,"password":null}