{"id":"gen9championsvgc2026regmb-2674341233","format":"[Gen 9 Champions] VGC 2026 Reg M-B","players":["Lass Starling","KnightBedivere"],"log":"|j|☆Lass Starling\n|j|☆KnightBedivere\n|html|<table width=\"100%\"><tr><td align=\"left\">Lass Starling</td><td align=\"right\">KnightBedivere</tr><tr><td align=\"left\"><i class=\"fa fa-circle\"></i> <i class=\"fa fa-circle-o\"></i> </td><td align=\"right\"><i class=\"fa fa-circle-o\"></i> <i class=\"fa fa-circle-o\"></i> </tr></table>\n|uhtml|bestof|<h2><strong>Game 2</strong> of <a href=\"/game-bestof3-gen9championsvgc2026regmb-2674339671\">a best-of-3</a></h2>\n|t:|1788344892\n|gametype|doubles\n|player|p1|Lass Starling|lass-gen4dp|\n|player|p2|KnightBedivere|acetrainer-gen4dp|\n|gen|9\n|tier|[Gen 9 Champions] VGC 2026 Reg M-B\n|rule|Species Clause: Limit one of each Pokémon\n|rule|Item Clause: Limit 1 of each item\n|raw|<div class=\"infobox\"><details class=\"readmore\" open><summary><strong>1 custom rule:</strong></summary> Best of = 3</details></div>\n|clearpoke\n|poke|p1|Morpeko, L50, F, shiny|\n|poke|p1|Zoroark-Hisui, L50, M|\n|poke|p1|Mimikyu, L50, F, shiny|\n|poke|p1|Dragonite, L50, F|\n|poke|p1|Corviknight, L50, M|\n|poke|p1|Sylveon, L50, F, shiny|\n|poke|p2|Mawile, L50, M|\n|poke|p2|Froslass, L50, F|\n|poke|p2|Oranguru, L50, F|\n|poke|p2|Annihilape, L50, M|\n|poke|p2|Sinistcha, L50|\n|poke|p2|Rampardos, L50, M|\n|teampreview|4\nLass Starling rejected open team sheets.\n|j| TheBergentruck1\n|l| TheBergentruck1\n|\n|t:|1788344975\n|teamsize|p1|4\n|teamsize|p2|4\n|start\n|switch|p1a: this?|Sylveon, L50, F, shiny|100/100\n|switch|p1b: am|Mimikyu, L50, F, shiny|100/100\n|switch|p2a: Shisumi|Annihilape, L50, M|100/100\n|switch|p2b: Cinderella|Froslass, L50, F|100/100\n|turn|1\n|\n|t:|1788345013\n|move|p2a: Shisumi|Rock Slide|p1b: am|[spread] p1a,p1b\n|-damage|p1a: this?|58/100\n|-activate|p1b: am|ability: Disguise\n|-damage|p1b: am|100/100\n|replace|p1a: Twoser|Zoroark-Hisui, L50, M\n|-end|p1a: Twoser|Illusion\n|detailschange|p1b: am|Mimikyu-Busted, L50, F, shiny\n|-damage|p1b: am|87/100|[from] pokemon: Mimikyu-Busted\n|move|p2b: Cinderella|Destiny Bond|p2b: Cinderella\n|-singlemove|p2b: Cinderella|Destiny Bond\n|cant|p1a: Twoser|flinch\n|cant|p1b: am|flinch\n|\n|upkeep\n|turn|2\n|\n|t:|1788345038\n|move|p2a: Shisumi|Rock Slide|p1b: am|[spread] p1a,p1b\n|-damage|p1a: Twoser|21/100\n|-damage|p1b: am|54/100\n|move|p1a: Twoser|Flamethrower|p2b: Cinderella\n|-supereffective|p2b: Cinderella|1\n|-damage|p2b: Cinderella|0 fnt\n|faint|p2b: Cinderella\n|-activate|p2b: Cinderella|move: Destiny Bond\n|faint|p1a: Twoser\n|move|p1b: am|Shadow Claw|p2a: Shisumi\n|-supereffective|p2a: Shisumi|1\n|-crit|p2a: Shisumi\n|-damage|p2a: Shisumi|3/100\n|\n|upkeep\n|\n|t:|1788345065\n|switch|p1a: this?|Sylveon, L50, F, shiny|100/100\n|switch|p2b: Sukuna|Oranguru, L50, F|100/100\n|turn|3\n|\n|t:|1788345119\n|move|p2a: Shisumi|Rock Slide|p1b: am|[spread] p1a,p1b\n|-damage|p1a: this?|78/100\n|-damage|p1b: am|24/100\n|move|p1a: this?|Hyper Voice|p2b: Sukuna|[spread] p2a,p2b\n|-supereffective|p2a: Shisumi|1\n|-damage|p2a: Shisumi|0 fnt\n|-damage|p2b: Sukuna|64/100\n|faint|p2a: Shisumi\n|move|p2b: Sukuna|Yawn|p1a: this?\n|-start|p1a: this?|move: Yawn|[of] p2b: Sukuna\n|cant|p1b: am|flinch\n|\n|upkeep\n|\n|t:|1788345130\n|switch|p2a: Last Chance|Mawile, L50, M|100/100\n|-ability|p2a: Last Chance|Intimidate|boost\n|-unboost|p1a: this?|atk|1\n|-unboost|p1b: am|atk|1\n|turn|4\n|\n|t:|1788345177\n|detailschange|p2a: Last Chance|Mawile-Mega, L50, M\n|-mega|p2a: Last Chance|Mawile|Mawilite\n|move|p2a: Last Chance|Sucker Punch|p1b: am\n|-damage|p1b: am|0 fnt\n|faint|p1b: am\n|move|p1a: this?|Hyper Beam|p2b: Sukuna|[miss]\n|-miss|p1a: this?|p2b: Sukuna\n|move|p2b: Sukuna|Trick Room|p2b: Sukuna\n|-fieldstart|move: Trick Room|[of] p2b: Sukuna\n|\n|-end|p1a: this?|move: Yawn|[silent]\n|-status|p1a: this?|slp\n|upkeep\n|c|☆KnightBedivere|oof\n|c|☆KnightBedivere|That was unlucky\n|c|☆Lass Starling|whole season's been like this\n|\n|t:|1788345198\n|switch|p1b: I|Dragonite, L50, F|100/100\n|turn|5\n|\n|t:|1788345230\n|move|p1b: I|Protect|p1b: I\n|-singleturn|p1b: I|Protect\n|move|p2a: Last Chance|Play Rough|p1b: I\n|-activate|p1b: I|move: Protect\n|move|p2b: Sukuna|Instruct|p2a: Last Chance\n|-singleturn|p2a: Last Chance|move: Instruct|[of] p2b: Sukuna\n|move|p2a: Last Chance|Play Rough|p1b: I\n|-activate|p1b: I|move: Protect\n|cant|p1a: this?|slp\n|\n|upkeep\n|turn|6\n|\n|t:|1788345260\n|detailschange|p1b: I|Dragonite-Mega, L50, F\n|-mega|p1b: I|Dragonite|Dragoninite\n|move|p2a: Last Chance|Play Rough|p1b: I\n|-supereffective|p1b: I|1\n|-damage|p1b: I|23/100\n|move|p2b: Sukuna|Instruct|p2a: Last Chance\n|-singleturn|p2a: Last Chance|move: Instruct|[of] p2b: Sukuna\n|move|p2a: Last Chance|Play Rough|p1b: I\n|-supereffective|p1b: I|1\n|-damage|p1b: I|0 fnt\n|faint|p1b: I\n|cant|p1a: this?|slp\n|\n|upkeep\n|turn|7\n|\n|t:|1788345276\n|-curestatus|p1a: this?|slp|[msg]\n|move|p1a: this?|Detect|p1a: this?\n|-singleturn|p1a: this?|Protect\n|move|p2a: Last Chance|Play Rough|p1a: this?\n|-activate|p1a: this?|move: Protect\n|move|p2b: Sukuna|Instruct|p2a: Last Chance\n|-singleturn|p2a: Last Chance|move: Instruct|[of] p2b: Sukuna\n|move|p2a: Last Chance|Play Rough|p1a: this?\n|-activate|p1a: this?|move: Protect\n|\n|upkeep\n|turn|8\n|\n|t:|1788345291\n|move|p1a: this?|Detect|p1a: this?\n|-singleturn|p1a: this?|Protect\n|move|p2a: Last Chance|Play Rough|p1a: this?\n|-activate|p1a: this?|move: Protect\n|move|p2b: Sukuna|Instruct|p2a: Last Chance\n|-singleturn|p2a: Last Chance|move: Instruct|[of] p2b: Sukuna\n|move|p2a: Last Chance|Play Rough|p1a: this?\n|-activate|p1a: this?|move: Protect\n|\n|-fieldend|move: Trick Room\n|upkeep\n|turn|9\n|j| SunShinyRey\n|\n|t:|1788345307\n|move|p2b: Sukuna|Chilling Water|p1a: this?\n|-damage|p1a: this?|68/100\n|-unboost|p1a: this?|atk|1\n|move|p1a: this?|Hyper Beam|p2b: Sukuna|[miss]\n|-miss|p1a: this?|p2b: Sukuna\n|move|p2a: Last Chance|Swords Dance|p2a: Last Chance\n|-boost|p2a: Last Chance|atk|2\n|\n|upkeep\n|turn|10\n|c|☆KnightBedivere|No way\n|c|☆Lass Starling|plus 4/5 flinch btw :)\n|c|☆KnightBedivere|True\n|\n|t:|1788345331\n|move|p1a: this?|Hyper Beam|p2b: Sukuna\n|-damage|p2b: Sukuna|0 fnt\n|-mustrecharge|p1a: this?\n|faint|p2b: Sukuna\n|move|p2a: Last Chance|Play Rough|p1a: this?\n|-damage|p1a: this?|0 fnt\n|faint|p1a: this?\n|\n|win|KnightBedivere\n||Lass Starling is ready for game 3.\n||KnightBedivere is ready for game 3.\n|uhtml|next|Next: <a href=\"/battle-gen9championsvgc2026regmb-2674343307\"><strong>Game 3 of 3</strong></a>\n|l|☆KnightBedivere\n|player|p2|\n","uploadtime":1788345900,"views":"13","formatid":"gen9championsvgc2026regmb","rating":null,"private":0,"password":null}