{"id":"gen9championsvgc2026regmb-2673854295","format":"[Gen 9 Champions] VGC 2026 Reg M-B","players":["miltoneering","MaddieHD"],"log":"|j|☆miltoneering\n|j|☆MaddieHD\n|html|<table width=\"100%\"><tr><td align=\"left\">miltoneering</td><td align=\"right\">MaddieHD</tr><tr><td align=\"left\"><i class=\"fa fa-circle\"></i> <i class=\"fa fa-circle-o\"></i> </td><td align=\"right\"><i class=\"fa fa-circle-o\"></i> <i class=\"fa fa-circle-o\"></i> </tr></table>\n|uhtml|bestof|<h2><strong>Game 2</strong> of <a href=\"/game-bestof3-gen9championsvgc2026regmb-2673852112\">a best-of-3</a></h2>\n|t:|1788268894\n|gametype|doubles\n|player|p1|miltoneering|102|\n|player|p2|MaddieHD|lady|\n|gen|9\n|tier|[Gen 9 Champions] VGC 2026 Reg M-B\n|rule|Species Clause: Limit one of each Pokémon\n|rule|Item Clause: Limit 1 of each item\n|raw|<div class=\"infobox\"><details class=\"readmore\" open><summary><strong>1 custom rule:</strong></summary> Best of = 3</details></div>\n|clearpoke\n|poke|p1|Lucario, L50, F|\n|poke|p1|Alakazam, L50, M|\n|poke|p1|Slowking-Galar, L50, F|\n|poke|p1|Simisage, L50, F|\n|poke|p1|Krookodile, L50, F|\n|poke|p1|Trevenant, L50, F|\n|poke|p2|Hatterene, L50, F|\n|poke|p2|Ceruledge, L50, F|\n|poke|p2|Floette-Eternal, L50, F|\n|poke|p2|Ninetales, L50, M|\n|poke|p2|Leafeon, L50, F|\n|poke|p2|Falinks, L50|\n|teampreview|4\nMaddieHD rejected open team sheets.\n|\n|t:|1788268918\n|teamsize|p1|4\n|teamsize|p2|4\n|start\n|switch|p1a: Slowking|Slowking-Galar, L50, F|100/100\n|switch|p1b: Trevenant|Trevenant, L50, F|100/100\n|switch|p2a: Flower Man|Floette-Eternal, L50, F|100/100\n|switch|p2b: Floradinn|Leafeon, L50, F|100/100\n|-item|p2a: Flower Man|Floettite|[from] ability: Frisk|[of] p1b: Trevenant\n|-item|p2b: Floradinn|Life Orb|[from] ability: Frisk|[of] p1b: Trevenant\n|turn|1\n|\n|t:|1788268945\n|detailschange|p2a: Flower Man|Floette-Mega, L50, F\n|-mega|p2a: Flower Man|Floette|Floettite\n|-ability|p2a: Flower Man|Fairy Aura\n|move|p2a: Flower Man|Protect|p2a: Flower Man\n|-singleturn|p2a: Flower Man|Protect\n|move|p2b: Floradinn|Knock Off|p1a: Slowking\n|-supereffective|p1a: Slowking|1\n|-damage|p1a: Slowking|16/100\n|-enditem|p1a: Slowking|Leftovers|[from] move: Knock Off|[of] p2b: Floradinn\n|-damage|p2b: Floradinn|90/100|[from] item: Life Orb\n|move|p1b: Trevenant|Destiny Bond|p1b: Trevenant\n|-singlemove|p1b: Trevenant|Destiny Bond\n|move|p1a: Slowking|Sludge Wave|p2b: Floradinn|[spread] p1b,p2b\n|-activate|p2a: Flower Man|move: Protect\n|-supereffective|p2b: Floradinn|1\n|-damage|p1b: Trevenant|61/100\n|-damage|p2b: Floradinn|0 fnt\n|faint|p2b: Floradinn\n|\n|upkeep\n|\n|t:|1788268968\n|switch|p2b: Grey|Ceruledge, L50, F|100/100\n|turn|2\n|\n|t:|1788268992\n|move|p2a: Flower Man|Light of Ruin|p1a: Slowking\n|-resisted|p1a: Slowking|1\n|-damage|p1a: Slowking|0 fnt\n|faint|p1a: Slowking\n|-damage|p2a: Flower Man|88/100|[from] Recoil\n|move|p2b: Grey|Phantom Force||[still]\n|-prepare|p2b: Grey|Phantom Force\n|move|p1b: Trevenant|Poltergeist|p2a: Flower Man\n|-activate|p2a: Flower Man|move: Poltergeist|Floettite\n|-damage|p2a: Flower Man|8/100\n|\n|upkeep\n|\n|t:|1788269006\n|switch|p1a: Simisage|Simisage, L50, F|100/100\n|turn|3\n|\n|t:|1788269020\n|move|p2a: Flower Man|Protect|p2a: Flower Man\n|-singleturn|p2a: Flower Man|Protect\n|move|p1a: Simisage|Fake Out|p2a: Flower Man\n|-activate|p2a: Flower Man|move: Protect\n|move|p2b: Grey|Phantom Force|p1b: Trevenant|[from] lockedmove\n|-supereffective|p1b: Trevenant|1\n|-damage|p1b: Trevenant|0 fnt\n|faint|p1b: Trevenant\n|\n|upkeep\n|\n|t:|1788269024\n|switch|p1b: Alakazam|Alakazam, L50, M|100/100\n|turn|4\n|\n|t:|1788269049\n|detailschange|p1b: Alakazam|Alakazam-Mega, L50, M\n|-mega|p1b: Alakazam|Alakazam|Alakazite\n|-ability|p1b: Alakazam|Weak Armor|Trace|[from] ability: Trace|[of] p2b: Grey\n|move|p1b: Alakazam|Nasty Plot|p1b: Alakazam\n|-boost|p1b: Alakazam|spa|2\n|move|p2a: Flower Man|Moonblast|p1b: Alakazam\n|-damage|p1b: Alakazam|18/100\n|move|p1a: Simisage|Rock Slide|p2a: Flower Man|[spread] p2a,p2b\n|-supereffective|p2b: Grey|1\n|-damage|p2a: Flower Man|0 fnt\n|-damage|p2b: Grey|64/100\n|-ability|p2b: Grey|Weak Armor|boost\n|-unboost|p2b: Grey|def|1\n|-boost|p2b: Grey|spe|2\n|faint|p2a: Flower Man\n|move|p2b: Grey|Phantom Force||[still]\n|-prepare|p2b: Grey|Phantom Force\n|\n|upkeep\n|\n|t:|1788269067\n|switch|p2a: Pink|Hatterene, L50, F|100/100\n|turn|5\n|c|☆miltoneering|uh oh!\n|c|☆MaddieHD|>:3\n|\n|t:|1788269079\n|move|p2a: Pink|Protect|p2a: Pink\n|-singleturn|p2a: Pink|Protect\n|move|p2b: Grey|Phantom Force|p1b: Alakazam|[from] lockedmove\n|-supereffective|p1b: Alakazam|1\n|-damage|p1b: Alakazam|0 fnt\n|faint|p1b: Alakazam\n|-heal|p2b: Grey|66/100|[from] item: Shell Bell|[of] p1: Alakazam\n|move|p1a: Simisage|Rock Slide|p2b: Grey|[spread] p2b\n|-activate|p2a: Pink|move: Protect\n|-supereffective|p2b: Grey|1\n|-damage|p2b: Grey|11/100\n|-ability|p2b: Grey|Weak Armor|boost\n|-unboost|p2b: Grey|def|1\n|-boost|p2b: Grey|spe|2\n|\n|upkeep\n|turn|6\n|\n|t:|1788269120\n|move|p2b: Grey|Psycho Cut|p1a: Simisage\n|-damage|p1a: Simisage|58/100\n|-heal|p2b: Grey|14/100|[from] item: Shell Bell|[of] p1a: Simisage\n|move|p1a: Simisage|Rock Slide|p2b: Grey|[spread] p2a,p2b\n|-supereffective|p2b: Grey|1\n|-damage|p2a: Pink|82/100\n|-damage|p2b: Grey|0 fnt\n|faint|p2b: Grey\n|move|p2a: Pink|Substitute|p2a: Pink\n|-start|p2a: Pink|Substitute\n|-damage|p2a: Pink|57/100\n|\n|-heal|p2a: Pink|64/100|[from] item: Leftovers\n|upkeep\n|turn|7\n|\n|t:|1788269134\n|move|p1a: Simisage|Rock Slide|p2a: Pink\n|-activate|p2a: Pink|move: Substitute|[damage]\n|move|p2a: Pink|Giga Drain|p1a: Simisage\n|-resisted|p1a: Simisage|1\n|-damage|p1a: Simisage|33/100\n|-heal|p2a: Pink|75/100|[from] drain|[of] p1a: Simisage\n|\n|-heal|p2a: Pink|81/100|[from] item: Leftovers\n|upkeep\n|turn|8\n|\n|t:|1788269147\n|move|p1a: Simisage|Rock Slide|p2a: Pink\n|-end|p2a: Pink|Substitute\n|move|p2a: Pink|Giga Drain|p1a: Simisage\n|-resisted|p1a: Simisage|1\n|-damage|p1a: Simisage|7/100\n|-heal|p2a: Pink|93/100|[from] drain|[of] p1a: Simisage\n|\n|-heal|p2a: Pink|100/100|[from] item: Leftovers\n|upkeep\n|turn|9\n|c|☆MaddieHD|i think i might have this round :P\n|\n|t:|1788269167\n|move|p1a: Simisage|Rock Slide|p2a: Pink\n|-damage|p2a: Pink|76/100\n|move|p2a: Pink|Giga Drain|p1a: Simisage\n|-resisted|p1a: Simisage|1\n|-damage|p1a: Simisage|0 fnt\n|-heal|p2a: Pink|80/100|[from] drain|[of] p1a: Simisage\n|faint|p1a: Simisage\n|\n|win|MaddieHD\n|c|☆miltoneering|Perhaps\n|c|☆miltoneering|ggs\n||miltoneering is ready for game 3.\n||MaddieHD is ready for game 3.\n|uhtml|next|Next: <a href=\"/battle-gen9championsvgc2026regmb-2673856262\"><strong>Game 3 of 3</strong></a>\n","uploadtime":1788269617,"views":"8","formatid":"gen9championsvgc2026regmb","rating":null,"private":0,"password":null}