{"id":"gen9championsvgc2026regmb-2674754797","format":"[Gen 9 Champions] VGC 2026 Reg M-B","players":["Cuevanator","CreampuffLover"],"log":"|j|☆Cuevanator\n|j|☆CreampuffLover\n|html|<table width=\"100%\"><tr><td align=\"left\">Cuevanator</td><td align=\"right\">CreampuffLover</tr><tr><td align=\"left\"><i class=\"fa fa-circle-o\"></i> <i class=\"fa fa-circle-o\"></i> </td><td align=\"right\"><i class=\"fa fa-circle-o\"></i> <i class=\"fa fa-circle\"></i> </tr></table>\n|uhtml|bestof|<h2><strong>Game 2</strong> of <a href=\"/game-bestof3-gen9championsvgc2026regmb-2674751238\">a best-of-3</a></h2>\n|t:|1788401034\n|gametype|doubles\n|player|p1|Cuevanator|clay|\n|player|p2|CreampuffLover|blackbelt-gen4dp|\n|gen|9\n|tier|[Gen 9 Champions] VGC 2026 Reg M-B\n|rule|Species Clause: Limit one of each Pokémon\n|rule|Item Clause: Limit 1 of each item\n|raw|<div class=\"infobox\"><details class=\"readmore\" open><summary><strong>1 custom rule:</strong></summary> Best of = 3</details></div>\n|clearpoke\n|poke|p1|Sneasler, L50, F|\n|poke|p1|Pelipper, L50, F|\n|poke|p1|Metagross, L50|\n|poke|p1|Raichu, L50, M|\n|poke|p1|Barbaracle, L50, F|\n|poke|p1|Grimmsnarl, L50, M|\n|poke|p2|Delphox, L50, F|\n|poke|p2|Maushold-Four, L50|\n|poke|p2|Meowstic, L50, M|\n|poke|p2|Floette-Eternal, L50, F|\n|poke|p2|Krookodile, L50, M|\n|poke|p2|Tsareena, L50, F|\n|teampreview|4\nCreampuffLover rejected open team sheets.\n|j| Dr Palossand PHD\n|\n|t:|1788401071\n|teamsize|p1|4\n|teamsize|p2|4\n|start\n|switch|p1a: Raichu|Raichu, L50, M|100/100\n|switch|p1b: Grimmsnarl|Grimmsnarl, L50, M|100/100\n|switch|p2a: Shift|Maushold-Four, L50|100/100\n|switch|p2b: F|Floette-Eternal, L50, F|100/100\n|turn|1\n|\n|t:|1788401101\n|switch|p2a: #|Tsareena, L50, F|100/100\n|detailschange|p1a: Raichu|Raichu-Mega-Y, L50, M\n|-mega|p1a: Raichu|Raichu|Raichunite Y\n|detailschange|p2b: F|Floette-Mega, L50, F\n|-mega|p2b: F|Floette|Floettite\n|-ability|p2b: F|Fairy Aura\n|move|p1b: Grimmsnarl|Light Screen|p1b: Grimmsnarl\n|-sidestart|p1: Cuevanator|move: Light Screen\n|move|p1a: Raichu|Electric Terrain|p1a: Raichu\n|-fieldstart|move: Electric Terrain\n|move|p2b: F|Moonblast|p1a: Raichu\n|-damage|p1a: Raichu|21/100\n|\n|upkeep\n|turn|2\n|\n|t:|1788401121\n|switch|p2b: Enter|Krookodile, L50, M|100/100\n|switch|p1b: Sneasler|Sneasler, L50, F|100/100\n|move|p2a: #|Protect|p2a: #\n|-singleturn|p2a: #|Protect\n|move|p1a: Raichu|Zap Cannon|p2b: Enter\n|-immune|p2b: Enter\n|\n|upkeep\n|turn|3\n|\n|t:|1788401161\n|switch|p1a: Barbaracle|Barbaracle, L50, F|100/100\n|move|p2a: #|Protect|p2a: #\n|-singleturn|p2a: #|Protect\n|move|p2b: Enter|Earthquake|p1a: Barbaracle|[spread] p1a,p1b\n|-activate|p2a: #|move: Protect\n|-supereffective|p1a: Barbaracle|1\n|-supereffective|p1b: Sneasler|1\n|-damage|p1a: Barbaracle|6/100\n|-damage|p1b: Sneasler|0 fnt\n|faint|p1b: Sneasler\n|-ability|p2b: Enter|Moxie|boost\n|-boost|p2b: Enter|atk|1\n|\n|upkeep\n|\n|t:|1788401174\n|switch|p1b: Grimmsnarl|Grimmsnarl, L50, M|100/100\n|turn|4\n|\n|t:|1788401209\n|move|p1b: Grimmsnarl|Sucker Punch||[still]\n|cant|p2a: #|ability: Queenly Majesty|Sucker Punch|[of] p1b: Grimmsnarl\n|move|p2b: Enter|Earthquake|p1a: Barbaracle|[spread] p2a,p1a,p1b\n|-resisted|p2a: #|1\n|-supereffective|p1a: Barbaracle|1\n|-damage|p2a: #|67/100\n|-damage|p1a: Barbaracle|0 fnt\n|-damage|p1b: Grimmsnarl|22/100\n|faint|p1a: Barbaracle\n|-ability|p2b: Enter|Moxie|boost\n|-boost|p2b: Enter|atk|1\n|move|p2a: #|Triple Axel|p1b: Grimmsnarl\n|-damage|p1b: Grimmsnarl|14/100\n|-damage|p1b: Grimmsnarl|0 fnt\n|faint|p1b: Grimmsnarl\n|-hitcount|p1: Grimmsnarl|2\n|\n|upkeep\n|\n|t:|1788401248\n|switch|p1b: Raichu|Raichu-Mega-Y, L50, M|21/100\n|turn|5\n|\n|t:|1788401253\n|move|p2a: #|Protect|p2a: #\n|-singleturn|p2a: #|Protect\n|move|p2b: Enter|Earthquake|p1b: Raichu|[spread] p1b\n|-activate|p2a: #|move: Protect\n|-supereffective|p1b: Raichu|1\n|-damage|p1b: Raichu|0 fnt\n|faint|p1b: Raichu\n|\n|win|CreampuffLover\n|l|☆Cuevanator\n|player|p1|\n","uploadtime":1788401277,"views":"12","formatid":"gen9championsvgc2026regmb","rating":null,"private":0,"password":null}