{"id":"gen9championsvgc2026regmbbo3-2673979238","format":"[Gen 9 Champions] VGC 2026 Reg M-B (Bo3)","players":["humania1","Iacorati Z2"],"log":"|j|☆humania1\n|j|☆Iacorati Z2\n|html|<table width=\"100%\"><tr><td align=\"left\">humania1</td><td align=\"right\">Iacorati Z2</tr><tr><td align=\"left\"><i class=\"fa fa-circle\"></i> <i class=\"fa fa-circle-o\"></i> </td><td align=\"right\"><i class=\"fa fa-circle-o\"></i> <i class=\"fa fa-circle\"></i> </tr></table>\n|uhtml|bestof|<h2><strong>Game 3</strong> of <a href=\"/game-bestof3-gen9championsvgc2026regmbbo3-2673976253\">a best-of-3</a></h2>\n|t:|1788284253\n|gametype|doubles\n|player|p1|humania1|266|1004\n|player|p2|Iacorati Z2|twins-gen4dp|1021\n|gen|9\n|tier|[Gen 9 Champions] VGC 2026 Reg M-B (Bo3)\n|rated|\n|rule|Species Clause: Limit one of each Pokémon\n|rule|Item Clause: Limit 1 of each item\n|clearpoke\n|poke|p1|Blastoise, L50, M|\n|poke|p1|Delphox, L50, F, shiny|\n|poke|p1|Incineroar, L50, M|\n|poke|p1|Sinistcha, L50|\n|poke|p1|Sneasler, L50, M|\n|poke|p1|Vivillon, L50, F|\n|poke|p2|Gengar, L50, F|\n|poke|p2|Archaludon, L50, M|\n|poke|p2|Politoed, L50, F|\n|poke|p2|Swampert, L50, F|\n|poke|p2|Vivillon, L50, M|\n|poke|p2|Incineroar, L50, F|\n|teampreview|4\n|showteam|p1|Blastoise||Blastoisinite|Torrent|Protect,ShellSmash,WaterSpout,DarkPulse|Modest||M|||50|]Delphox||Delphoxite|Blaze|Protect,HeatWave,Psyshock,NastyPlot|Timid||F|||50|]Incineroar||PasshoBerry|Intimidate|FakeOut,PartingShot,FlareBlitz,ThroatChop|Impish||M|||50|]Sinistcha||SitrusBerry|Hospitality|Protect,MatchaGotcha,TrickRoom,RagePowder|Bold|||||50|]Sneasler||FocusSash|PoisonTouch|QuickGuard,FakeOut,CloseCombat,DireClaw|Jolly||M|||50|]Vivillon||ChoiceScarf|CompoundEyes|Hurricane,SleepPowder,RagePowder,Uturn|Timid||F|||50|\n|showteam|p2|Gengar||Gengarite|CursedBody|ShadowBall,SludgeBomb,FocusBlast,Protect|Timid||F|||50|]Archaludon||Leftovers|Stamina|ElectroShot,FlashCannon,DracoMeteor,Protect|Modest||M|||50|]Politoed||SitrusBerry|Drizzle|Surf,IcyWind,HelpingHand,Protect|Bold||F|||50|]Swampert||Swampertite|Torrent|Earthquake,IcePunch,Protect,Liquidation|Adamant||F|||50|]Vivillon||FocusSash|CompoundEyes|SleepPowder,Hurricane,BugBuzz,Protect|Timid||M|||50|]Incineroar||ChopleBerry|Intimidate|FakeOut,PartingShot,FlareBlitz,ThroatChop|Careful||F|||50|\n|inactive|Battle timer is ON: inactive players will automatically lose when time's up. (requested by humania1)\n|\n|t:|1788284282\n|teamsize|p1|4\n|teamsize|p2|4\n|start\n|switch|p1a: Blastoise|Blastoise, L50, M|100/100\n|switch|p1b: Incineroar|Incineroar, L50, M|100/100\n|switch|p2a: Politoed|Politoed, L50, F|100/100\n|switch|p2b: Archaludon|Archaludon, L50, M|100/100\n|-ability|p1b: Incineroar|Intimidate|boost\n|-unboost|p2a: Politoed|atk|1\n|-unboost|p2b: Archaludon|atk|1\n|-weather|RainDance|[from] ability: Drizzle|[of] p2a: Politoed\n|turn|1\n|\n|t:|1788284287\n|detailschange|p1a: Blastoise|Blastoise-Mega, L50, M\n|-mega|p1a: Blastoise|Blastoise|Blastoisinite\n|move|p2b: Archaludon|Protect|p2b: Archaludon\n|-singleturn|p2b: Archaludon|Protect\n|move|p1b: Incineroar|Fake Out|p2b: Archaludon\n|-activate|p2b: Archaludon|move: Protect\n|move|p1a: Blastoise|Dark Pulse|p2b: Archaludon\n|-activate|p2b: Archaludon|move: Protect\n|move|p2a: Politoed|Surf|p1b: Incineroar|[spread] p1a,p1b\n|-activate|p2b: Archaludon|move: Protect\n|-resisted|p1a: Blastoise|1\n|-supereffective|p1b: Incineroar|1\n|-enditem|p1b: Incineroar|Passho Berry|[eat]\n|-enditem|p1b: Incineroar|Passho Berry|[weaken]\n|-damage|p1a: Blastoise|85/100\n|-damage|p1b: Incineroar|68/100\n|\n|-weather|RainDance|[upkeep]\n|upkeep\n|turn|2\n|\n|t:|1788284312\n|move|p1a: Blastoise|Protect|p1a: Blastoise\n|-singleturn|p1a: Blastoise|Protect\n|move|p2b: Archaludon|Electro Shot||[still]\n|-prepare|p2b: Archaludon|Electro Shot\n|-boost|p2b: Archaludon|spa|1\n|-anim|p2b: Archaludon|Electro Shot|p1a: Blastoise\n|-activate|p1a: Blastoise|move: Protect\n|move|p1b: Incineroar|Throat Chop|p2a: Politoed\n|-damage|p2a: Politoed|72/100\n|-start|p2a: Politoed|Throat Chop|[silent]\n|move|p2a: Politoed|Icy Wind|p1b: Incineroar|[spread] p1b\n|-activate|p1a: Blastoise|move: Protect\n|-resisted|p1b: Incineroar|1\n|-damage|p1b: Incineroar|64/100\n|-unboost|p1b: Incineroar|spe|1\n|\n|-weather|RainDance|[upkeep]\n|upkeep\n|turn|3\n|\n|t:|1788284325\n|switch|p1b: Sinistcha|Sinistcha, L50|100/100\n|-heal|p1a: Blastoise|100/100|[from] ability: Hospitality|[of] p1b: Sinistcha\n|move|p2b: Archaludon|Protect|p2b: Archaludon\n|-singleturn|p2b: Archaludon|Protect\n|move|p1a: Blastoise|Shell Smash|p1a: Blastoise\n|-unboost|p1a: Blastoise|def|1\n|-unboost|p1a: Blastoise|spd|1\n|-boost|p1a: Blastoise|atk|2\n|-boost|p1a: Blastoise|spa|2\n|-boost|p1a: Blastoise|spe|2\n|move|p2a: Politoed|Surf|p1a: Blastoise|[spread] p1a,p1b\n|-activate|p2b: Archaludon|move: Protect\n|-resisted|p1a: Blastoise|1\n|-resisted|p1b: Sinistcha|1\n|-damage|p1a: Blastoise|75/100\n|-damage|p1b: Sinistcha|84/100\n|\n|-weather|RainDance|[upkeep]\n|-end|p2a: Politoed|Throat Chop|[silent]\n|upkeep\n|turn|4\n|\n|t:|1788284343\n|move|p1b: Sinistcha|Protect|p1b: Sinistcha\n|-singleturn|p1b: Sinistcha|Protect\n|move|p1a: Blastoise|Water Spout|p2a: Politoed|[spread] p2a,p2b\n|-resisted|p2a: Politoed|1\n|-resisted|p2b: Archaludon|1\n|-damage|p2a: Politoed|13/100\n|-damage|p2b: Archaludon|6/100\n|-ability|p2b: Archaludon|Stamina|boost\n|-boost|p2b: Archaludon|def|1\n|-enditem|p2a: Politoed|Sitrus Berry|[eat]\n|-heal|p2a: Politoed|38/100|[from] item: Sitrus Berry\n|move|p2b: Archaludon|Electro Shot||[still]\n|-prepare|p2b: Archaludon|Electro Shot\n|-boost|p2b: Archaludon|spa|1\n|-anim|p2b: Archaludon|Electro Shot|p1a: Blastoise\n|-supereffective|p1a: Blastoise|1\n|-damage|p1a: Blastoise|0 fnt\n|faint|p1a: Blastoise\n|move|p2a: Politoed|Icy Wind|p1b: Sinistcha\n|-activate|p1b: Sinistcha|move: Protect\n|\n|-weather|RainDance|[upkeep]\n|-heal|p2b: Archaludon|12/100|[from] item: Leftovers\n|upkeep\n|\n|t:|1788284343\n|switch|p1a: Incineroar|Incineroar, L50, M|64/100\n|-ability|p1a: Incineroar|Intimidate|boost\n|-unboost|p2a: Politoed|atk|1\n|-unboost|p2b: Archaludon|atk|1\n|turn|5\n|\n|t:|1788284350\n|move|p2b: Archaludon|Protect|p2b: Archaludon\n|-singleturn|p2b: Archaludon|Protect\n|move|p2a: Politoed|Protect|p2a: Politoed\n|-singleturn|p2a: Politoed|Protect\n|move|p1a: Incineroar|Throat Chop|p2b: Archaludon\n|-activate|p2b: Archaludon|move: Protect\n|move|p1b: Sinistcha|Matcha Gotcha|p2a: Politoed|[spread] \n|-activate|p2a: Politoed|move: Protect\n|-activate|p2b: Archaludon|move: Protect\n|\n|-weather|none\n|-heal|p2b: Archaludon|18/100|[from] item: Leftovers\n|upkeep\n|turn|6\n|\n|t:|1788284368\n|move|p1b: Sinistcha|Protect|p1b: Sinistcha\n|-singleturn|p1b: Sinistcha|Protect\n|move|p2b: Archaludon|Flash Cannon|p1b: Sinistcha\n|-activate|p1b: Sinistcha|move: Protect\n|move|p1a: Incineroar|Throat Chop|p2b: Archaludon\n|-damage|p2b: Archaludon|3/100\n|-start|p2b: Archaludon|Throat Chop|[silent]\n|-ability|p2b: Archaludon|Stamina|boost\n|-boost|p2b: Archaludon|def|1\n|move|p2a: Politoed|Icy Wind|p1a: Incineroar|[spread] p1a\n|-activate|p1b: Sinistcha|move: Protect\n|-resisted|p1a: Incineroar|1\n|-damage|p1a: Incineroar|60/100\n|-unboost|p1a: Incineroar|spe|1\n|\n|-heal|p2b: Archaludon|9/100|[from] item: Leftovers\n|upkeep\n|turn|7\n|\n|t:|1788284383\n|move|p2b: Archaludon|Draco Meteor|p1b: Sinistcha\n|-damage|p1b: Sinistcha|0 fnt\n|-unboost|p2b: Archaludon|spa|2\n|faint|p1b: Sinistcha\n|move|p2a: Politoed|Icy Wind|p1a: Incineroar\n|-resisted|p1a: Incineroar|1\n|-crit|p1a: Incineroar\n|-damage|p1a: Incineroar|51/100\n|-unboost|p1a: Incineroar|spe|1\n|move|p1a: Incineroar|Throat Chop|p2b: Archaludon\n|-damage|p2b: Archaludon|0 fnt\n|faint|p2b: Archaludon\n|\n|upkeep\n|\n|t:|1788284402\n|switch|p2b: Vivillon|Vivillon, L50, M|100/100\n|switch|p1b: Sneasler|Sneasler, L50, M|100/100\n|turn|8\n|\n|t:|1788284409\n|move|p2b: Vivillon|Protect|p2b: Vivillon\n|-singleturn|p2b: Vivillon|Protect\n|move|p1b: Sneasler|Close Combat|p2a: Politoed\n|-damage|p2a: Politoed|0 fnt\n|-unboost|p1b: Sneasler|def|1\n|-unboost|p1b: Sneasler|spd|1\n|faint|p2a: Politoed\n|move|p1a: Incineroar|Flare Blitz|p2b: Vivillon\n|-activate|p2b: Vivillon|move: Protect\n|\n|upkeep\n|\n|t:|1788284415\n|switch|p2a: Incineroar|Incineroar, L50, F|100/100\n|-ability|p2a: Incineroar|Intimidate|boost\n|-unboost|p1a: Incineroar|atk|1\n|-unboost|p1b: Sneasler|atk|1\n|turn|9\n|\n|t:|1788284424\n|move|p2a: Incineroar|Fake Out|p1b: Sneasler\n|-damage|p1b: Sneasler|73/100\n|cant|p1b: Sneasler|flinch\n|move|p2b: Vivillon|Hurricane|p1a: Incineroar\n|-damage|p1a: Incineroar|6/100\n|-start|p1a: Incineroar|confusion\n|-activate|p1a: Incineroar|confusion\n|move|p1a: Incineroar|Flare Blitz|p2b: Vivillon\n|-supereffective|p2b: Vivillon|1\n|-crit|p2b: Vivillon\n|-enditem|p2b: Vivillon|Focus Sash\n|-damage|p2b: Vivillon|1/100\n|-damage|p1a: Incineroar|0 fnt|[from] Recoil\n|faint|p1a: Incineroar\n|\n|upkeep\n|turn|10\n|\n|t:|1788284437\n|move|p1b: Sneasler|Close Combat|p2a: Incineroar\n|-supereffective|p2a: Incineroar|1\n|-crit|p2a: Incineroar\n|-enditem|p2a: Incineroar|Chople Berry|[eat]\n|-enditem|p2a: Incineroar|Chople Berry|[weaken]\n|-damage|p2a: Incineroar|21/100\n|-unboost|p1b: Sneasler|def|1\n|-unboost|p1b: Sneasler|spd|1\n|move|p2b: Vivillon|Hurricane|p1b: Sneasler\n|-supereffective|p1b: Sneasler|1\n|-damage|p1b: Sneasler|0 fnt\n|faint|p1b: Sneasler\n|\n|win|Iacorati Z2\n|raw|humania1's rating: 1004 &rarr; <strong>1000</strong><br />(-4 for losing)\n|raw|Iacorati Z2's rating: 1021 &rarr; <strong>1056</strong><br />(+35 for winning)\n","uploadtime":1788284437,"views":"0","formatid":"gen9championsvgc2026regmbbo3","rating":1000,"private":0,"password":null}