{"id":"gen9championsvgc2026regmbbo3-2674192961","format":"[Gen 9 Champions] VGC 2026 Reg M-B (Bo3)","players":["Pacohk","Kyskdyyl"],"log":"|j|‽Pacohk\n|j|☆Kyskdyyl\n|html|<table width=\"100%\"><tr><td align=\"left\">Pacohk</td><td align=\"right\">Kyskdyyl</tr><tr><td align=\"left\"><i class=\"fa fa-circle\"></i> <i class=\"fa fa-circle-o\"></i> </td><td align=\"right\"><i class=\"fa fa-circle-o\"></i> <i class=\"fa fa-circle\"></i> </tr></table>\n|uhtml|bestof|<h2><strong>Game 3</strong> of <a href=\"/game-bestof3-gen9championsvgc2026regmbbo3-2674190092\">a best-of-3</a></h2>\n|t:|1788313248\n|gametype|doubles\n|player|p1|Pacohk|lucas|1032\n|player|p2|Kyskdyyl|102|1133\n|gen|9\n|tier|[Gen 9 Champions] VGC 2026 Reg M-B (Bo3)\n|rated|\n|rule|Species Clause: Limit one of each Pokémon\n|rule|Item Clause: Limit 1 of each item\n|clearpoke\n|poke|p1|Staraptor, L50, M|\n|poke|p1|Garchomp, L50, F|\n|poke|p1|Whimsicott, L50, M|\n|poke|p1|Sneasler, L50, M|\n|poke|p1|Arcanine-Hisui, L50, M|\n|poke|p1|Floette-Eternal, L50, F|\n|poke|p2|Aerodactyl, L50, F|\n|poke|p2|Mawile, L50, F|\n|poke|p2|Sneasler, L50, M|\n|poke|p2|Garchomp, L50, F|\n|poke|p2|Hydreigon, L50, M|\n|poke|p2|Charizard, L50, M|\n|teampreview|4\n|showteam|p1|Staraptor||Staraptite|Intimidate|CloseCombat,BraveBird,Protect,Roost|Jolly||M|||50|]Garchomp||LifeOrb|RoughSkin|Protect,RockSlide,DragonClaw,StompingTantrum|Jolly||F|||50|]Whimsicott||FocusSash|Prankster|Moonblast,Charm,Tailwind,Encore|Timid||M|||50|]Sneasler||WhiteHerb|Unburden|CloseCombat,DireClaw,Protect,FakeOut|Jolly||M|||50|]Arcanine-Hisui||ExpertBelt|RockHead|FlareBlitz,HeadSmash,ExtremeSpeed,Protect|Adamant||M|||50|]Floette-Eternal||Floettite|FlowerVeil|Moonblast,DazzlingGleam,LightofRuin,Protect|Timid||F|||50|\n|showteam|p2|Aerodactyl||FocusSash|Unnerve|RockSlide,WideGuard,Tailwind,Protect|Jolly||F|||50|]Mawile||Mawilite|Intimidate|IronHead,PlayRough,SuckerPunch,Protect|Adamant||F|||50|]Sneasler||LifeOrb|PoisonTouch|CloseCombat,PoisonJab,FakeOut,Protect|Jolly||M|||50|]Garchomp||SitrusBerry|RoughSkin|DragonClaw,Earthquake,RockSlide,Protect|Adamant||F|||50|]Hydreigon||HabanBerry|Levitate|DracoMeteor,DarkPulse,EarthPower,Protect|Modest||M|||50|]Charizard||CharizarditeY|Blaze|HeatWave,SolarBeam,WeatherBall,Protect|Modest||M|||50|\n|inactive|Battle timer is ON: inactive players will automatically lose when time's up. (requested by Pacohk)\n|\n|t:|1788313266\n|teamsize|p1|4\n|teamsize|p2|4\n|start\n|switch|p1a: Whimsicott|Whimsicott, L50, M|100/100\n|switch|p1b: Floette|Floette-Eternal, L50, F|100/100\n|switch|p2a: Charizard|Charizard, L50, M|100/100\n|switch|p2b: Aerodactyl|Aerodactyl, L50, F|100/100\n|-ability|p2b: Aerodactyl|Unnerve\n|turn|1\n|inactive|Pacohk has 30 seconds left.\n|\n|t:|1788313293\n|switch|p1b: Garchomp|Garchomp, L50, F|100/100\n|detailschange|p2a: Charizard|Charizard-Mega-Y, L50, M\n|-mega|p2a: Charizard|Charizard|Charizardite Y\n|-weather|SunnyDay|[from] ability: Drought|[of] p2a: Charizard\n|move|p1a: Whimsicott|Tailwind|p1a: Whimsicott\n|-sidestart|p1: Pacohk|move: Tailwind\n|move|p2b: Aerodactyl|Tailwind|p2b: Aerodactyl\n|-sidestart|p2: Kyskdyyl|move: Tailwind\n|move|p2a: Charizard|Heat Wave|p1b: Garchomp|[spread] p1a,p1b\n|-supereffective|p1a: Whimsicott|1\n|-resisted|p1b: Garchomp|1\n|-enditem|p1a: Whimsicott|Focus Sash\n|-damage|p1a: Whimsicott|1/100\n|-damage|p1b: Garchomp|65/100\n|\n|-weather|SunnyDay|[upkeep]\n|upkeep\n|turn|2\n|\n|t:|1788313317\n|switch|p1a: Sneasler|Sneasler, L50, M|100/100\n|move|p2b: Aerodactyl|Wide Guard|p2b: Aerodactyl\n|-singleturn|p2b: Aerodactyl|Wide Guard\n|move|p1b: Garchomp|Dragon Claw|p2a: Charizard\n|-damage|p2a: Charizard|34/100\n|-damage|p1b: Garchomp|56/100|[from] item: Life Orb\n|move|p2a: Charizard|Heat Wave|p1b: Garchomp|[spread] p1a,p1b\n|-resisted|p1b: Garchomp|1\n|-damage|p1a: Sneasler|13/100\n|-damage|p1b: Garchomp|20/100r\n|\n|-weather|SunnyDay|[upkeep]\n|upkeep\n|turn|3\n|\n|t:|1788313335\n|switch|p2a: Garchomp|Garchomp, L50, F|100/100\n|move|p1a: Sneasler|Fake Out|p2b: Aerodactyl\n|-resisted|p2b: Aerodactyl|1\n|-damage|p2b: Aerodactyl|89/100\n|cant|p2b: Aerodactyl|flinch\n|move|p1b: Garchomp|Rock Slide|p2b: Aerodactyl|[spread] p2a,p2b\n|-resisted|p2a: Garchomp|1\n|-supereffective|p2b: Aerodactyl|1\n|-damage|p2a: Garchomp|88/100\n|-damage|p2b: Aerodactyl|4/100\n|-damage|p1b: Garchomp|10/100|[from] item: Life Orb\n|\n|-weather|SunnyDay|[upkeep]\n|upkeep\n|turn|4\n|inactive|Pacohk has 30 seconds left.\n|inactive|Kyskdyyl has 30 seconds left.\n|\n|t:|1788313366\n|move|p2b: Aerodactyl|Protect|p2b: Aerodactyl\n|-singleturn|p2b: Aerodactyl|Protect\n|move|p1a: Sneasler|Protect|p1a: Sneasler\n|-singleturn|p1a: Sneasler|Protect\n|move|p1b: Garchomp|Dragon Claw|p2a: Garchomp\n|-supereffective|p2a: Garchomp|1\n|-damage|p2a: Garchomp|2/100\n|-damage|p1b: Garchomp|0 fnt|[from] ability: Rough Skin|[of] p2a: Garchomp\n|-enditem|p2a: Garchomp|Sitrus Berry|[eat]\n|-heal|p2a: Garchomp|27/100|[from] item: Sitrus Berry\n|faint|p1b: Garchomp\n|move|p2a: Garchomp|Earthquake|p1a: Sneasler|[spread] \n|-activate|p2b: Aerodactyl|move: Protect\n|-activate|p1a: Sneasler|move: Protect\n|\n|-weather|SunnyDay|[upkeep]\n|-sideend|p2: Kyskdyyl|move: Tailwind\n|-sideend|p1: Pacohk|move: Tailwind\n|upkeep\n|\n|t:|1788313381\n|switch|p1b: Whimsicott|Whimsicott, L50, M|1/100\n|turn|5\n|\n|t:|1788313390\n|move|p1b: Whimsicott|Tailwind|p1b: Whimsicott\n|-sidestart|p1: Pacohk|move: Tailwind\n|move|p1a: Sneasler|Dire Claw|p2b: Aerodactyl\n|-resisted|p2b: Aerodactyl|1\n|-damage|p2b: Aerodactyl|0 fnt\n|faint|p2b: Aerodactyl\n|move|p2a: Garchomp|Earthquake|p1a: Sneasler|[spread] p1a,p1b\n|-supereffective|p1a: Sneasler|1\n|-resisted|p1b: Whimsicott|1\n|-damage|p1a: Sneasler|0 fnt\n|-damage|p1b: Whimsicott|0 fnt\n|faint|p1a: Sneasler\n|faint|p1b: Whimsicott\n|\n|-weather|none\n|upkeep\n|\n|t:|1788313398\n|switch|p2b: Sneasler|Sneasler, L50, M|100/100\n|switch|p1b: Floette|Floette-Eternal, L50, F|100/100\n|turn|6\n|\n|t:|1788313402\n|switch|p2a: Charizard|Charizard-Mega-Y, L50, M|34/100\n|-weather|SunnyDay|[from] ability: Drought|[of] p2a: Charizard\n|detailschange|p1b: Floette|Floette-Mega, L50, F\n|-mega|p1b: Floette|Floette|Floettite\n|-ability|p1b: Floette|Fairy Aura\n|move|p2b: Sneasler|Fake Out|p1b: Floette\n|-damage|p1b: Floette|76/100\n|-status|p1b: Floette|psn|[from] ability: Poison Touch|[of] p2b: Sneasler\n|-damage|p2b: Sneasler|90/100|[from] item: Life Orb\n|cant|p1b: Floette|flinch\n|\n|-weather|SunnyDay|[upkeep]\n|-damage|p1b: Floette|64/100 psn|[from] psn\n|upkeep\n|turn|7\n|\n|t:|1788313419\n|switch|p2b: Garchomp|Garchomp, L50, F|27/100\n|move|p2a: Charizard|Protect|p2a: Charizard\n|-singleturn|p2a: Charizard|Protect\n|move|p1b: Floette|Light of Ruin|p2b: Garchomp\n|-supereffective|p2b: Garchomp|1\n|-damage|p2b: Garchomp|0 fnt\n|faint|p2b: Garchomp\n|-damage|p1b: Floette|45/100 psn|[from] Recoil\n|\n|-weather|SunnyDay|[upkeep]\n|-damage|p1b: Floette|33/100 psn|[from] psn\n|upkeep\n|-message|Pacohk forfeited.\n|raw|Pacohk's rating: 1032 &rarr; <strong>1021</strong><br />(-11 for losing)\n|raw|Kyskdyyl's rating: 1133 &rarr; <strong>1151</strong><br />(+18 for winning)\n|\n|win|Kyskdyyl\n|l|☆Kyskdyyl\n|player|p2|\n|l|‽Pacohk\n|player|p1|\n|j|☆Kyskdyyl\n|player|p2|Kyskdyyl|102|\n","uploadtime":1788313453,"views":"5","formatid":"gen9championsvgc2026regmbbo3","rating":1021,"private":0,"password":null}