{"id":"gen9championsvgc2026regmb-2674714948","format":"[Gen 9 Champions] VGC 2026 Reg M-B","players":["Jermanthony","taj11"],"log":"|j|☆Jermanthony\n|j|☆taj11\n|html|<table width=\"100%\"><tr><td align=\"left\">Jermanthony</td><td align=\"right\">taj11</tr><tr><td align=\"left\"><i class=\"fa fa-circle\"></i> <i class=\"fa fa-circle-o\"></i> </td><td align=\"right\"><i class=\"fa fa-circle-o\"></i> <i class=\"fa fa-circle\"></i> </tr></table>\n|uhtml|bestof|<h2><strong>Game 3</strong> of <a href=\"/game-bestof3-gen9championsvgc2026regmb-2674712246\">a best-of-3</a></h2>\n|t:|1788394845\n|gametype|doubles\n|player|p1|Jermanthony|guzma|\n|player|p2|taj11|265|\n|gen|9\n|tier|[Gen 9 Champions] VGC 2026 Reg M-B\n|rule|Species Clause: Limit one of each Pokémon\n|rule|Item Clause: Limit 1 of each item\n|raw|<div class=\"infobox\"><details class=\"readmore\" open><summary><strong>1 custom rule:</strong></summary> Best of = 3</details></div>\n|clearpoke\n|poke|p1|Scovillain, L50, M|\n|poke|p1|Lycanroc-Dusk, L50, F|\n|poke|p1|Sharpedo, L50, F|\n|poke|p1|Sylveon, L50, F, shiny|\n|poke|p1|Altaria, L50, M|\n|poke|p1|Absol, L50, F|\n|poke|p2|Charizard, L50, F|\n|poke|p2|Garchomp, L50, M|\n|poke|p2|Scrafty, L50, F|\n|poke|p2|Victreebel, L50, M|\n|poke|p2|Gardevoir, L50, F|\n|poke|p2|Noivern, L50, M|\n|teampreview|4\n|j| fkggvn\n|c|☆taj11|glhf\n|j| eevee1ynn\ntaj11 rejected open team sheets.\n|c|☆Jermanthony|glhf\n|c|☆Jermanthony|Shoulda paid for game 2\n|c|☆taj11|tru\n|c| eevee1ynn|my uncle owns showdown paypal me 5 and i got u\n|j| CrunchBunch\n|\n|t:|1788394897\n|teamsize|p1|4\n|teamsize|p2|4\n|start\n|switch|p1a: Sylveon|Sylveon, L50, F, shiny|100/100\n|switch|p1b: Absol|Absol, L50, F|100/100\n|switch|p2a: Garchomp|Garchomp, L50, M|100/100\n|switch|p2b: Victreebel|Victreebel, L50, M|100/100\n|turn|1\n|\n|t:|1788394911\n|detailschange|p2b: Victreebel|Victreebel-Mega, L50, M\n|-mega|p2b: Victreebel|Victreebel|Victreebelite\n|move|p1b: Absol|Rock Slide|p2b: Victreebel|[spread] p2a,p2b\n|-resisted|p2a: Garchomp|1\n|-damage|p2a: Garchomp|89/100\n|-damage|p2b: Victreebel|77/100\n|cant|p2a: Garchomp|flinch\n|move|p1a: Sylveon|Hyper Voice|p2b: Victreebel|[spread] p2a,p2b\n|-supereffective|p2a: Garchomp|1\n|-resisted|p2b: Victreebel|1\n|-damage|p2a: Garchomp|0 fnt\n|-damage|p2b: Victreebel|61/100\n|faint|p2a: Garchomp\n|move|p2b: Victreebel|Stockpile|p2b: Victreebel\n|-start|p2b: Victreebel|stockpile1\n|-boost|p2b: Victreebel|def|1\n|-boost|p2b: Victreebel|spd|1\n|\n|upkeep\n|\n|t:|1788394928\n|switch|p2a: Scrafty|Scrafty, L50, F|100/100\n|-ability|p2a: Scrafty|Intimidate|boost\n|-unboost|p1a: Sylveon|atk|1\n|-unboost|p1b: Absol|atk|1\n|turn|2\n|\n|t:|1788394934\n|move|p2a: Scrafty|Fake Out|p1a: Sylveon\n|-damage|p1a: Sylveon|88/100\n|move|p1b: Absol|Rock Slide|p2b: Victreebel|[spread] p2a,p2b\n|-resisted|p2a: Scrafty|1\n|-damage|p2a: Scrafty|93/100\n|-damage|p2b: Victreebel|52/100\n|cant|p1a: Sylveon|flinch\n|cant|p2b: Victreebel|flinch\n|\n|upkeep\n|turn|3\n|j| BroDontFuckWithMe\n|j| kmilly132\n|j| Shaymin frohawk\n|\n|t:|1788394949\n|move|p1b: Absol|Rock Slide|p2b: Victreebel|[spread] p2a,p2b\n|-resisted|p2a: Scrafty|1\n|-damage|p2a: Scrafty|87/100\n|-damage|p2b: Victreebel|42/100\n|move|p1a: Sylveon|Hyper Voice|p2b: Victreebel|[spread] p2a,p2b\n|-supereffective|p2a: Scrafty|2\n|-resisted|p2b: Victreebel|1\n|-crit|p2b: Victreebel\n|-damage|p2a: Scrafty|0 fnt\n|-damage|p2b: Victreebel|17/100\n|faint|p2a: Scrafty\n|move|p2b: Victreebel|Giga Drain|p1b: Absol\n|-damage|p1b: Absol|35/100\n|-heal|p2b: Victreebel|42/100|[from] drain|[of] p1b: Absol\n|\n|upkeep\n|\n|t:|1788394959\n|switch|p2a: Gardevoir|Gardevoir, L50, F|100/100\n|turn|4\n|\n|t:|1788394963\n|move|p1b: Absol|Rock Slide|p2b: Victreebel|[spread] p2a,p2b\n|-damage|p2a: Gardevoir|77/100\n|-damage|p2b: Victreebel|31/100\n|cant|p2a: Gardevoir|flinch\n|move|p1a: Sylveon|Hyper Voice|p2a: Gardevoir|[spread] p2a,p2b\n|-resisted|p2b: Victreebel|1\n|-damage|p2a: Gardevoir|49/100\n|-damage|p2b: Victreebel|20/100y\n|move|p2b: Victreebel|Stockpile|p2b: Victreebel\n|-start|p2b: Victreebel|stockpile2\n|-boost|p2b: Victreebel|def|1\n|-boost|p2b: Victreebel|spd|1\n|\n|upkeep\n|turn|5\n|\n|t:|1788394982\n|move|p1b: Absol|Rock Slide|p2a: Gardevoir|[spread] p2a,p2b\n|-damage|p2a: Gardevoir|28/100\n|-damage|p2b: Victreebel|12/100\n|move|p2a: Gardevoir|Heal Pulse|p2b: Victreebel\n|-heal|p2b: Victreebel|62/100\n|move|p1a: Sylveon|Hyper Voice|p2b: Victreebel|[spread] p2a,p2b\n|-resisted|p2b: Victreebel|1\n|-damage|p2a: Gardevoir|0 fnt\n|-damage|p2b: Victreebel|54/100\n|faint|p2a: Gardevoir\n|cant|p2b: Victreebel|flinch\n|\n|upkeep\n|turn|6\n|c|☆taj11|chill bru\n|\n|t:|1788394999\n|move|p1b: Absol|Rock Slide|p2b: Victreebel\n|-damage|p2b: Victreebel|43/100\n|move|p1a: Sylveon|Hyper Voice|p2b: Victreebel\n|-resisted|p2b: Victreebel|1\n|-damage|p2b: Victreebel|33/100\n|move|p2b: Victreebel|Giga Drain|p1a: Sylveon\n|-damage|p1a: Sylveon|64/100\n|-heal|p2b: Victreebel|47/100|[from] drain|[of] p1a: Sylveon\n|\n|upkeep\n|turn|7\n|\n|t:|1788395014\n|switch|p1a: Scovillain|Scovillain, L50, M|100/100\n|move|p1b: Absol|Rock Slide|p2b: Victreebel\n|-damage|p2b: Victreebel|37/100\n|move|p2b: Victreebel|Stockpile|p2b: Victreebel\n|-start|p2b: Victreebel|stockpile3\n|-boost|p2b: Victreebel|def|1\n|-boost|p2b: Victreebel|spd|1\n|\n|-ability|p1a: Scovillain|Moody|boost\n|-boost|p1a: Scovillain|spa|2\n|-unboost|p1a: Scovillain|spe|1\n|upkeep\n|turn|8\n|\n|t:|1788395029\n|detailschange|p1a: Scovillain|Scovillain-Mega, L50, M\n|-mega|p1a: Scovillain|Scovillain|Scovillainite\n|move|p1b: Absol|Rock Slide|p2b: Victreebel\n|-damage|p2b: Victreebel|29/100\n|cant|p2b: Victreebel|flinch\n|move|p1a: Scovillain|Flamethrower|p2b: Victreebel\n|-supereffective|p2b: Victreebel|1\n|-damage|p2b: Victreebel|0 fnt\n|-damage|p1a: Scovillain|68/100|[from] ability: Innards Out|[of] p2b: Victreebel\n|faint|p2b: Victreebel\n|\n|win|Jermanthony\n|c|☆taj11|bruh\n|c|☆Jermanthony|gg\n|c|☆taj11|at the biggest moment bro flinched\n|c|☆taj11|gg\n|c| eevee1ynn|agency\n|l| fkggvn\n|c| CrunchBunch|agency\n|l| kmilly132\n|c|☆taj11|cant ever test the agency fr\n|l| eevee1ynn\n","uploadtime":1788395040,"views":"14","formatid":"gen9championsvgc2026regmb","rating":null,"private":0,"password":null}