{"id":"gen9championsvgc2026regmbbo3-2673973686","format":"[Gen 9 Champions] VGC 2026 Reg M-B (Bo3)","players":["Parasha","jellyuds"],"log":"|j|‽Parasha\n|j|☆jellyuds\n|html|<table width=\"100%\"><tr><td align=\"left\">Parasha</td><td align=\"right\">jellyuds</tr><tr><td align=\"left\"><i class=\"fa fa-circle\"></i> <i class=\"fa fa-circle-o\"></i> </td><td align=\"right\"><i class=\"fa fa-circle-o\"></i> <i class=\"fa fa-circle\"></i> </tr></table>\n|uhtml|bestof|<h2><strong>Game 3</strong> of <a href=\"/game-bestof3-gen9championsvgc2026regmbbo3-2673970774\">a best-of-3</a></h2>\n|t:|1788283604\n|gametype|doubles\n|player|p1|Parasha|169|1066\n|player|p2|jellyuds|preschooler|1000\n|gen|9\n|tier|[Gen 9 Champions] VGC 2026 Reg M-B (Bo3)\n|rated|\n|rule|Species Clause: Limit one of each Pokémon\n|rule|Item Clause: Limit 1 of each item\n|clearpoke\n|poke|p1|Raichu, L50, M|\n|poke|p1|Venusaur, L50, M|\n|poke|p1|Charizard, L50, M|\n|poke|p1|Pelipper, L50, M|\n|poke|p1|Archaludon, L50, F|\n|poke|p1|Toxicroak, L50, M|\n|poke|p2|Scovillain, L50, F|\n|poke|p2|Aerodactyl, L50, F|\n|poke|p2|Sylveon, L50, M|\n|poke|p2|Swampert, L50, F|\n|poke|p2|Farigiraf, L50, M|\n|poke|p2|Kingambit, L50, F|\n|teampreview|4\n|showteam|p1|Raichu||RaichuniteY|LightningRod|ZapCannon,FocusBlast,FakeOut,Protect|Hasty||M|||50|]Venusaur||FocusSash|Chlorophyll|SleepPowder,LeafStorm,SludgeBomb,Protect|Modest||M|||50|]Charizard||CharizarditeY|Blaze|HeatWave,AirSlash,Protect,WeatherBall|Timid||M|||50|]Pelipper||SitrusBerry|Drizzle|Hurricane,WeatherBall,Protect,Tailwind|Bold||M|||50|]Archaludon||Leftovers|Stamina|ElectroShot,DragonPulse,FlashCannon,Protect|Timid||F|||50|]Toxicroak||WideLens|DrySkin|FakeOut,CloseCombat,GunkShot,SuckerPunch|Jolly||M|||50|\n|showteam|p2|Scovillain||Scovillainite|Chlorophyll|Overheat,GigaDrain,RagePowder,Protect|Bold||F|||50|]Aerodactyl||Aerodactylite|RockHead|RockSlide,DualWingbeat,Tailwind,Protect|Jolly||F|||50|]Sylveon||FairyFeather|Pixilate|HyperVoice,HyperBeam,QuickAttack,Protect|Modest||M|||50|]Swampert||LifeOrb|Torrent|WaveCrash,HighHorsepower,IcePunch,Protect|Adamant||F|||50|]Farigiraf||SitrusBerry|ArmorTail|Psychic,Thunderbolt,TrickRoom,Protect|Relaxed||M|||50|]Kingambit||BlackGlasses|Defiant|KowtowCleave,SuckerPunch,LowKick,Protect|Adamant||F|||50|\n|\n|t:|1788283609\n|teamsize|p1|4\n|teamsize|p2|4\n|start\n|switch|p1a: Charizard|Charizard, L50, M|100/100\n|switch|p1b: Venusaur|Venusaur, L50, M|100/100\n|switch|p2a: Aerodactyl|Aerodactyl, L50, F|100/100\n|switch|p2b: Swampert|Swampert, L50, F|100/100\n|turn|1\n|\n|t:|1788283620\n|detailschange|p2a: Aerodactyl|Aerodactyl-Mega, L50, F\n|-mega|p2a: Aerodactyl|Aerodactyl|Aerodactylite\n|detailschange|p1a: Charizard|Charizard-Mega-Y, L50, M\n|-mega|p1a: Charizard|Charizard|Charizardite Y\n|-weather|SunnyDay|[from] ability: Drought|[of] p1a: Charizard\n|move|p2b: Swampert|Protect|p2b: Swampert\n|-singleturn|p2b: Swampert|Protect\n|move|p1b: Venusaur|Sleep Powder|p2a: Aerodactyl\n|-status|p2a: Aerodactyl|slp|[from] move: Sleep Powder\n|cant|p2a: Aerodactyl|slp\n|move|p1a: Charizard|Heat Wave|p2b: Swampert|[spread] p2a\n|-activate|p2b: Swampert|move: Protect\n|-resisted|p2a: Aerodactyl|1\n|-damage|p2a: Aerodactyl|70/100 slp\n|\n|-weather|SunnyDay|[upkeep]\n|upkeep\n|turn|2\n|\n|t:|1788283651\n|switch|p1a: Pelipper|Pelipper, L50, M|100/100\n|-weather|RainDance|[from] ability: Drizzle|[of] p1a: Pelipper\n|switch|p2b: Farigiraf|Farigiraf, L50, M|100/100\n|cant|p2a: Aerodactyl|slp\n|move|p1b: Venusaur|Leaf Storm|p2b: Farigiraf\n|-damage|p2b: Farigiraf|46/100\n|-unboost|p1b: Venusaur|spa|2\n|-enditem|p2b: Farigiraf|Sitrus Berry|[eat]\n|-heal|p2b: Farigiraf|70/100|[from] item: Sitrus Berry\n|\n|-weather|RainDance|[upkeep]\n|upkeep\n|turn|3\n|\n|t:|1788283669\n|-curestatus|p2a: Aerodactyl|slp|[msg]\n|move|p2a: Aerodactyl|Dual Wingbeat|p1b: Venusaur\n|-supereffective|p1b: Venusaur|1\n|-damage|p1b: Venusaur|31/100\n|-supereffective|p1b: Venusaur|1\n|-damage|p1b: Venusaur|0 fnt\n|faint|p1b: Venusaur\n|-hitcount|p1: Venusaur|2\n|move|p1a: Pelipper|Weather Ball|p2a: Aerodactyl\n|-supereffective|p2a: Aerodactyl|1\n|-damage|p2a: Aerodactyl|0 fnt\n|faint|p2a: Aerodactyl\n|move|p2b: Farigiraf|Trick Room|p2b: Farigiraf\n|-fieldstart|move: Trick Room|[of] p2b: Farigiraf\n|\n|-weather|RainDance|[upkeep]\n|upkeep\n|\n|t:|1788283688\n|switch|p1b: Archaludon|Archaludon, L50, F|100/100\n|switch|p2a: Kingambit|Kingambit, L50, F|100/100\n|turn|4\n|\n|t:|1788283697\n|move|p2a: Kingambit|Low Kick|p1b: Archaludon\n|-supereffective|p1b: Archaludon|1\n|-damage|p1b: Archaludon|48/100\n|-ability|p1b: Archaludon|Stamina|boost\n|-boost|p1b: Archaludon|def|1\n|move|p2b: Farigiraf|Thunderbolt|p1a: Pelipper\n|-supereffective|p1a: Pelipper|2\n|-damage|p1a: Pelipper|0 fnt\n|faint|p1a: Pelipper\n|move|p1b: Archaludon|Electro Shot||[still]\n|-prepare|p1b: Archaludon|Electro Shot\n|-boost|p1b: Archaludon|spa|1\n|-anim|p1b: Archaludon|Electro Shot|p2a: Kingambit\n|-damage|p2a: Kingambit|42/100\n|\n|-weather|RainDance|[upkeep]\n|-heal|p1b: Archaludon|54/100|[from] item: Leftovers\n|upkeep\n|\n|t:|1788283704\n|switch|p1a: Charizard|Charizard-Mega-Y, L50, M|100/100\n|-weather|SunnyDay|[from] ability: Drought|[of] p1a: Charizard\n|turn|5\n|\n|t:|1788283719\n|move|p1b: Archaludon|Protect|p1b: Archaludon\n|-singleturn|p1b: Archaludon|Protect\n|move|p1a: Charizard|Protect|p1a: Charizard\n|-singleturn|p1a: Charizard|Protect\n|move|p2a: Kingambit|Kowtow Cleave|p1a: Charizard\n|-activate|p1a: Charizard|move: Protect\n|move|p2b: Farigiraf|Thunderbolt|p1a: Charizard\n|-activate|p1a: Charizard|move: Protect\n|\n|-weather|SunnyDay|[upkeep]\n|-heal|p1b: Archaludon|60/100|[from] item: Leftovers\n|upkeep\n|turn|6\n|\n|t:|1788283740\n|move|p2a: Kingambit|Kowtow Cleave|p1a: Charizard\n|-damage|p1a: Charizard|22/100\n|move|p2b: Farigiraf|Thunderbolt|p1a: Charizard\n|-supereffective|p1a: Charizard|1\n|-damage|p1a: Charizard|0 fnt\n|faint|p1a: Charizard\n|move|p1b: Archaludon|Dragon Pulse|p2b: Farigiraf\n|-damage|p2b: Farigiraf|14/100\n|\n|-weather|SunnyDay|[upkeep]\n|-heal|p1b: Archaludon|66/100|[from] item: Leftovers\n|upkeep\n|turn|7\n|\n|t:|1788283754\n|move|p2a: Kingambit|Low Kick|p1b: Archaludon\n|-supereffective|p1b: Archaludon|1\n|-damage|p1b: Archaludon|30/100\n|-ability|p1b: Archaludon|Stamina|boost\n|-boost|p1b: Archaludon|def|1\n|move|p2b: Farigiraf|Psychic|p1b: Archaludon\n|-resisted|p1b: Archaludon|1\n|-damage|p1b: Archaludon|5/100\n|-ability|p1b: Archaludon|Stamina|boost\n|-boost|p1b: Archaludon|def|1\n|move|p1b: Archaludon|Dragon Pulse|p2b: Farigiraf\n|-damage|p2b: Farigiraf|0 fnt\n|faint|p2b: Farigiraf\n|\n|-weather|SunnyDay|[upkeep]\n|-heal|p1b: Archaludon|11/100|[from] item: Leftovers\n|-fieldend|move: Trick Room\n|upkeep\n|\n|t:|1788283767\n|switch|p2b: Swampert|Swampert, L50, F|100/100\n|turn|8\n|\n|t:|1788283774\n|move|p2a: Kingambit|Sucker Punch|p1b: Archaludon\n|-damage|p1b: Archaludon|0 fnt\n|faint|p1b: Archaludon\n|\n|win|jellyuds\n|raw|Parasha's rating: 1066 &rarr; <strong>1042</strong><br />(-24 for losing)\n|raw|jellyuds's rating: 1000 &rarr; <strong>1048</strong><br />(+48 for winning)\n|l|‽Parasha\n|player|p1|\n","uploadtime":1788283804,"views":"1","formatid":"gen9championsvgc2026regmbbo3","rating":1042,"private":0,"password":null}