{"id":"gen9championsvgc2026regmb-2674922090","format":"[Gen 9 Champions] VGC 2026 Reg M-B","players":["itabigloser","mago8888"],"log":"|j|☆itabigloser\n|j|☆mago8888\n|t:|1788436405\n|gametype|doubles\n|player|p1|itabigloser|hilbert|1196\n|player|p2|mago8888|wattson|1126\n|gen|9\n|tier|[Gen 9 Champions] VGC 2026 Reg M-B\n|rated|\n|rule|Species Clause: Limit one of each Pokémon\n|rule|Item Clause: Limit 1 of each item\n|clearpoke\n|poke|p1|Floette-Eternal, L50, F|\n|poke|p1|Sinistcha, L50|\n|poke|p1|Whimsicott, L50, M|\n|poke|p1|Garchomp, L50, F|\n|poke|p1|Decidueye-Hisui, L50, F|\n|poke|p1|Charizard, L50, F|\n|poke|p2|Charizard, L50, F|\n|poke|p2|Whimsicott, L50, M|\n|poke|p2|Garchomp, L50, F|\n|poke|p2|Floette-Eternal, L50, F|\n|poke|p2|Kingambit, L50, M|\n|poke|p2|Basculegion, L50, M|\n|teampreview|4\n|inactive|Battle timer is ON: inactive players will automatically lose when time's up. (requested by mago8888)\n|inactive|itabigloser has 60 seconds left.\n|\n|t:|1788436457\n|teamsize|p1|4\n|teamsize|p2|4\n|start\n|switch|p1a: Garchomp|Garchomp, L50, F|100/100\n|switch|p1b: Decidueye|Decidueye-Hisui, L50, F|100/100\n|switch|p2a: Garchomp|Garchomp, L50, F|100/100\n|switch|p2b: Whimsicott|Whimsicott, L50, M|100/100\n|turn|1\n|\n|t:|1788436475\n|switch|p1a: Floette|Floette-Eternal, L50, F|100/100\n|move|p2a: Garchomp|Protect|p2a: Garchomp\n|-singleturn|p2a: Garchomp|Protect\n|move|p2b: Whimsicott|Tailwind|p2b: Whimsicott\n|-sidestart|p2: mago8888|move: Tailwind\n|move|p1b: Decidueye|Triple Arrows|p2a: Garchomp\n|-activate|p2a: Garchomp|move: Protect\n|\n|upkeep\n|turn|2\n|\n|t:|1788436496\n|switch|p2a: Charizard|Charizard, L50, F|100/100\n|detailschange|p1a: Floette|Floette-Mega, L50, F\n|-mega|p1a: Floette|Floette|Floettite\n|-ability|p1a: Floette|Fairy Aura\n|move|p2b: Whimsicott|Moonblast|p1b: Decidueye\n|-supereffective|p1b: Decidueye|1\n|-crit|p1b: Decidueye\n|-damage|p1b: Decidueye|0 fnt\n|faint|p1b: Decidueye\n|move|p1a: Floette|Dazzling Gleam|p2a: Charizard|[spread] p2a,p2b\n|-resisted|p2a: Charizard|1\n|-damage|p2a: Charizard|72/100\n|-damage|p2b: Whimsicott|31/100\n|\n|upkeep\n|\n|t:|1788436511\n|switch|p1b: Garchomp|Garchomp, L50, F|100/100\n|turn|3\n|\n|t:|1788436521\n|detailschange|p2a: Charizard|Charizard-Mega-Y, L50, F\n|-mega|p2a: Charizard|Charizard|Charizardite Y\n|-weather|SunnyDay|[from] ability: Drought|[of] p2a: Charizard\n|move|p2b: Whimsicott|Moonblast|p1b: Garchomp\n|-supereffective|p1b: Garchomp|1\n|-damage|p1b: Garchomp|1/100\n|move|p2a: Charizard|Weather Ball|p1b: Garchomp\n|-resisted|p1b: Garchomp|1\n|-damage|p1b: Garchomp|0 fnt\n|faint|p1b: Garchomp\n|move|p1a: Floette|Dazzling Gleam|p2a: Charizard|[spread] p2a,p2b\n|-resisted|p2a: Charizard|1\n|-damage|p2a: Charizard|50/100g\n|-damage|p2b: Whimsicott|0 fnt\n|faint|p2b: Whimsicott\n|\n|-weather|SunnyDay|[upkeep]\n|upkeep\n|\n|t:|1788436533\n|switch|p2b: Basculegion|Basculegion, L50, M|100/100\n|switch|p1b: Whimsicott|Whimsicott, L50, M|100/100\n|turn|4\n|\n|t:|1788436555\n|move|p1a: Floette|Protect|p1a: Floette\n|-singleturn|p1a: Floette|Protect\n|move|p1b: Whimsicott|Tailwind|p1b: Whimsicott\n|-sidestart|p1: itabigloser|move: Tailwind\n|move|p2a: Charizard|Weather Ball|p1a: Floette\n|-activate|p1a: Floette|move: Protect\n|move|p2b: Basculegion|Last Respects|p1b: Whimsicott\n|-enditem|p1b: Whimsicott|Focus Sash\n|-damage|p1b: Whimsicott|1/100\n|-damage|p2b: Basculegion|90/100|[from] item: Life Orb\n|\n|-weather|SunnyDay|[upkeep]\n|-sideend|p2: mago8888|move: Tailwind\n|upkeep\n|turn|5\n|inactive|itabigloser has 30 seconds left.\n|inactive|itabigloser has 20 seconds left.\n|inactive|itabigloser has 15 seconds left.\n|\n|t:|1788436600\n|move|p2b: Basculegion|Aqua Jet|p1b: Whimsicott\n|-resisted|p1b: Whimsicott|1\n|-damage|p1b: Whimsicott|0 fnt\n|faint|p1b: Whimsicott\n|-damage|p2b: Basculegion|80/100|[from] item: Life Orb\n|move|p1a: Floette|Moonblast|p2a: Charizard\n|-resisted|p2a: Charizard|1\n|-damage|p2a: Charizard|13/100\n|move|p2a: Charizard|Weather Ball|p1a: Floette\n|-damage|p1a: Floette|34/100\n|\n|-weather|SunnyDay|[upkeep]\n|upkeep\n|turn|6\n|\n|t:|1788436617\n|move|p1a: Floette|Dazzling Gleam|p2a: Charizard|[spread] p2a,p2b\n|-resisted|p2a: Charizard|1\n|-damage|p2a: Charizard|0 fnt\n|-damage|p2b: Basculegion|26/100\n|faint|p2a: Charizard\n|move|p2b: Basculegion|Last Respects|p1a: Floette\n|-damage|p1a: Floette|0 fnt\n|faint|p1a: Floette\n|-damage|p2b: Basculegion|16/100|[from] item: Life Orb\n|\n|win|mago8888\n|raw|itabigloser's rating: 1196 &rarr; <strong>1166</strong><br />(-30 for losing)\n|raw|mago8888's rating: 1126 &rarr; <strong>1156</strong><br />(+30 for winning)\n","uploadtime":1788436617,"views":"0","formatid":"gen9championsvgc2026regmb","rating":1156,"private":0,"password":null}