{"id":"gen9championsvgc2026regmbbo3-2674013278","format":"[Gen 9 Champions] VGC 2026 Reg M-B (Bo3)","players":["Doomnik","CSQ17"],"log":"|j|☆Doomnik\n|j|☆CSQ17\n|html|<table width=\"100%\"><tr><td align=\"left\">Doomnik</td><td align=\"right\">CSQ17</tr><tr><td align=\"left\"><i class=\"fa fa-circle\"></i> <i class=\"fa fa-circle-o\"></i> </td><td align=\"right\"><i class=\"fa fa-circle-o\"></i> <i class=\"fa fa-circle\"></i> </tr></table>\n|uhtml|bestof|<h2><strong>Game 3</strong> of <a href=\"/game-bestof3-gen9championsvgc2026regmbbo3-2674008286\">a best-of-3</a></h2>\n|t:|1788288187\n|gametype|doubles\n|player|p1|Doomnik|volkner|1305\n|player|p2|CSQ17|170|1394\n|gen|9\n|tier|[Gen 9 Champions] VGC 2026 Reg M-B (Bo3)\n|rated|\n|rule|Species Clause: Limit one of each Pokémon\n|rule|Item Clause: Limit 1 of each item\n|clearpoke\n|poke|p1|Dragonite, L50, M|\n|poke|p1|Sneasler, L50, M|\n|poke|p1|Kingambit, L50, F|\n|poke|p1|Basculegion, L50, M|\n|poke|p1|Whimsicott, L50, M|\n|poke|p1|Floette-Eternal, L50, F|\n|poke|p2|Gengar, L50, F|\n|poke|p2|Archaludon, L50, M|\n|poke|p2|Politoed, L50, F|\n|poke|p2|Swampert, L50, F|\n|poke|p2|Vivillon, L50, M|\n|poke|p2|Incineroar, L50, F|\n|teampreview|4\n|showteam|p1|Dragonite||Dragoninite|InnerFocus|DragonPulse,HeatWave,Thunderbolt,Protect|Modest||M|||50|]Sneasler||WhiteHerb|Unburden|DireClaw,CloseCombat,RockSlide,FakeOut|Jolly||M|||50|]Kingambit||ChopleBerry|Defiant|KowtowCleave,SuckerPunch,LowKick,IronHead|Adamant||F|||50|]Basculegion||LifeOrb|Adaptability|WaveCrash,LastRespects,AquaJet,Protect|Adamant||M|||50|]Whimsicott||FocusSash|Prankster|Moonblast,Tailwind,Encore,Protect|Timid||M|||50|]Floette-Eternal||Floettite|FlowerVeil|Moonblast,DazzlingGleam,LightofRuin,Protect|Timid||F|||50|\n|showteam|p2|Gengar||Gengarite|CursedBody|ShadowBall,SludgeBomb,PerishSong,Protect|Modest||F|||50|]Archaludon||Leftovers|Stamina|ElectroShot,DragonPulse,FlashCannon,Protect|Bold||M|||50|]Politoed||SitrusBerry|Drizzle|WeatherBall,Hypnosis,PerishSong,Protect|Calm||F|||50|]Swampert||Swampertite|Damp|WaveCrash,Earthquake,IcePunch,Protect|Adamant||F|||50|]Vivillon||FocusSash|CompoundEyes|Hurricane,SleepPowder,RagePowder,Protect|Timid||M|||50|]Incineroar||PasshoBerry|Intimidate|DarkestLariat,FakeOut,PartingShot,Protect|Impish||F|||50|\n|inactive|Battle timer is ON: inactive players will automatically lose when time's up. (requested by Doomnik)\n|inactive|Doomnik has 60 seconds left.\n|\n|t:|1788288221\n|teamsize|p1|4\n|teamsize|p2|4\n|start\n|switch|p1a: Sneasler|Sneasler, L50, M|100/100\n|switch|p1b: Floette|Floette-Eternal, L50, F|100/100\n|switch|p2a: Gengar|Gengar, L50, F|100/100\n|switch|p2b: Vivillon|Vivillon, L50, M|100/100\n|turn|1\n|inactive|CSQ17 has 30 seconds left.\n|\n|t:|1788288247\n|switch|p2b: Archaludon|Archaludon, L50, M|100/100\n|detailschange|p1b: Floette|Floette-Mega, L50, F\n|-mega|p1b: Floette|Floette|Floettite\n|-ability|p1b: Floette|Fairy Aura\n|detailschange|p2a: Gengar|Gengar-Mega, L50, F\n|-mega|p2a: Gengar|Gengar|Gengarite\n|move|p1a: Sneasler|Rock Slide|p2a: Gengar|[spread] p2a,p2b\n|-resisted|p2b: Archaludon|1\n|-damage|p2a: Gengar|74/100\n|-damage|p2b: Archaludon|93/100\n|-ability|p2b: Archaludon|Stamina|boost\n|-boost|p2b: Archaludon|def|1\n|move|p1b: Floette|Moonblast|p2b: Archaludon\n|-damage|p2b: Archaludon|18/100\n|-ability|p2b: Archaludon|Stamina|boost\n|-boost|p2b: Archaludon|def|1\n|move|p2a: Gengar|Sludge Bomb|p1b: Floette\n|-supereffective|p1b: Floette|1\n|-damage|p1b: Floette|15/100\n|-status|p1b: Floette|psn\n|\n|-heal|p2b: Archaludon|24/100|[from] item: Leftovers\n|-damage|p1b: Floette|3/100 psn|[from] psn\n|upkeep\n|turn|2\n|inactive|CSQ17 has 30 seconds left.\n|\n|t:|1788288276\n|move|p2a: Gengar|Protect|p2a: Gengar\n|-singleturn|p2a: Gengar|Protect\n|move|p2b: Archaludon|Protect|p2b: Archaludon\n|-singleturn|p2b: Archaludon|Protect\n|move|p1a: Sneasler|Close Combat|p2b: Archaludon\n|-activate|p2b: Archaludon|move: Protect\n|move|p1b: Floette|Moonblast|p2b: Archaludon\n|-activate|p2b: Archaludon|move: Protect\n|\n|-heal|p2b: Archaludon|30/100|[from] item: Leftovers\n|-damage|p1b: Floette|0 fnt|[from] psn\n|faint|p1b: Floette\n|upkeep\n|\n|t:|1788288290\n|switch|p1b: Whimsicott|Whimsicott, L50, M|100/100\n|turn|3\n|inactive|CSQ17 has 30 seconds left.\n|inactive|CSQ17 has 20 seconds left.\n|inactive|CSQ17 has 15 seconds left.\n|\n|t:|1788288334\n|switch|p2a: Politoed|Politoed, L50, F|100/100\n|-weather|RainDance|[from] ability: Drizzle|[of] p2a: Politoed\n|move|p1b: Whimsicott|Encore||[still]\n|-fail|p1b: Whimsicott\n|move|p1a: Sneasler|Close Combat|p2b: Archaludon\n|-supereffective|p2b: Archaludon|1\n|-damage|p2b: Archaludon|0 fnt\n|-unboost|p1a: Sneasler|def|1\n|-unboost|p1a: Sneasler|spd|1\n|faint|p2b: Archaludon\n|-enditem|p1a: Sneasler|White Herb\n|-clearnegativeboost|p1a: Sneasler|[silent]\n|\n|-weather|RainDance|[upkeep]\n|upkeep\n|\n|t:|1788288350\n|switch|p2b: Gengar|Gengar-Mega, L50, F|74/100\n|turn|4\n|inactive|CSQ17 has 30 seconds left.\n|inactive|CSQ17 has 20 seconds left.\n|\n|t:|1788288385\n|move|p1b: Whimsicott|Protect|p1b: Whimsicott\n|-singleturn|p1b: Whimsicott|Protect\n|move|p1a: Sneasler|Rock Slide|p2a: Politoed|[spread] p2a,p2b\n|-damage|p2a: Politoed|82/100\n|-damage|p2b: Gengar|47/100\n|move|p2b: Gengar|Shadow Ball|p1a: Sneasler\n|-damage|p1a: Sneasler|38/100\n|cant|p2a: Politoed|flinch\n|\n|-weather|RainDance|[upkeep]\n|upkeep\n|turn|5\n|inactive|CSQ17 has 30 seconds left.\n|inactive|Doomnik has 30 seconds left.\n|\n|t:|1788288422\n|move|p1b: Whimsicott|Tailwind|p1b: Whimsicott\n|-sidestart|p1: Doomnik|move: Tailwind\n|move|p1a: Sneasler|Rock Slide|p2a: Politoed|[spread] p2a\n|-miss|p1a: Sneasler|p2b: Gengar\n|-damage|p2a: Politoed|65/100\n|move|p2b: Gengar|Shadow Ball|p1b: Whimsicott\n|-damage|p1b: Whimsicott|25/100\n|move|p2a: Politoed|Perish Song|p2a: Politoed\n|-start|p1a: Sneasler|perish3|[silent]\n|-start|p1b: Whimsicott|perish3|[silent]\n|-start|p2a: Politoed|perish3|[silent]\n|-start|p2b: Gengar|perish3|[silent]\n|-fieldactivate|move: Perish Song\n|\n|-weather|RainDance|[upkeep]\n|-start|p1a: Sneasler|perish3\n|-start|p1b: Whimsicott|perish3\n|-start|p2b: Gengar|perish3\n|-start|p2a: Politoed|perish3\n|upkeep\n|turn|6\n|inactive|Doomnik has 30 seconds left.\n|\n|t:|1788288448\n|move|p2b: Gengar|Protect|p2b: Gengar\n|-singleturn|p2b: Gengar|Protect\n|move|p2a: Politoed|Protect|p2a: Politoed\n|-singleturn|p2a: Politoed|Protect\n|move|p1a: Sneasler|Rock Slide|p2a: Politoed|[spread] \n|-activate|p2a: Politoed|move: Protect\n|-activate|p2b: Gengar|move: Protect\n|move|p1b: Whimsicott|Moonblast|p2a: Politoed\n|-activate|p2a: Politoed|move: Protect\n|\n|-weather|RainDance|[upkeep]\n|-start|p1a: Sneasler|perish2\n|-start|p1b: Whimsicott|perish2\n|-start|p2b: Gengar|perish2\n|-start|p2a: Politoed|perish2\n|upkeep\n|turn|7\n|\n|t:|1788288466\n|move|p1a: Sneasler|Rock Slide|p2b: Gengar|[spread] p2a,p2b\n|-damage|p2a: Politoed|45/100\n|-damage|p2b: Gengar|23/100\n|-enditem|p2a: Politoed|Sitrus Berry|[eat]\n|-heal|p2a: Politoed|70/100|[from] item: Sitrus Berry\n|move|p1b: Whimsicott|Moonblast|p2a: Politoed\n|-damage|p2a: Politoed|42/100\n|cant|p2b: Gengar|flinch\n|cant|p2a: Politoed|flinch\n|\n|-weather|none\n|-start|p1a: Sneasler|perish1\n|-start|p1b: Whimsicott|perish1\n|-start|p2b: Gengar|perish1\n|-start|p2a: Politoed|perish1\n|upkeep\n|turn|8\n|inactive|Doomnik has 30 seconds left.\n|inactive|CSQ17 has 30 seconds left.\n|inactive|CSQ17 has 20 seconds left.\n|\n|t:|1788288503\n|switch|p2b: Vivillon|Vivillon, L50, M|100/100\n|move|p2a: Politoed|Protect|p2a: Politoed\n|-singleturn|p2a: Politoed|Protect\n|move|p1a: Sneasler|Rock Slide|p2a: Politoed|[spread] p2b\n|-activate|p2a: Politoed|move: Protect\n|-supereffective|p2b: Vivillon|2\n|-enditem|p2b: Vivillon|Focus Sash\n|-damage|p2b: Vivillon|1/100\n|move|p1b: Whimsicott|Moonblast|p2b: Vivillon\n|-damage|p2b: Vivillon|0 fnt\n|faint|p2b: Vivillon\n|\n|-start|p1a: Sneasler|perish0\n|-start|p1b: Whimsicott|perish0\n|-start|p2a: Politoed|perish0\n|-sideend|p1: Doomnik|move: Tailwind\n|faint|p1a: Sneasler\n|faint|p1b: Whimsicott\n|faint|p2a: Politoed\n|upkeep\n|\n|t:|1788288514\n|switch|p1b: Basculegion|Basculegion, L50, M|100/100\n|switch|p2b: Gengar|Gengar-Mega, L50, F|23/100\n|turn|9\n|\n|t:|1788288525\n|move|p1b: Basculegion|Aqua Jet|p2b: Gengar\n|-damage|p2b: Gengar|0 fnt\n|faint|p2b: Gengar\n|-damage|p1b: Basculegion|90/100|[from] item: Life Orb\n|\n|win|Doomnik\n|raw|Doomnik's rating: 1305 &rarr; <strong>1330</strong><br />(+25 for winning)\n|raw|CSQ17's rating: 1394 &rarr; <strong>1369</strong><br />(-25 for losing)\n|c|☆CSQ17|nice hax\n|c|☆Doomnik|ok bro tripple g1\n|l|☆CSQ17\n|player|p2|\n|c|☆Doomnik|Into poison\n|c|☆Doomnik|If you let me Rock Slide for 10 Turns thats a skill issue\n|l|☆Doomnik\n|player|p1|\n|j|☆Doomnik\n|player|p1|Doomnik|volkner|\n","uploadtime":1788288525,"views":"0","formatid":"gen9championsvgc2026regmbbo3","rating":1330,"private":0,"password":null}