{"id":"gen9championsvgc2026regmb-2674849103","format":"[Gen 9 Champions] VGC 2026 Reg M-B","players":["carrotbeafsteak","Dondylion8"],"log":"|j|☆carrotbeafsteak\n|j|☆Dondylion8\n|t:|1788420636\n|gametype|doubles\n|player|p1|carrotbeafsteak|1|1320\n|player|p2|Dondylion8|shadowtriad|1333\n|gen|9\n|tier|[Gen 9 Champions] VGC 2026 Reg M-B\n|rated|\n|rule|Species Clause: Limit one of each Pokémon\n|rule|Item Clause: Limit 1 of each item\n|clearpoke\n|poke|p1|Simipour, L50, M|\n|poke|p1|Simisage, L50, F|\n|poke|p1|Simisear, L50, M|\n|poke|p1|Pelipper, L50, M|\n|poke|p1|Torkoal, L50, M|\n|poke|p1|Gyarados, L50, F|\n|poke|p2|Annihilape, L50, M|\n|poke|p2|Grimmsnarl, L50, M|\n|poke|p2|Steelix, L50, M|\n|poke|p2|Rotom-Heat, L50|\n|poke|p2|Primarina, L50, M|\n|poke|p2|Gengar, L50, M|\n|teampreview|4\n|c|☆carrotbeafsteak|steelix\n|c|☆Dondylion8|Didn't even know the simis were in champions lmao\n|\n|t:|1788420692\n|teamsize|p1|4\n|teamsize|p2|4\n|start\n|switch|p1a: Simisear|Simisear, L50, M|100/100\n|switch|p1b: Torkoal|Torkoal, L50, M|100/100\n|switch|p2a: Grimmsnarl|Grimmsnarl, L50, M|100/100\n|switch|p2b: Steelix|Steelix, L50, M|100/100\n|-weather|SunnyDay|[from] ability: Drought|[of] p1b: Torkoal\n|turn|1\n|c|☆carrotbeafsteak|they are pretty bad\n|c|☆carrotbeafsteak|need some good luck to win\n|c|☆Dondylion8|Lol\n|\n|t:|1788420717\n|move|p1a: Simisear|Fake Out|p2b: Steelix\n|-resisted|p2b: Steelix|1\n|-damage|p2b: Steelix|97/100\n|cant|p2b: Steelix|flinch\n|move|p2a: Grimmsnarl|Light Screen|p2a: Grimmsnarl\n|-sidestart|p2: Dondylion8|move: Light Screen\n|move|p1b: Torkoal|Eruption|p2b: Steelix|[spread] p2a,p2b\n|-supereffective|p2b: Steelix|1\n|-damage|p2a: Grimmsnarl|75/100\n|-damage|p2b: Steelix|12/100\n|\n|-weather|SunnyDay|[upkeep]\n|upkeep\n|turn|2\n|c|☆Dondylion8|Gl\n|\n|t:|1788420740\n|move|p1b: Torkoal|Helping Hand|p1a: Simisear\n|-singleturn|p1a: Simisear|Helping Hand|[of] p1b: Torkoal\n|move|p2b: Steelix|Wide Guard|p2b: Steelix\n|-singleturn|p2b: Steelix|Wide Guard\n|move|p2a: Grimmsnarl|Parting Shot|p1b: Torkoal\n|-unboost|p1b: Torkoal|atk|1\n|-unboost|p1b: Torkoal|spa|1\n|\n|t:|1788420750\n|switch|p2a: Primarina|Primarina, L50, M|100/100|[from] Parting Shot\n|move|p1a: Simisear|Heat Wave|p2a: Primarina|[spread] \n|-activate|p2a: Primarina|move: Wide Guard\n|-activate|p2b: Steelix|move: Wide Guard\n|\n|-weather|SunnyDay|[upkeep]\n|upkeep\n|turn|3\n|\n|t:|1788420768\n|switch|p1b: Simisage|Simisage, L50, F|100/100\n|move|p2b: Steelix|Wide Guard|p2b: Steelix\n|-singleturn|p2b: Steelix|Wide Guard\n|move|p1a: Simisear|Heat Wave|p2b: Steelix|[spread] \n|-activate|p2a: Primarina|move: Wide Guard\n|-activate|p2b: Steelix|move: Wide Guard\n|move|p2a: Primarina|Calm Mind|p2a: Primarina\n|-boost|p2a: Primarina|spa|1\n|-boost|p2a: Primarina|spd|1\n|\n|-weather|SunnyDay|[upkeep]\n|upkeep\n|turn|4\n|\n|t:|1788420792\n|detailschange|p2b: Steelix|Steelix-Mega, L50, M\n|-mega|p2b: Steelix|Steelix|Steelixite\n|move|p1b: Simisage|Solar Blade||[still]\n|-prepare|p1b: Simisage|Solar Blade\n|-anim|p1b: Simisage|Solar Blade|p2a: Primarina\n|-supereffective|p2a: Primarina|1\n|-damage|p2a: Primarina|0 fnt\n|faint|p2a: Primarina\n|-damage|p1b: Simisage|90/100|[from] item: Life Orb\n|move|p1a: Simisear|Nasty Plot|p1a: Simisear\n|-boost|p1a: Simisear|spa|2\n|move|p2b: Steelix|Heavy Slam|p1b: Simisage\n|-damage|p1b: Simisage|0 fnt\n|faint|p1b: Simisage\n|\n|-weather|SunnyDay|[upkeep]\n|upkeep\n|\n|t:|1788420809\n|switch|p1b: Gyarados|Gyarados, L50, F|100/100\n|switch|p2a: Grimmsnarl|Grimmsnarl, L50, M|75/100\n|-ability|p1b: Gyarados|Intimidate|boost\n|-unboost|p2a: Grimmsnarl|atk|1\n|-unboost|p2b: Steelix|atk|1\n|turn|5\n|\n|t:|1788420827\n|detailschange|p1b: Gyarados|Gyarados-Mega, L50, F\n|-mega|p1b: Gyarados|Gyarados|Gyaradosite\n|-ability|p1b: Gyarados|Mold Breaker\n|move|p2b: Steelix|Wide Guard|p2b: Steelix\n|-singleturn|p2b: Steelix|Wide Guard\n|move|p2a: Grimmsnarl|Reflect|p2a: Grimmsnarl\n|-sidestart|p2: Dondylion8|Reflect\n|move|p1a: Simisear|Heat Wave|p2a: Grimmsnarl|[spread] \n|-activate|p2a: Grimmsnarl|move: Wide Guard\n|-activate|p2b: Steelix|move: Wide Guard\n|move|p1b: Gyarados|Dragon Dance|p1b: Gyarados\n|-boost|p1b: Gyarados|atk|1\n|-boost|p1b: Gyarados|spe|1\n|\n|-weather|none\n|upkeep\n|turn|6\n|\n|t:|1788420851\n|move|p2b: Steelix|Wide Guard|p2b: Steelix\n|-singleturn|p2b: Steelix|Wide Guard\n|move|p2a: Grimmsnarl|Parting Shot|p1b: Gyarados\n|-hint|Since gen 7, Dark is immune to Prankster moves.\n|-immune|p1b: Gyarados\n|move|p1b: Gyarados|Waterfall|p2b: Steelix\n|-supereffective|p2b: Steelix|1\n|-damage|p2b: Steelix|0 fnt\n|faint|p2b: Steelix\n|move|p1a: Simisear|Heat Wave|p2a: Grimmsnarl\n|-activate|p2a: Grimmsnarl|move: Wide Guard\n|\n|upkeep\n|\n|t:|1788420859\n|switch|p2b: Annihilape|Annihilape, L50, M|100/100\n|turn|7\n|\n|t:|1788420875\n|move|p1b: Gyarados|Waterfall|p2a: Grimmsnarl\n|-damage|p2a: Grimmsnarl|11/100\n|move|p1a: Simisear|Nasty Plot|p1a: Simisear\n|-boost|p1a: Simisear|spa|2\n|move|p2b: Annihilape|Bulk Up|p2b: Annihilape\n|-boost|p2b: Annihilape|atk|1\n|-boost|p2b: Annihilape|def|1\n|move|p2a: Grimmsnarl|Spirit Break|p1b: Gyarados\n|-supereffective|p1b: Gyarados|1\n|-damage|p1b: Gyarados|65/100\n|-unboost|p1b: Gyarados|spa|1\n|\n|upkeep\n|turn|8\n|\n|t:|1788420902\n|move|p2a: Grimmsnarl|Parting Shot|p1a: Simisear\n|-unboost|p1a: Simisear|atk|1\n|-unboost|p1a: Simisear|spa|1\n|move|p1b: Gyarados|Waterfall|p2a: Grimmsnarl\n|-damage|p2a: Grimmsnarl|0 fnt\n|faint|p2a: Grimmsnarl\n|move|p1a: Simisear|Fire Blast|p2b: Annihilape\n|-damage|p2b: Annihilape|45/100\n|-status|p2b: Annihilape|brn\n|move|p2b: Annihilape|Bulk Up|p2b: Annihilape\n|-boost|p2b: Annihilape|atk|1\n|-boost|p2b: Annihilape|def|1\n|\n|-heal|p2b: Annihilape|51/100 brn|[from] item: Leftovers\n|-damage|p2b: Annihilape|45/100 brn|[from] brn\n|-sideend|p2: Dondylion8|move: Light Screen\n|upkeep\n|turn|9\n|\n|t:|1788420918\n|switch|p1b: Torkoal|Torkoal, L50, M|100/100\n|-weather|SunnyDay|[from] ability: Drought|[of] p1b: Torkoal\n|move|p1a: Simisear|Fire Blast|p2b: Annihilape\n|-damage|p2b: Annihilape|0 fnt\n|faint|p2b: Annihilape\n|\n|win|carrotbeafsteak\n|raw|carrotbeafsteak's rating: 1320 &rarr; <strong>1341</strong><br />(+21 for winning)\n|raw|Dondylion8's rating: 1333 &rarr; <strong>1312</strong><br />(-21 for losing)\n|c|☆carrotbeafsteak|gg\n","uploadtime":1788420924,"views":"1","formatid":"gen9championsvgc2026regmb","rating":1312,"private":0,"password":null}