{"id":"gen9championsvgc2026regmb-2674201347","format":"[Gen 9 Champions] VGC 2026 Reg M-B","players":["Asuka_Hikaru","Graves Wu"],"log":"|j|☆Asuka_Hikaru\n|j|☆Graves Wu\n|t:|1788314563\n|gametype|doubles\n|player|p1|Asuka_Hikaru|101|1619\n|player|p2|Graves Wu|steven|1589\n|gen|9\n|tier|[Gen 9 Champions] VGC 2026 Reg M-B\n|rated|\n|rule|Species Clause: Limit one of each Pokémon\n|rule|Item Clause: Limit 1 of each item\n|clearpoke\n|poke|p1|Charizard, L50, M|\n|poke|p1|Garchomp, L50, M|\n|poke|p1|Aerodactyl, L50, F|\n|poke|p1|Farigiraf, L50, M|\n|poke|p1|Kingambit, L50, F|\n|poke|p1|Sylveon, L50, M|\n|poke|p2|Mawile, L50, F, shiny|\n|poke|p2|Aerodactyl, L50, M|\n|poke|p2|Farigiraf, L50, F|\n|poke|p2|Garchomp, L50, M, shiny|\n|poke|p2|Blastoise, L50, M|\n|poke|p2|Sylveon, L50, F, shiny|\n|teampreview|4\n|\n|t:|1788314604\n|teamsize|p1|4\n|teamsize|p2|4\n|start\n|switch|p1a: Sylveon|Sylveon, L50, M|100/100\n|switch|p1b: Charizard|Charizard, L50, M|100/100\n|switch|p2a: Farigiraf|Farigiraf, L50, F|100/100\n|switch|p2b: Garchomp|Garchomp, L50, M, shiny|100/100\n|turn|1\n|\n|t:|1788314618\n|detailschange|p1b: Charizard|Charizard-Mega-Y, L50, M\n|-mega|p1b: Charizard|Charizard|Charizardite Y\n|-weather|SunnyDay|[from] ability: Drought|[of] p1b: Charizard\n|move|p2b: Garchomp|Rock Slide|p1b: Charizard|[spread] p1a,p1b\n|-supereffective|p1b: Charizard|2\n|-damage|p1a: Sylveon|76/100\n|-damage|p1b: Charizard|28/100\n|cant|p1b: Charizard|flinch\n|move|p1a: Sylveon|Hyper Voice|p2a: Farigiraf|[spread] p2a,p2b\n|-supereffective|p2b: Garchomp|1\n|-damage|p2a: Farigiraf|43/100\n|-damage|p2b: Garchomp|2/100\n|-enditem|p2a: Farigiraf|Sitrus Berry|[eat]\n|-heal|p2a: Farigiraf|68/100|[from] item: Sitrus Berry\n|move|p2a: Farigiraf|Trick Room|p2a: Farigiraf\n|-fieldstart|move: Trick Room|[of] p2a: Farigiraf\n|\n|-weather|SunnyDay|[upkeep]\n|upkeep\n|turn|2\n|\n|t:|1788314652\n|switch|p2b: Mawile|Mawile, L50, F, shiny|100/100\n|move|p2a: Farigiraf|Psychic|p1b: Charizard\n|-crit|p1b: Charizard\n|-damage|p1b: Charizard|0 fnt\n|faint|p1b: Charizard\n|move|p1a: Sylveon|Hyper Voice|p2a: Farigiraf|[spread] p2a,p2b\n|-resisted|p2b: Mawile|1\n|-damage|p2a: Farigiraf|12/100\n|-damage|p2b: Mawile|56/100\n|\n|-weather|SunnyDay|[upkeep]\n|upkeep\n|\n|t:|1788314665\n|switch|p1b: Farigiraf|Farigiraf, L50, M|100/100\n|turn|3\n|\n|t:|1788314674\n|detailschange|p2b: Mawile|Mawile-Mega, L50, F, shiny\n|-mega|p2b: Mawile|Mawile|Mawilite\n|move|p1a: Sylveon|Detect|p1a: Sylveon\n|-singleturn|p1a: Sylveon|Protect\n|move|p2a: Farigiraf|Psychic|p1a: Sylveon\n|-activate|p1a: Sylveon|move: Protect\n|move|p2b: Mawile|Iron Head|p1a: Sylveon\n|-activate|p1a: Sylveon|move: Protect\n|move|p1b: Farigiraf|Trick Room|p1b: Farigiraf\n|-fieldend|move: Trick Room\n|\n|-weather|SunnyDay|[upkeep]\n|upkeep\n|turn|4\n|\n|t:|1788314695\n|move|p1a: Sylveon|Hyper Beam|p2b: Mawile\n|-resisted|p2b: Mawile|1\n|-damage|p2b: Mawile|0 fnt\n|-mustrecharge|p1a: Sylveon\n|faint|p2b: Mawile\n|move|p1b: Farigiraf|Roar|p1a: Sylveon\n|drag|p1a: Kingambit|Kingambit, L50, F|100/100\n|move|p2a: Farigiraf|Trick Room|p2a: Farigiraf\n|-fieldstart|move: Trick Room|[of] p2a: Farigiraf\n|\n|-weather|SunnyDay|[upkeep]\n|upkeep\n|c|☆Graves Wu|nice move\n|\n|t:|1788314714\n|switch|p2b: Sylveon|Sylveon, L50, F, shiny|100/100\n|turn|5\n|\n|t:|1788314728\n|move|p1b: Farigiraf|Psychic|p2a: Farigiraf\n|-resisted|p2a: Farigiraf|1\n|-damage|p2a: Farigiraf|0 fnt\n|faint|p2a: Farigiraf\n|move|p2b: Sylveon|Hyper Beam|p1a: Kingambit\n|-enditem|p1a: Kingambit|Focus Sash\n|-damage|p1a: Kingambit|1/100\n|-mustrecharge|p2b: Sylveon\n|move|p1a: Kingambit|Iron Head|p2b: Sylveon\n|-supereffective|p2b: Sylveon|1\n|-damage|p2b: Sylveon|0 fnt\n|faint|p2b: Sylveon\n|\n|-weather|none\n|upkeep\n|\n|t:|1788314741\n|switch|p2a: Garchomp|Garchomp, L50, M, shiny|2/100\n|turn|6\n|\n|t:|1788314745\n|move|p1b: Farigiraf|Psychic|p2a: Garchomp\n|-damage|p2a: Garchomp|0 fnt\n|faint|p2a: Garchomp\n|\n|win|Asuka_Hikaru\n|raw|Asuka_Hikaru's rating: 1619 &rarr; <strong>1637</strong><br />(+18 for winning)\n|raw|Graves Wu's rating: 1589 &rarr; <strong>1571</strong><br />(-18 for losing)\n|l|☆Graves Wu\n|player|p2|\n","uploadtime":1788314751,"views":"14","formatid":"gen9championsvgc2026regmb","rating":1571,"private":0,"password":null}