{"id":"gen9championsvgc2026regmb-2674158333","format":"[Gen 9 Champions] VGC 2026 Reg M-B","players":["SGEPKC203","dvlavi"],"log":"|j|☆SGEPKC203\n|j|☆dvlavi\n|html|<table width=\"100%\"><tr><td align=\"left\">SGEPKC203</td><td align=\"right\">dvlavi</tr><tr><td align=\"left\"><i class=\"fa fa-circle\"></i> <i class=\"fa fa-circle-o\"></i> </td><td align=\"right\"><i class=\"fa fa-circle-o\"></i> <i class=\"fa fa-circle\"></i> </tr></table>\n|uhtml|bestof|<h2><strong>Game 3</strong> of <a href=\"/game-bestof3-gen9championsvgc2026regmb-2674151139\">a best-of-3</a></h2>\n|t:|1788307848\n|gametype|doubles\n|player|p1|SGEPKC203|brendan-gen3|\n|player|p2|dvlavi|steven|\n|gen|9\n|tier|[Gen 9 Champions] VGC 2026 Reg M-B\n|rule|Species Clause: Limit one of each Pokémon\n|rule|Item Clause: Limit 1 of each item\n|raw|<div class=\"infobox\"><details class=\"readmore\" open><summary><strong>2 custom rules:</strong></summary> Best of = 3, !Open Team Sheets</details></div>\n|clearpoke\n|poke|p1|Sneasler, L50, F|\n|poke|p1|Altaria, L50, F|\n|poke|p1|Chimecho, L50, F|\n|poke|p1|Greninja, L50, F|\n|poke|p1|Tsareena, L50, F|\n|poke|p1|Blastoise, L50, F|\n|poke|p2|Farigiraf, L50, F|\n|poke|p2|Torkoal, L50, M|\n|poke|p2|Victreebel, L50, M|\n|poke|p2|Rotom-Wash, L50|\n|poke|p2|Banette, L50, F|\n|poke|p2|Floette-Eternal, L50, F|\n|teampreview|4\n|c|☆SGEPKC203|scarf farig threw eveything off for me\n|\n|t:|1788307988\n|teamsize|p1|4\n|teamsize|p2|4\n|start\n|switch|p1a: Blastoise|Blastoise, L50, F|100/100\n|switch|p1b: Chimecho|Chimecho, L50, F|100/100\n|switch|p2a: Rotom|Rotom-Wash, L50|100/100\n|switch|p2b: Banette|Banette, L50, F|100/100\n|-item|p1a: Blastoise|Blastoisinite|[from] ability: Frisk|[of] p2b: Banette\n|-item|p1b: Chimecho|Sitrus Berry|[from] ability: Frisk|[of] p2b: Banette\n|turn|1\n|\n|t:|1788308056\n|detailschange|p1a: Blastoise|Blastoise-Mega, L50, F\n|-mega|p1a: Blastoise|Blastoise|Blastoisinite\n|detailschange|p2b: Banette|Banette-Mega, L50, F\n|-mega|p2b: Banette|Banette|Banettite\n|move|p2a: Rotom|Volt Switch|p1a: Blastoise\n|-supereffective|p1a: Blastoise|1\n|-damage|p1a: Blastoise|45/100\n|\n|t:|1788308077\n|switch|p2a: Farigiraf|Farigiraf, L50, F|100/100|[from] Volt Switch\n|move|p1a: Blastoise|Dark Pulse|p2b: Banette\n|-supereffective|p2b: Banette|1\n|-damage|p2b: Banette|0 fnt\n|faint|p2b: Banette\n|move|p1b: Chimecho|Yawn|p2a: Farigiraf\n|-start|p2a: Farigiraf|move: Yawn|[of] p1b: Chimecho\n|\n|upkeep\n|c|☆dvlavi|interesting\n|c|☆dvlavi|wait I calcd for that\n|c|☆dvlavi|and evs full hp spc def what\n|c|☆dvlavi|well ggs\n|\n|t:|1788308131\n|switch|p2b: Rotom|Rotom-Wash, L50|100/100\n|turn|2\n|c|☆SGEPKC203|full spdef too?\n|c|☆dvlavi|ya\n|c|☆SGEPKC203|that is weird\n|c|☆SGEPKC203|unless that was the highest possible roll or something\n|\n|t:|1788308175\n|switch|p2a: Torkoal|Torkoal, L50, M|100/100\n|-weather|SunnyDay|[from] ability: Drought|[of] p2a: Torkoal\n|move|p1a: Blastoise|Protect|p1a: Blastoise\n|-singleturn|p1a: Blastoise|Protect\n|move|p2b: Rotom|Thunderbolt|p1a: Blastoise\n|-activate|p1a: Blastoise|move: Protect\n|move|p1b: Chimecho|Trick Room|p1b: Chimecho\n|-fieldstart|move: Trick Room|[of] p1b: Chimecho\n|\n|-weather|SunnyDay|[upkeep]\n|upkeep\n|turn|3\n|\n|t:|1788308199\n|switch|p1a: Altaria|Altaria, L50, F|100/100\n|-ability|p1a: Altaria|Cloud Nine\n|move|p2a: Torkoal|Weather Ball|p1b: Chimecho\n|-damage|p1b: Chimecho|91/100\n|move|p1b: Chimecho|Yawn|p2a: Torkoal\n|-start|p2a: Torkoal|move: Yawn|[of] p1b: Chimecho\n|move|p2b: Rotom|Thunderbolt|p1a: Altaria\n|-damage|p1a: Altaria|62/100\n|\n|-weather|SunnyDay|[upkeep]\n|upkeep\n|turn|4\n|c|☆dvlavi|man forgetting about altaria ability fucked me so bad\n|c|☆dvlavi|cuz I just looked at mega\n|c|☆dvlavi|two solar beams, synth, weather ball\n|c|☆dvlavi|half my team cant do nothin\n|c|☆SGEPKC203|i mean its not over\n|c|☆SGEPKC203|sill close\n|\n|t:|1788308302\n|switch|p2a: Farigiraf|Farigiraf, L50, F|100/100\n|move|p1b: Chimecho|Yawn|p2b: Rotom\n|-start|p2b: Rotom|move: Yawn|[of] p1b: Chimecho\n|move|p1a: Altaria|Roost|p1a: Altaria\n|-heal|p1a: Altaria|100/100\n|-singleturn|p1a: Altaria|move: Roost\n|move|p2b: Rotom|Hydro Pump|p1b: Chimecho\n|-damage|p1b: Chimecho|48/100\n|-enditem|p1b: Chimecho|Sitrus Berry|[eat]\n|-heal|p1b: Chimecho|73/100|[from] item: Sitrus Berry\n|\n|-weather|SunnyDay|[upkeep]\n|upkeep\n|turn|5\n|\n|t:|1788308338\n|switch|p2b: Torkoal|Torkoal, L50, M|100/100\n|move|p1b: Chimecho|Imprison|p1b: Chimecho\n|-start|p1b: Chimecho|move: Imprison\n|move|p1a: Altaria|Brave Bird|p2a: Farigiraf\n|-damage|p2a: Farigiraf|58/100\n|-damage|p1a: Altaria|85/100|[from] Recoil\n|move|p2a: Farigiraf|Dazzling Gleam|p1b: Chimecho|[spread] p1a,p1b\n|-supereffective|p1a: Altaria|1\n|-damage|p1a: Altaria|54/100\n|-damage|p1b: Chimecho|58/100\n|\n|-weather|SunnyDay|[upkeep]\n|upkeep\n|turn|6\n|\n|t:|1788308395\n|move|p2b: Torkoal|Helping Hand|p2a: Farigiraf\n|-singleturn|p2a: Farigiraf|Helping Hand|[of] p2b: Torkoal\n|move|p1b: Chimecho|Yawn|p2a: Farigiraf\n|-start|p2a: Farigiraf|move: Yawn|[of] p1b: Chimecho\n|move|p1a: Altaria|Roost|p1a: Altaria\n|-heal|p1a: Altaria|100/100\n|-singleturn|p1a: Altaria|move: Roost\n|move|p2a: Farigiraf|Dazzling Gleam|p1b: Chimecho|[spread] p1a,p1b\n|-supereffective|p1a: Altaria|1\n|-damage|p1a: Altaria|46/100\n|-damage|p1b: Chimecho|37/100\n|\n|-weather|none\n|-fieldend|move: Trick Room\n|upkeep\n|turn|7\n|\n|t:|1788308505\n|switch|p2a: Rotom|Rotom-Wash, L50|100/100\n|switch|p1b: Sneasler|Sneasler, L50, F|100/100\n|move|p1a: Altaria|Protect|p1a: Altaria\n|-singleturn|p1a: Altaria|Protect\n|move|p2b: Torkoal|Weather Ball|p1a: Altaria\n|-activate|p1a: Altaria|move: Protect\n|\n|upkeep\n|turn|8\n|c|☆SGEPKC203|man this is tough\n|c|☆SGEPKC203|sorry for the long wait\n|c|☆dvlavi|np\n|\n|t:|1788308682\n|switch|p2b: Farigiraf|Farigiraf, L50, F|58/100\n|move|p2a: Rotom|Protect|p2a: Rotom\n|-singleturn|p2a: Rotom|Protect\n|move|p1b: Sneasler|Close Combat|p2b: Farigiraf\n|-damage|p2b: Farigiraf|0 fnt\n|-unboost|p1b: Sneasler|def|1\n|-unboost|p1b: Sneasler|spd|1\n|faint|p2b: Farigiraf\n|move|p1a: Altaria|Roost|p1a: Altaria\n|-heal|p1a: Altaria|96/100\n|-singleturn|p1a: Altaria|move: Roost\n|\n|upkeep\n|c|☆dvlavi|ggs\n|\n|t:|1788308697\n|switch|p2b: Torkoal|Torkoal, L50, M|100/100\n|-weather|SunnyDay|[from] ability: Drought|[of] p2b: Torkoal\n|turn|9\n|c|☆SGEPKC203|thank god i got the 50/50 right\n|\n|t:|1788308717\n|switch|p1b: Chimecho|Chimecho, L50, F|37/100\n|move|p2b: Torkoal|Helping Hand|p2a: Rotom\n|-singleturn|p2a: Rotom|Helping Hand|[of] p2b: Torkoal\n|move|p2a: Rotom|Thunderbolt|p1a: Altaria\n|-damage|p1a: Altaria|41/100\n|move|p1a: Altaria|Brave Bird|p2a: Rotom\n|-resisted|p2a: Rotom|1\n|-damage|p2a: Rotom|80/100\n|-damage|p1a: Altaria|35/100|[from] Recoil\n|\n|-weather|SunnyDay|[upkeep]\n|upkeep\n|turn|10\n|\n|t:|1788308762\n|move|p2a: Rotom|Thunderbolt|p1b: Chimecho\n|-damage|p1b: Chimecho|1/100\n|move|p1a: Altaria|Roost|p1a: Altaria\n|-heal|p1a: Altaria|85/100\n|-singleturn|p1a: Altaria|move: Roost\n|move|p1b: Chimecho|Yawn|p2a: Rotom\n|-start|p2a: Rotom|move: Yawn|[of] p1b: Chimecho\n|move|p2b: Torkoal|Weather Ball|p1b: Chimecho\n|-damage|p1b: Chimecho|0 fnt\n|faint|p1b: Chimecho\n|\n|-weather|SunnyDay|[upkeep]\n|upkeep\n|\n|t:|1788308770\n|switch|p1b: Sneasler|Sneasler, L50, F|100/100\n|turn|11\n|c|☆dvlavi|didnt I think I needed helping\n|c|☆dvlavi|damn\n|c|☆SGEPKC203|max HP and spdef chimecho\n|c|☆dvlavi|well not that it rly matters\n|c|☆dvlavi|torkoal cant do nothing lmao\n|\n|t:|1788308808\n|move|p2b: Torkoal|Helping Hand|p2a: Rotom\n|-singleturn|p2a: Rotom|Helping Hand|[of] p2b: Torkoal\n|move|p1b: Sneasler|Fake Out|p2a: Rotom\n|-damage|p2a: Rotom|64/100\n|cant|p2a: Rotom|flinch\n|move|p1a: Altaria|Brave Bird|p2b: Torkoal\n|-damage|p2b: Torkoal|71/100\n|-damage|p1a: Altaria|76/100|[from] Recoil\n|\n|-weather|SunnyDay|[upkeep]\n|-end|p2a: Rotom|move: Yawn|[silent]\n|-status|p2a: Rotom|slp\n|upkeep\n|turn|12\n|\n|t:|1788308830\n|move|p1b: Sneasler|Close Combat|p2a: Rotom\n|-damage|p2a: Rotom|0 fnt\n|-unboost|p1b: Sneasler|def|1\n|-unboost|p1b: Sneasler|spd|1\n|faint|p2a: Rotom\n|move|p1a: Altaria|Brave Bird|p2b: Torkoal\n|-damage|p2b: Torkoal|41/100\n|-damage|p1a: Altaria|67/100|[from] Recoil\n|move|p2b: Torkoal|Weather Ball|p1b: Sneasler\n|-damage|p1b: Sneasler|76/100\n|\n|-weather|SunnyDay|[upkeep]\n|upkeep\n|turn|13\n|c|☆SGEPKC203|ggs\n|c|☆dvlavi|Im so confused about that dark pulse t1 tho\n|\n|t:|1788308850\n|move|p1b: Sneasler|Close Combat|p2b: Torkoal\n|-damage|p2b: Torkoal|0 fnt\n|-unboost|p1b: Sneasler|def|1\n|-unboost|p1b: Sneasler|spd|1\n|faint|p2b: Torkoal\n|\n|win|SGEPKC203\n|c|☆dvlavi|gg\n|c|☆SGEPKC203|yeah same going to hav run calcs after\n|c|☆dvlavi|not like g3 mattered though needed to 2-0 to ever survive\n|c|☆dvlavi|so good on you\n|c|☆SGEPKC203|that was actually the most stressful match ive ever had in this server\n|c|☆SGEPKC203|ggs fr\n|c|☆SGEPKC203|i'll get replays\n","uploadtime":1788308944,"views":"28","formatid":"gen9championsvgc2026regmb","rating":null,"private":0,"password":null}