{"id":"gen9championsvgc2026regmbbo3-2673957157","format":"[Gen 9 Champions] VGC 2026 Reg M-B (Bo3)","players":["fritznader002","IBstudios"],"log":"|j|☆fritznader002\n|j|☆IBstudios\n|html|<table width=\"100%\"><tr><td align=\"left\">fritznader002</td><td align=\"right\">IBstudios</tr><tr><td align=\"left\"><i class=\"fa fa-circle\"></i> <i class=\"fa fa-circle-o\"></i> </td><td align=\"right\"><i class=\"fa fa-circle-o\"></i> <i class=\"fa fa-circle-o\"></i> </tr></table>\n|uhtml|bestof|<h2><strong>Game 2</strong> of <a href=\"/game-bestof3-gen9championsvgc2026regmbbo3-2673955887\">a best-of-3</a></h2>\n|t:|1788281661\n|gametype|doubles\n|player|p1|fritznader002|169|1224\n|player|p2|IBstudios|266|1342\n|gen|9\n|tier|[Gen 9 Champions] VGC 2026 Reg M-B (Bo3)\n|rated|\n|rule|Species Clause: Limit one of each Pokémon\n|rule|Item Clause: Limit 1 of each item\n|clearpoke\n|poke|p1|Staraptor, L50, M, shiny|\n|poke|p1|Arcanine-Hisui, L50, M, shiny|\n|poke|p1|Kingambit, L50, M, shiny|\n|poke|p1|Sylveon, L50, F, shiny|\n|poke|p1|Raichu, L50, M, shiny|\n|poke|p1|Farigiraf, L50, F, shiny|\n|poke|p2|Incineroar, L50, F|\n|poke|p2|Dragonite, L50, M|\n|poke|p2|Metagross, L50|\n|poke|p2|Sneasler, L50, F|\n|poke|p2|Primarina, L50, F|\n|poke|p2|Sinistcha-Masterpiece, L50|\n|teampreview|4\n|showteam|p1|Staraptor||Staraptite|Intimidate|DualWingbeat,CloseCombat,Tailwind,Protect|Jolly||M|||50|]Arcanine-Hisui||FocusSash|RockHead|FlareBlitz,HeadSmash,ExtremeSpeed,Protect|Jolly||M|||50|]Kingambit||LifeOrb|Defiant|KowtowCleave,SuckerPunch,SwordsDance,Protect|Adamant||M|||50|]Sylveon||FairyFeather|Pixilate|HyperVoice,HyperBeam,QuickAttack,Detect|Modest||F|||50|]Raichu||RaichuniteY|LightningRod|ZapCannon,FocusBlast,FakeOut,Protect|Timid||M|||50|]Farigiraf||SitrusBerry|ArmorTail|Psychic,HelpingHand,TrickRoom,Protect|Calm||F|||50|\n|showteam|p2|Incineroar||SitrusBerry|Intimidate|FakeOut,FlareBlitz,ThroatChop,PartingShot|Adamant||F|||50|]Dragonite||Dragoninite|Multiscale|DragonPulse,HeatWave,Tailwind,Protect|Modest||M|||50|]Metagross||Metagrossite|ClearBody|PsychicFangs,BulletPunch,BodyPress,Protect|Jolly|||||50|]Sneasler||FocusSash|PoisonTouch|CloseCombat,PoisonJab,FakeOut,Protect|Jolly||F|||50|]Primarina||LifeOrb|LiquidVoice|HyperVoice,Moonblast,CalmMind,Protect|Modest||F|||50|]Sinistcha-Masterpiece||KasibBerry|Hospitality|MatchaGotcha,TrickRoom,RagePowder,Protect|Modest|||||50|\n|\n|t:|1788281690\n|teamsize|p1|4\n|teamsize|p2|4\n|start\n|switch|p1a: Big Chu|Raichu, L50, M, shiny|100/100\n|switch|p1b: Sadie Sink|Sylveon, L50, F, shiny|100/100\n|switch|p2a: Dragonite|Dragonite, L50, M|100/100\n|switch|p2b: Metagross|Metagross, L50|100/100\n|turn|1\n|\n|t:|1788281701\n|switch|p1b: Fridge|Farigiraf, L50, F, shiny|100/100\n|detailschange|p1a: Big Chu|Raichu-Mega-Y, L50, M, shiny\n|-mega|p1a: Big Chu|Raichu|Raichunite Y\n|detailschange|p2b: Metagross|Metagross-Mega, L50\n|-mega|p2b: Metagross|Metagross|Metagrossite\n|move|p1a: Big Chu|Zap Cannon|p2b: Metagross\n|-damage|p2b: Metagross|32/100\n|-status|p2b: Metagross|par\n|move|p2a: Dragonite|Tailwind|p2a: Dragonite\n|-sidestart|p2: IBstudios|move: Tailwind\n|move|p2b: Metagross|Psychic Fangs|p1a: Big Chu\n|-damage|p1a: Big Chu|1/100\n|\n|upkeep\n|turn|2\n|\n|t:|1788281720\n|move|p2a: Dragonite|Heat Wave|p1a: Big Chu|[spread] p1a,p1b\n|-damage|p1a: Big Chu|0 fnt\n|-damage|p1b: Fridge|84/100\n|faint|p1a: Big Chu\n|move|p2b: Metagross|Body Press|p1b: Fridge\n|-damage|p1b: Fridge|50/100y\n|-enditem|p1b: Fridge|Sitrus Berry|[eat]\n|-heal|p1b: Fridge|75/100|[from] item: Sitrus Berry\n|move|p1b: Fridge|Trick Room|p1b: Fridge\n|-fieldstart|move: Trick Room|[of] p1b: Fridge\n|\n|upkeep\n|\n|t:|1788281723\n|switch|p1a: Sadie Sink|Sylveon, L50, F, shiny|100/100\n|turn|3\n|\n|t:|1788281743\n|move|p1b: Fridge|Helping Hand|p1a: Sadie Sink\n|-singleturn|p1a: Sadie Sink|Helping Hand|[of] p1b: Fridge\n|move|p2b: Metagross|Protect|p2b: Metagross\n|-singleturn|p2b: Metagross|Protect\n|move|p1a: Sadie Sink|Hyper Voice|p2a: Dragonite|[spread] p2a\n|-activate|p2b: Metagross|move: Protect\n|-supereffective|p2a: Dragonite|1\n|-damage|p2a: Dragonite|33/100\n|move|p2a: Dragonite|Heat Wave|p1b: Fridge|[spread] \n|-miss|p2a: Dragonite|p1a: Sadie Sink\n|-miss|p2a: Dragonite|p1b: Fridge\n|\n|upkeep\n|turn|4\n|\n|t:|1788281778\n|switch|p2b: Primarina|Primarina, L50, F|100/100\n|move|p1b: Fridge|Helping Hand|p1a: Sadie Sink\n|-singleturn|p1a: Sadie Sink|Helping Hand|[of] p1b: Fridge\n|move|p1a: Sadie Sink|Hyper Voice|p2a: Dragonite|[spread] p2a,p2b\n|-supereffective|p2a: Dragonite|1\n|-damage|p2a: Dragonite|0 fnt\n|-damage|p2b: Primarina|44/100\n|faint|p2a: Dragonite\n|\n|-sideend|p2: IBstudios|move: Tailwind\n|upkeep\n|\n|t:|1788281785\n|switch|p2a: Metagross|Metagross-Mega, L50|32/100 par\n|turn|5\n|\n|t:|1788281794\n|move|p1b: Fridge|Helping Hand|p1a: Sadie Sink\n|-singleturn|p1a: Sadie Sink|Helping Hand|[of] p1b: Fridge\n|move|p2b: Primarina|Hyper Voice|p1b: Fridge|[spread] p1a,p1b\n|-damage|p1a: Sadie Sink|62/100\n|-damage|p1b: Fridge|34/100\n|-damage|p2b: Primarina|34/100|[from] item: Life Orb\n|move|p2a: Metagross|Psychic Fangs|p1a: Sadie Sink\n|-damage|p1a: Sadie Sink|0 fnt\n|faint|p1a: Sadie Sink\n|\n|upkeep\n|\n|t:|1788281804\n|switch|p1a: WrathofKhan|Kingambit, L50, M, shiny|100/100\n|turn|6\n|\n|t:|1788281816\n|move|p1a: WrathofKhan|Kowtow Cleave|p2a: Metagross\n|-supereffective|p2a: Metagross|1\n|-crit|p2a: Metagross\n|-damage|p2a: Metagross|0 fnt\n|faint|p2a: Metagross\n|-damage|p1a: WrathofKhan|90/100|[from] item: Life Orb\n|move|p1b: Fridge|Psychic|p2b: Primarina\n|-damage|p2b: Primarina|4/100\n|move|p2b: Primarina|Hyper Voice|p1b: Fridge|[spread] p1a,p1b\n|-damage|p1a: WrathofKhan|44/100\n|-damage|p1b: Fridge|0 fnt\n|faint|p1b: Fridge\n|-damage|p2b: Primarina|0 fnt|[from] item: Life Orb\n|faint|p2b: Primarina\n|\n|-fieldend|move: Trick Room\n|upkeep\n|\n|t:|1788281827\n|switch|p2b: Sneasler|Sneasler, L50, F|100/100\n|turn|7\n|\n|t:|1788281833\n|move|p1a: WrathofKhan|Sucker Punch|p2b: Sneasler\n|-resisted|p2b: Sneasler|1\n|-damage|p2b: Sneasler|56/100\n|-damage|p1a: WrathofKhan|35/100|[from] item: Life Orb\n|move|p2b: Sneasler|Close Combat|p1a: WrathofKhan\n|-supereffective|p1a: WrathofKhan|2\n|-damage|p1a: WrathofKhan|0 fnt\n|-unboost|p2b: Sneasler|def|1\n|-unboost|p2b: Sneasler|spd|1\n|faint|p1a: WrathofKhan\n|\n|win|IBstudios\n||IBstudios is ready for game 3.\n||fritznader002 is ready for game 3.\n|uhtml|next|Next: <a href=\"/battle-gen9championsvgc2026regmbbo3-2673958675\"><strong>Game 3 of 3</strong></a>\n|l|☆fritznader002\n|player|p1|\n","uploadtime":1788282171,"views":"0","formatid":"gen9championsvgc2026regmbbo3","rating":null,"private":0,"password":null}