{"id":"gen9championsvgc2026regmb-2673946514","format":"[Gen 9 Champions] VGC 2026 Reg M-B","players":["Kylen33","notbloodmask"],"log":"|j|☆Kylen33\n|j|☆notbloodmask\n|t:|1788280424\n|gametype|doubles\n|player|p1|Kylen33|170|1134\n|player|p2|notbloodmask|unknown|1193\n|gen|9\n|tier|[Gen 9 Champions] VGC 2026 Reg M-B\n|rated|\n|rule|Species Clause: Limit one of each Pokémon\n|rule|Item Clause: Limit 1 of each item\n|clearpoke\n|poke|p1|Charizard, L50, M|\n|poke|p1|Aerodactyl, L50, M|\n|poke|p1|Garchomp, L50, M|\n|poke|p1|Sylveon, L50, M|\n|poke|p1|Kingambit, L50, M|\n|poke|p1|Farigiraf, L50, M|\n|poke|p2|Rotom-Wash, L50|\n|poke|p2|Garchomp, L50, F|\n|poke|p2|Incineroar, L50, M|\n|poke|p2|Sinistcha, L50|\n|poke|p2|Venusaur, L50, M|\n|poke|p2|Dragapult, L50, M|\n|teampreview|4\n|inactive|Battle timer is ON: inactive players will automatically lose when time's up. (requested by Kylen33)\n|\n|t:|1788280474\n|teamsize|p1|4\n|teamsize|p2|4\n|start\n|switch|p1a: Charizard|Charizard, L50, M|100/100\n|switch|p1b: Kingambit|Kingambit, L50, M|100/100\n|switch|p2a: Garchomp|Garchomp, L50, F|100/100\n|switch|p2b: Rotom|Rotom-Wash, L50|100/100\n|turn|1\n|inactive|Kylen33 has 30 seconds left.\n|inactive|Kylen33 has 20 seconds left.\n|\n|t:|1788280512\n|detailschange|p1a: Charizard|Charizard-Mega-Y, L50, M\n|-mega|p1a: Charizard|Charizard|Charizardite Y\n|-weather|SunnyDay|[from] ability: Drought|[of] p1a: Charizard\n|move|p2a: Garchomp|Rock Slide|p1a: Charizard|[spread] p1b\n|-miss|p2a: Garchomp|p1a: Charizard\n|-resisted|p1b: Kingambit|1\n|-damage|p1b: Kingambit|90/100\n|-damage|p2a: Garchomp|90/100|[from] item: Life Orb\n|move|p1a: Charizard|Solar Beam||[still]\n|-prepare|p1a: Charizard|Solar Beam\n|-anim|p1a: Charizard|Solar Beam|p2b: Rotom\n|-supereffective|p2b: Rotom|1\n|-damage|p2b: Rotom|0 fnt\n|faint|p2b: Rotom\n|move|p1b: Kingambit|Kowtow Cleave|p2a: Garchomp\n|-damage|p2a: Garchomp|44/100\n|-damage|p1b: Kingambit|78/100|[from] ability: Rough Skin|[of] p2a: Garchomp\n|\n|-weather|SunnyDay|[upkeep]\n|upkeep\n|\n|t:|1788280529\n|switch|p2b: Incineroar|Incineroar, L50, M|100/100\n|-ability|p2b: Incineroar|Intimidate|boost\n|-unboost|p1a: Charizard|atk|1\n|-unboost|p1b: Kingambit|atk|1\n|-ability|p1b: Kingambit|Defiant|boost\n|-boost|p1b: Kingambit|atk|2\n|turn|2\n|\n|t:|1788280545\n|switch|p1a: Sylveon|Sylveon, L50, M|100/100\n|move|p1b: Kingambit|Protect|p1b: Kingambit\n|-singleturn|p1b: Kingambit|Protect\n|move|p2b: Incineroar|Fake Out|p1b: Kingambit\n|-activate|p1b: Kingambit|move: Protect\n|move|p2a: Garchomp|Rock Slide|p1b: Kingambit|[spread] \n|-activate|p1b: Kingambit|move: Protect\n|-miss|p2a: Garchomp|p1a: Sylveon\n|\n|-weather|SunnyDay|[upkeep]\n|upkeep\n|turn|3\n|\n|t:|1788280569\n|switch|p2a: Venusaur|Venusaur, L50, M|100/100\n|switch|p1b: Garchomp|Garchomp, L50, M|100/100\n|move|p1a: Sylveon|Hyper Voice|p2a: Venusaur|[spread] p2a,p2b\n|-resisted|p2a: Venusaur|1\n|-damage|p2a: Venusaur|78/100\n|-damage|p2b: Incineroar|61/100\n|move|p2b: Incineroar|Flare Blitz|p1b: Garchomp\n|-resisted|p1b: Garchomp|1\n|-damage|p1b: Garchomp|59/100\n|-damage|p2b: Incineroar|48/100|[from] ability: Rough Skin|[of] p1b: Garchomp\n|-damage|p2b: Incineroar|35/100|[from] Recoil\n|\n|-weather|SunnyDay|[upkeep]\n|upkeep\n|turn|4\n|inactive|notbloodmask has 30 seconds left.\n|inactive|notbloodmask has 20 seconds left.\n|\n|t:|1788280604\n|move|p2a: Venusaur|Sleep Powder|p1b: Garchomp\n|-status|p1b: Garchomp|slp|[from] move: Sleep Powder\n|cant|p1b: Garchomp|slp\n|move|p1a: Sylveon|Hyper Voice|p2b: Incineroar|[spread] p2a,p2b\n|-resisted|p2a: Venusaur|1\n|-damage|p2a: Venusaur|54/100\n|-damage|p2b: Incineroar|0 fnt\n|faint|p2b: Incineroar\n|\n|-weather|SunnyDay|[upkeep]\n|upkeep\n|\n|t:|1788280613\n|switch|p2b: Garchomp|Garchomp, L50, F|44/100\n|turn|5\n|\n|t:|1788280628\n|switch|p1b: Kingambit|Kingambit, L50, M|78/100\n|detailschange|p2a: Venusaur|Venusaur-Mega, L50, M\n|-mega|p2a: Venusaur|Venusaur|Venusaurite\n|move|p2b: Garchomp|Dragon Claw|p1b: Kingambit\n|-resisted|p1b: Kingambit|1\n|-damage|p1b: Kingambit|54/100\n|-damage|p2b: Garchomp|34/100|[from] item: Life Orb\n|move|p2a: Venusaur|Sludge Bomb|p1a: Sylveon\n|-supereffective|p1a: Sylveon|1\n|-damage|p1a: Sylveon|38/100\n|move|p1a: Sylveon|Hyper Voice|p2b: Garchomp|[spread] p2a,p2b\n|-resisted|p2a: Venusaur|1\n|-supereffective|p2b: Garchomp|1\n|-damage|p2a: Venusaur|33/100\n|-damage|p2b: Garchomp|0 fnt\n|faint|p2b: Garchomp\n|\n|-weather|none\n|upkeep\n|turn|6\n|\n|t:|1788280651\n|move|p2a: Venusaur|Sludge Bomb|p1a: Sylveon\n|-supereffective|p1a: Sylveon|1\n|-damage|p1a: Sylveon|0 fnt\n|faint|p1a: Sylveon\n|move|p1b: Kingambit|Kowtow Cleave|p2a: Venusaur\n|-damage|p2a: Venusaur|0 fnt\n|faint|p2a: Venusaur\n|\n|win|Kylen33\n|raw|Kylen33's rating: 1134 &rarr; <strong>1163</strong><br />(+29 for winning)\n|raw|notbloodmask's rating: 1193 &rarr; <strong>1164</strong><br />(-29 for losing)\n","uploadtime":1788280658,"views":"1","formatid":"gen9championsvgc2026regmb","rating":1163,"private":0,"password":null}