{"id":"gen9championsvgc2026regmbbo3-2674859131","format":"[Gen 9 Champions] VGC 2026 Reg M-B (Bo3)","players":["ethalem","khangforvn"],"log":"|j|☆ethalem\n|j|☆khangforvn\n|html|<table width=\"100%\"><tr><td align=\"left\">ethalem</td><td align=\"right\">khangforvn</tr><tr><td align=\"left\"><i class=\"fa fa-circle\"></i> <i class=\"fa fa-circle-o\"></i> </td><td align=\"right\"><i class=\"fa fa-circle-o\"></i> <i class=\"fa fa-circle-o\"></i> </tr></table>\n|uhtml|bestof|<h2><strong>Game 2</strong> of <a href=\"/game-bestof3-gen9championsvgc2026regmbbo3-2674858414\">a best-of-3</a></h2>\n|t:|1788423007\n|gametype|doubles\n|player|p1|ethalem|acetrainer-gen4dp|1074\n|player|p2|khangforvn|lucas|1133\n|gen|9\n|tier|[Gen 9 Champions] VGC 2026 Reg M-B (Bo3)\n|rated|\n|rule|Species Clause: Limit one of each Pokémon\n|rule|Item Clause: Limit 1 of each item\n|clearpoke\n|poke|p1|Dragonite, L50, M|\n|poke|p1|Sneasler, L50, F|\n|poke|p1|Basculegion, L50, M|\n|poke|p1|Kingambit, L50, M|\n|poke|p1|Garchomp, L50, M|\n|poke|p1|Floette-Eternal, L50, F|\n|poke|p2|Staraptor, L50, M|\n|poke|p2|Whimsicott, L50, F|\n|poke|p2|Garchomp, L50, M|\n|poke|p2|Delphox, L50, F, shiny|\n|poke|p2|Milotic, L50, F, shiny|\n|poke|p2|Kingambit, L50, M|\n|teampreview|4\n|showteam|p1|Dragonite||Dragoninite|Multiscale|DragonPulse,HeatWave,ExtremeSpeed,Protect|Modest||M|||50|]Sneasler||FocusSash|PoisonTouch|CloseCombat,DireClaw,FakeOut,Feint|Jolly||F|||50|]Basculegion||LifeOrb|Adaptability|WaveCrash,LastRespects,AquaJet,Protect|Adamant||M|||50|]Kingambit||ChopleBerry|Defiant|SuckerPunch,KowtowCleave,LowKick,IronHead|Adamant||M|||50|]Garchomp||ChoiceScarf|RoughSkin|DragonClaw,StompingTantrum,Earthquake,RockSlide|Adamant||M|||50|]Floette-Eternal||Floettite|FlowerVeil|Moonblast,DazzlingGleam,LightofRuin,Protect|Timid||F|||50|\n|showteam|p2|Staraptor||Staraptite|Intimidate|CloseCombat,DualWingbeat,Protect,Roost|Serious||M|||50|]Whimsicott||FocusSash|Prankster|Tailwind,Charm,Moonblast,Encore|Timid||F|||50|]Garchomp||LifeOrb|RoughSkin|RockSlide,StompingTantrum,IronHead,Protect|Jolly||M|||50|]Delphox||Delphoxite|Magician|HeatWave,Psychic,Protect,GrassKnot|Modest||F|||50|]Milotic||Leftovers|Competitive|Scald,IcyWind,Recover,Protect|Timid||F|||50|]Kingambit||BlackGlasses|Defiant|KowtowCleave,IronHead,Protect,SuckerPunch|Jolly||M|||50|\n|inactive|Battle timer is ON: inactive players will automatically lose when time's up. (requested by ethalem)\n|\n|t:|1788423029\n|teamsize|p1|4\n|teamsize|p2|4\n|start\n|switch|p1a: Floette|Floette-Eternal, L50, F|100/100\n|switch|p1b: Kingambit|Kingambit, L50, M|100/100\n|switch|p2a: Whimsicott|Whimsicott, L50, F|100/100\n|switch|p2b: Garchomp|Garchomp, L50, M|100/100\n|turn|1\n|\n|t:|1788423045\n|detailschange|p1a: Floette|Floette-Mega, L50, F\n|-mega|p1a: Floette|Floette|Floettite\n|-ability|p1a: Floette|Fairy Aura\n|move|p2a: Whimsicott|Tailwind|p2a: Whimsicott\n|-sidestart|p2: khangforvn|move: Tailwind\n|move|p1b: Kingambit|Sucker Punch|p2b: Garchomp\n|-damage|p2b: Garchomp|60/100\n|-damage|p1b: Kingambit|87/100|[from] ability: Rough Skin|[of] p2b: Garchomp\n|move|p2b: Garchomp|Iron Head|p1a: Floette\n|-supereffective|p1a: Floette|1\n|-damage|p1a: Floette|6/100\n|-damage|p2b: Garchomp|50/100g|[from] item: Life Orb\n|move|p1a: Floette|Dazzling Gleam|p2a: Whimsicott|[spread] p2a,p2b\n|-supereffective|p2b: Garchomp|1\n|-damage|p2a: Whimsicott|42/100\n|-damage|p2b: Garchomp|0 fnt\n|faint|p2b: Garchomp\n|\n|upkeep\n|\n|t:|1788423055\n|switch|p2b: Milotic|Milotic, L50, F, shiny|100/100\n|turn|2\n|\n|t:|1788423077\n|move|p1a: Floette|Protect|p1a: Floette\n|-singleturn|p1a: Floette|Protect\n|move|p1b: Kingambit|Sucker Punch|p2a: Whimsicott\n|-resisted|p2a: Whimsicott|1\n|-damage|p2a: Whimsicott|20/100y\n|move|p2a: Whimsicott|Moonblast|p1a: Floette\n|-activate|p1a: Floette|move: Protect\n|move|p2b: Milotic|Scald|p1b: Kingambit\n|-crit|p1b: Kingambit\n|-damage|p1b: Kingambit|41/100\n|-status|p1b: Kingambit|brn\n|\n|-damage|p1b: Kingambit|35/100 brn|[from] brn\n|upkeep\n|turn|3\n|inactive|ethalem has 30 seconds left.\n|\n|t:|1788423105\n|switch|p1a: Sneasler|Sneasler, L50, F|100/100\n|move|p2a: Whimsicott|Encore||[still]\n|-fail|p2a: Whimsicott\n|move|p2b: Milotic|Scald|p1b: Kingambit\n|-damage|p1b: Kingambit|7/100 brn\n|move|p1b: Kingambit|Iron Head|p2a: Whimsicott\n|-supereffective|p2a: Whimsicott|1\n|-damage|p2a: Whimsicott|0 fnt\n|faint|p2a: Whimsicott\n|\n|-damage|p1b: Kingambit|1/100 brn|[from] brn\n|upkeep\n|\n|t:|1788423121\n|switch|p2a: Delphox|Delphox, L50, F, shiny|100/100\n|turn|4\n|\n|t:|1788423142\n|move|p2a: Delphox|Protect|p2a: Delphox\n|-singleturn|p2a: Delphox|Protect\n|move|p1a: Sneasler|Fake Out|p2b: Milotic\n|-damage|p2b: Milotic|85/100\n|-status|p2b: Milotic|psn|[from] ability: Poison Touch|[of] p1a: Sneasler\n|move|p1b: Kingambit|Sucker Punch||[still]\n|-fail|p1b: Kingambit\n|cant|p2b: Milotic|flinch\n|\n|-heal|p2b: Milotic|91/100 psn|[from] item: Leftovers\n|-damage|p2b: Milotic|79/100 psn|[from] psn\n|-damage|p1b: Kingambit|0 fnt|[from] brn\n|faint|p1b: Kingambit\n|-sideend|p2: khangforvn|move: Tailwind\n|upkeep\n|\n|t:|1788423147\n|switch|p1b: Basculegion|Basculegion, L50, M|100/100\n|turn|5\n|\n|t:|1788423165\n|detailschange|p2a: Delphox|Delphox-Mega, L50, F, shiny\n|-mega|p2a: Delphox|Delphox|Delphoxite\n|move|p1a: Sneasler|Feint|p2a: Delphox\n|-damage|p2a: Delphox|84/100\n|move|p1b: Basculegion|Aqua Jet|p2a: Delphox\n|-supereffective|p2a: Delphox|1\n|-damage|p2a: Delphox|0 fnt\n|faint|p2a: Delphox\n|-damage|p1b: Basculegion|90/100|[from] item: Life Orb\n|move|p2b: Milotic|Scald|p1a: Sneasler\n|-damage|p1a: Sneasler|55/100\n|-status|p1a: Sneasler|brn\n|\n|-heal|p2b: Milotic|85/100 psn|[from] item: Leftovers\n|-damage|p2b: Milotic|72/100 psn|[from] psn\n|-damage|p1a: Sneasler|49/100 brn|[from] brn\n|upkeep\n|turn|6\n|-message|khangforvn forfeited.\n|raw|ethalem's rating: 1074 &rarr; <strong>1108</strong><br />(+34 for winning)\n|raw|khangforvn's rating: 1133 &rarr; <strong>1104</strong><br />(-29 for losing)\n|\n|win|ethalem\n","uploadtime":1788423181,"views":"5","formatid":"gen9championsvgc2026regmbbo3","rating":1104,"private":0,"password":null}