{"id":"gen9championsvgc2026regmb-2674905818","format":"[Gen 9 Champions] VGC 2026 Reg M-B","players":["rilevs","Thornlace48812"],"log":"|j|☆rilevs\n|j|☆Thornlace48812\n|t:|1788433412\n|gametype|doubles\n|player|p1|rilevs|roxie|1293\n|player|p2|Thornlace48812|102|1270\n|gen|9\n|tier|[Gen 9 Champions] VGC 2026 Reg M-B\n|rated|\n|rule|Species Clause: Limit one of each Pokémon\n|rule|Item Clause: Limit 1 of each item\n|clearpoke\n|poke|p1|Staraptor, L50, F|\n|poke|p1|Metagross, L50|\n|poke|p1|Farigiraf, L50, F|\n|poke|p1|Whimsicott, L50, M|\n|poke|p1|Garchomp, L50, M|\n|poke|p1|Ceruledge, L50, F|\n|poke|p2|Garchomp, L50, F|\n|poke|p2|Charizard, L50, M|\n|poke|p2|Whimsicott, L50, F|\n|poke|p2|Sylveon, L50, F|\n|poke|p2|Kingambit, L50, M|\n|poke|p2|Basculegion, L50, M|\n|teampreview|4\n|inactive|Battle timer is ON: inactive players will automatically lose when time's up. (requested by Thornlace48812)\nThornlace48812 rejected open team sheets.\n|\n|t:|1788433431\n|teamsize|p1|4\n|teamsize|p2|4\n|start\n|switch|p1a: Metagross|Metagross, L50|100/100\n|switch|p1b: Garchomp|Garchomp, L50, M|100/100\n|switch|p2a: Charizard|Charizard, L50, M|100/100\n|switch|p2b: Whimsicott|Whimsicott, L50, F|100/100\n|turn|1\n|\n|t:|1788433439\n|switch|p1a: Ceruledge|Ceruledge, L50, F|100/100\n|move|p2a: Charizard|Protect|p2a: Charizard\n|-singleturn|p2a: Charizard|Protect\n|move|p2b: Whimsicott|Moonblast|p1b: Garchomp\n|-supereffective|p1b: Garchomp|1\n|-damage|p1b: Garchomp|25/100\n|move|p1b: Garchomp|Rock Slide|p2a: Charizard|[spread] p2b\n|-activate|p2a: Charizard|move: Protect\n|-damage|p2b: Whimsicott|62/100\n|-damage|p1b: Garchomp|15/100|[from] item: Life Orb\n|\n|upkeep\n|turn|2\n|\n|t:|1788433459\n|detailschange|p2a: Charizard|Charizard-Mega-Y, L50, M\n|-mega|p2a: Charizard|Charizard|Charizardite Y\n|-weather|SunnyDay|[from] ability: Drought|[of] p2a: Charizard\n|move|p2b: Whimsicott|Tailwind|p2b: Whimsicott\n|-sidestart|p2: Thornlace48812|move: Tailwind\n|move|p1a: Ceruledge|Shadow Sneak|p2b: Whimsicott\n|-crit|p2b: Whimsicott\n|-damage|p2b: Whimsicott|13/100\n|move|p2a: Charizard|Heat Wave|p1b: Garchomp|[spread] p1b\n|-start|p1a: Ceruledge|ability: Flash Fire\n|-resisted|p1b: Garchomp|1\n|-damage|p1b: Garchomp|0 fnt\n|faint|p1b: Garchomp\n|\n|-weather|SunnyDay|[upkeep]\n|upkeep\n|\n|t:|1788433471\n|switch|p1b: Farigiraf|Farigiraf, L50, F|100/100\n|turn|3\n|\n|t:|1788433477\n|move|p1a: Ceruledge|Shadow Sneak|p2b: Whimsicott\n|-damage|p2b: Whimsicott|0 fnt\n|faint|p2b: Whimsicott\n|move|p2a: Charizard|Heat Wave|p1b: Farigiraf|[spread] p1b\n|-immune|p1a: Ceruledge|[from] ability: Flash Fire\n|-damage|p1b: Farigiraf|44/100\n|-enditem|p1b: Farigiraf|Sitrus Berry|[eat]\n|-heal|p1b: Farigiraf|69/100|[from] item: Sitrus Berry\n|move|p1b: Farigiraf|Thunderbolt|p2a: Charizard\n|-supereffective|p2a: Charizard|1\n|-damage|p2a: Charizard|51/100\n|\n|-weather|SunnyDay|[upkeep]\n|upkeep\n|\n|t:|1788433479\n|switch|p2b: Sylveon|Sylveon, L50, F|100/100\n|turn|4\n|\n|t:|1788433498\n|move|p2a: Charizard|Heat Wave|p1a: Ceruledge|[spread] p1b\n|-immune|p1a: Ceruledge|[from] ability: Flash Fire\n|-damage|p1b: Farigiraf|12/100\n|move|p2b: Sylveon|Hyper Voice|p1a: Ceruledge|[spread] p1a,p1b\n|-resisted|p1a: Ceruledge|1\n|-damage|p1a: Ceruledge|75/100\n|-damage|p1b: Farigiraf|0 fnt\n|faint|p1b: Farigiraf\n|move|p1a: Ceruledge|Bitter Blade|p2b: Sylveon\n|-damage|p2b: Sylveon|0 fnt\n|-heal|p1a: Ceruledge|100/100|[from] drain|[of] p2b: Sylveon\n|faint|p2b: Sylveon\n|\n|-weather|SunnyDay|[upkeep]\n|upkeep\n|\n|t:|1788433510\n|switch|p2b: Basculegion|Basculegion, L50, M|100/100\n|switch|p1b: Metagross|Metagross, L50|100/100\n|turn|5\n|\n|t:|1788433517\n|detailschange|p1b: Metagross|Metagross-Mega, L50\n|-mega|p1b: Metagross|Metagross|Metagrossite\n|move|p1a: Ceruledge|Shadow Sneak|p2b: Basculegion\n|-supereffective|p2b: Basculegion|1\n|-damage|p2b: Basculegion|49/100\n|move|p2a: Charizard|Heat Wave|p1a: Ceruledge|[spread] p1b\n|-immune|p1a: Ceruledge|[from] ability: Flash Fire\n|-supereffective|p1b: Metagross|1\n|-crit|p1b: Metagross\n|-damage|p1b: Metagross|0 fnt\n|faint|p1b: Metagross\n|move|p2b: Basculegion|Last Respects|p1a: Ceruledge\n|-supereffective|p1a: Ceruledge|1\n|-damage|p1a: Ceruledge|0 fnt\n|faint|p1a: Ceruledge\n|\n|win|Thornlace48812\n|raw|rilevs's rating: 1293 &rarr; <strong>1261</strong><br />(-32 for losing)\n|raw|Thornlace48812's rating: 1199 &rarr; <strong>1231</strong><br />(+32 for winning)\n","uploadtime":1788433518,"views":"1","formatid":"gen9championsvgc2026regmb","rating":1231,"private":0,"password":null}