{"id":"gen9championsvgc2026regmbbo3-2673492104","format":"[Gen 9 Champions] VGC 2026 Reg M-B (Bo3)","players":["humania1","The OG Trainer Red"],"log":"|j|☆humania1\n|j|☆The OG Trainer Red\n|html|<table width=\"100%\"><tr><td align=\"left\">humania1</td><td align=\"right\">The OG Trainer Red</tr><tr><td align=\"left\"><i class=\"fa fa-circle\"></i> <i class=\"fa fa-circle-o\"></i> </td><td align=\"right\"><i class=\"fa fa-circle-o\"></i> <i class=\"fa fa-circle-o\"></i> </tr></table>\n|uhtml|bestof|<h2><strong>Game 2</strong> of <a href=\"/game-bestof3-gen9championsvgc2026regmbbo3-2673490861\">a best-of-3</a></h2>\n|t:|1788204290\n|gametype|doubles\n|player|p1|humania1|170|1055\n|player|p2|The OG Trainer Red|2|1047\n|gen|9\n|tier|[Gen 9 Champions] VGC 2026 Reg M-B (Bo3)\n|rated|\n|rule|Species Clause: Limit one of each Pokémon\n|rule|Item Clause: Limit 1 of each item\n|clearpoke\n|poke|p1|Blastoise, L50, M|\n|poke|p1|Delphox, L50, F, shiny|\n|poke|p1|Incineroar, L50, F|\n|poke|p1|Sinistcha, L50|\n|poke|p1|Sneasler, L50, M|\n|poke|p1|Vivillon, L50, M|\n|poke|p2|Feraligatr, L50, F|\n|poke|p2|Raichu, L50, F|\n|poke|p2|Charizard, L50, F|\n|poke|p2|Venusaur, L50, F|\n|poke|p2|Slowbro, L50, F|\n|poke|p2|Snorlax, L50, F|\n|teampreview|4\n|showteam|p1|Blastoise||Blastoisinite|Torrent|Protect,ShellSmash,WaterSpout,DarkPulse|Modest||M|||50|]Delphox||Delphoxite|Blaze|Protect,HeatWave,Psyshock,NastyPlot|Timid||F|||50|]Incineroar||PasshoBerry|Intimidate|FakeOut,PartingShot,FlareBlitz,ThroatChop|Impish||F|||50|]Sinistcha||SitrusBerry|Hospitality|Protect,MatchaGotcha,TrickRoom,RagePowder|Bold|||||50|]Sneasler||FocusSash|PoisonTouch|QuickGuard,FakeOut,CloseCombat,DireClaw|Jolly||M|||50|]Vivillon||ChoiceScarf|CompoundEyes|Hurricane,SleepPowder,RagePowder,Uturn|Timid||M|||50|\n|showteam|p2|Feraligatr||LifeOrb|SheerForce|Protect,DragonDance,Liquidation,IcePunch|Jolly||F|||50|]Raichu||RaichuniteY|Static|ZapCannon,FocusBlast,LightScreen,Reflect|Timid||F|||50|]Charizard||CharizarditeY|Blaze|HeatWave,ScorchingSands,SolarBeam,Protect|Timid||F|||50|]Venusaur||WideLens|Chlorophyll|SleepPowder,LeafStorm,SludgeBomb,EarthPower|Timid||F|||50|]Slowbro||Leftovers|Regenerator|HealPulse,Psychic,Scald,TrickRoom|Quiet||F|||50|]Snorlax||SitrusBerry|ThickFat|RockSlide,BodySlam,HammerArm,BellyDrum|Brave||F|||50|\n|inactive|Battle timer is ON: inactive players will automatically lose when time's up. (requested by humania1)\n|\n|t:|1788204297\n|teamsize|p1|4\n|teamsize|p2|4\n|start\n|switch|p1a: Blastoise|Blastoise, L50, M|100/100\n|switch|p1b: Delphox|Delphox, L50, F, shiny|100/100\n|switch|p2a: Charizard|Charizard, L50, F|100/100\n|switch|p2b: Venusaur|Venusaur, L50, F|100/100\n|turn|1\n|\n|t:|1788204318\n|detailschange|p1b: Delphox|Delphox-Mega, L50, F, shiny\n|-mega|p1b: Delphox|Delphox|Delphoxite\n|detailschange|p2a: Charizard|Charizard-Mega-Y, L50, F\n|-mega|p2a: Charizard|Charizard|Charizardite Y\n|-weather|SunnyDay|[from] ability: Drought|[of] p2a: Charizard\n|move|p1a: Blastoise|Protect|p1a: Blastoise\n|-singleturn|p1a: Blastoise|Protect\n|move|p2b: Venusaur|Sleep Powder|p1b: Delphox\n|-status|p1b: Delphox|slp|[from] move: Sleep Powder\n|cant|p1b: Delphox|slp\n|move|p2a: Charizard|Solar Beam||[still]\n|-prepare|p2a: Charizard|Solar Beam\n|-anim|p2a: Charizard|Solar Beam|p1a: Blastoise\n|-activate|p1a: Blastoise|move: Protect\n|\n|-weather|SunnyDay|[upkeep]\n|upkeep\n|turn|2\n|\n|t:|1788204337\n|move|p2b: Venusaur|Sludge Bomb|p1b: Delphox\n|-damage|p1b: Delphox|63/100 slp\n|-curestatus|p1b: Delphox|slp|[msg]\n|move|p1b: Delphox|Heat Wave|p2b: Venusaur|[spread] p2a,p2b\n|-resisted|p2a: Charizard|1\n|-supereffective|p2b: Venusaur|1\n|-damage|p2a: Charizard|66/100\n|-damage|p2b: Venusaur|0 fnt\n|faint|p2b: Venusaur\n|move|p2a: Charizard|Heat Wave|p1b: Delphox|[spread] p1a,p1b\n|-resisted|p1a: Blastoise|1\n|-resisted|p1b: Delphox|1\n|-damage|p1a: Blastoise|67/100\n|-damage|p1b: Delphox|33/100\n|move|p1a: Blastoise|Shell Smash|p1a: Blastoise\n|-unboost|p1a: Blastoise|def|1\n|-unboost|p1a: Blastoise|spd|1\n|-boost|p1a: Blastoise|atk|2\n|-boost|p1a: Blastoise|spa|2\n|-boost|p1a: Blastoise|spe|2\n|\n|-weather|SunnyDay|[upkeep]\n|upkeep\n|\n|t:|1788204356\n|switch|p2b: Feraligatr|Feraligatr, L50, F|100/100\n|turn|3\n|\n|t:|1788204364\n|switch|p1b: Incineroar|Incineroar, L50, F|100/100\n|-ability|p1b: Incineroar|Intimidate|boost\n|-unboost|p2a: Charizard|atk|1\n|-unboost|p2b: Feraligatr|atk|1\n|move|p1a: Blastoise|Water Spout|p2b: Feraligatr|[spread] p2a,p2b\n|-supereffective|p2a: Charizard|1\n|-resisted|p2b: Feraligatr|1\n|-damage|p2a: Charizard|4/100\n|-damage|p2b: Feraligatr|81/100\n|move|p2a: Charizard|Solar Beam||[still]\n|-prepare|p2a: Charizard|Solar Beam\n|-anim|p2a: Charizard|Solar Beam|p1a: Blastoise\n|-supereffective|p1a: Blastoise|1\n|-damage|p1a: Blastoise|0 fnt\n|faint|p1a: Blastoise\n|move|p2b: Feraligatr|Dragon Dance|p2b: Feraligatr\n|-boost|p2b: Feraligatr|atk|1\n|-boost|p2b: Feraligatr|spe|1\n|\n|-weather|SunnyDay|[upkeep]\n|upkeep\n|\n|t:|1788204364\n|switch|p1a: Delphox|Delphox-Mega, L50, F, shiny|33/100\n|turn|4\n|\n|t:|1788204384\n|move|p2b: Feraligatr|Protect|p2b: Feraligatr\n|-singleturn|p2b: Feraligatr|Protect\n|move|p2a: Charizard|Protect|p2a: Charizard\n|-singleturn|p2a: Charizard|Protect\n|move|p1a: Delphox|Psyshock|p2a: Charizard\n|-activate|p2a: Charizard|move: Protect\n|move|p1b: Incineroar|Flare Blitz|p2a: Charizard\n|-activate|p2a: Charizard|move: Protect\n|\n|-weather|SunnyDay|[upkeep]\n|upkeep\n|turn|5\n|\n|t:|1788204399\n|move|p2b: Feraligatr|Liquidation|p1a: Delphox\n|-supereffective|p1a: Delphox|1\n|-damage|p1a: Delphox|0 fnt\n|faint|p1a: Delphox\n|move|p2a: Charizard|Scorching Sands|p1b: Incineroar\n|-supereffective|p1b: Incineroar|1\n|-damage|p1b: Incineroar|41/100\n|move|p1b: Incineroar|Flare Blitz|p2a: Charizard\n|-resisted|p2a: Charizard|1\n|-damage|p2a: Charizard|0 fnt\n|faint|p2a: Charizard\n|-damage|p1b: Incineroar|40/100|[from] Recoil\n|\n|-weather|none\n|upkeep\n|\n|t:|1788204411\n|switch|p1a: Sinistcha|Sinistcha, L50|100/100\n|switch|p2a: Snorlax|Snorlax, L50, F|100/100\n|-heal|p1b: Incineroar|65/100|[from] ability: Hospitality|[of] p1a: Sinistcha\n|turn|6\n|\n|t:|1788204425\n|move|p2b: Feraligatr|Dragon Dance|p2b: Feraligatr\n|-boost|p2b: Feraligatr|atk|1\n|-boost|p2b: Feraligatr|spe|1\n|move|p1b: Incineroar|Throat Chop|p2b: Feraligatr\n|-damage|p2b: Feraligatr|48/100\n|-start|p2b: Feraligatr|Throat Chop|[silent]\n|move|p1a: Sinistcha|Matcha Gotcha|p2b: Feraligatr|[spread] p2a\n|-miss|p1a: Sinistcha|p2b: Feraligatr\n|-damage|p2a: Snorlax|84/100\n|move|p2a: Snorlax|Rock Slide|p1a: Sinistcha|[spread] p1b\n|-miss|p2a: Snorlax|p1a: Sinistcha\n|-supereffective|p1b: Incineroar|1\n|-damage|p1b: Incineroar|33/100\n|\n|upkeep\n|turn|7\n|\n|t:|1788204445\n|move|p2b: Feraligatr|Ice Punch|p1a: Sinistcha\n|-supereffective|p1a: Sinistcha|1\n|-damage|p1a: Sinistcha|2/100\n|-enditem|p1a: Sinistcha|Sitrus Berry|[eat]\n|-heal|p1a: Sinistcha|27/100|[from] item: Sitrus Berry\n|move|p1b: Incineroar|Parting Shot|p2b: Feraligatr\n|-unboost|p2b: Feraligatr|atk|1\n|-unboost|p2b: Feraligatr|spa|1\n|move|p1a: Sinistcha|Matcha Gotcha|p2b: Feraligatr|[spread] p2a,p2b\n|-supereffective|p2b: Feraligatr|1\n|-damage|p2a: Snorlax|69/100\n|-heal|p1a: Sinistcha|38/100|[from] drain|[of] p2a: Snorlax\n|-damage|p2b: Feraligatr|0 fnt\n|-heal|p1a: Sinistcha|60/100|[from] drain|[of] p2b: Feraligatr\n|faint|p2b: Feraligatr\n|move|p2a: Snorlax|Rock Slide|p1a: Sinistcha|[spread] p1a,p1b\n|-supereffective|p1b: Incineroar|1\n|-damage|p1a: Sinistcha|42/100\n|-damage|p1b: Incineroar|3/100\n|\n|upkeep\n|turn|8\n|\n|t:|1788204466\n|move|p1b: Incineroar|Parting Shot|p2a: Snorlax\n|-unboost|p2a: Snorlax|atk|1\n|-unboost|p2a: Snorlax|spa|1\n|move|p2a: Snorlax|Rock Slide|p1a: Sinistcha|[spread] p1b\n|-miss|p2a: Snorlax|p1a: Sinistcha\n|-supereffective|p1b: Incineroar|1\n|-damage|p1b: Incineroar|0 fnt\n|faint|p1b: Incineroar\n|move|p1a: Sinistcha|Trick Room|p1a: Sinistcha\n|-fieldstart|move: Trick Room|[of] p1a: Sinistcha\n|\n|upkeep\n|turn|9\n|\n|t:|1788204477\n|move|p2a: Snorlax|Rock Slide|p1a: Sinistcha\n|-damage|p1a: Sinistcha|26/100\n|move|p1a: Sinistcha|Matcha Gotcha|p2a: Snorlax\n|-damage|p2a: Snorlax|49/100\n|-heal|p1a: Sinistcha|42/100|[from] drain|[of] p2a: Snorlax\n|-enditem|p2a: Snorlax|Sitrus Berry|[eat]\n|-heal|p2a: Snorlax|73/100|[from] item: Sitrus Berry\n|\n|upkeep\n|turn|10\n|\n|t:|1788204487\n|move|p2a: Snorlax|Rock Slide|p1a: Sinistcha\n|-damage|p1a: Sinistcha|27/100\n|cant|p1a: Sinistcha|flinch\n|\n|upkeep\n|turn|11\n|\n|t:|1788204493\n|move|p2a: Snorlax|Rock Slide|p1a: Sinistcha\n|-damage|p1a: Sinistcha|13/100\n|move|p1a: Sinistcha|Matcha Gotcha|p2a: Snorlax|[miss]\n|-miss|p1a: Sinistcha|p2a: Snorlax\n|\n|upkeep\n|turn|12\n|\n|t:|1788204501\n|move|p1a: Sinistcha|Protect|p1a: Sinistcha\n|-singleturn|p1a: Sinistcha|Protect\n|move|p2a: Snorlax|Rock Slide|p1a: Sinistcha\n|-activate|p1a: Sinistcha|move: Protect\n|\n|-fieldend|move: Trick Room\n|upkeep\n|turn|13\n|\n|t:|1788204508\n|move|p2a: Snorlax|Rock Slide|p1a: Sinistcha\n|-damage|p1a: Sinistcha|0 fnt\n|faint|p1a: Sinistcha\n|\n|win|The OG Trainer Red\n","uploadtime":1788204508,"views":"1","formatid":"gen9championsvgc2026regmbbo3","rating":null,"private":0,"password":null}