{"id":"gen9championsvgc2026regmbbo3-2674723749","format":"[Gen 9 Champions] VGC 2026 Reg M-B (Bo3)","players":["Anthony136","Millie Jean"],"log":"|j|☆Anthony136\n|j|‽Millie Jean\n|html|<table width=\"100%\"><tr><td align=\"left\">Anthony136</td><td align=\"right\">Millie Jean</tr><tr><td align=\"left\"><i class=\"fa fa-circle-o\"></i> <i class=\"fa fa-circle-o\"></i> </td><td align=\"right\"><i class=\"fa fa-circle-o\"></i> <i class=\"fa fa-circle-o\"></i> </tr></table>\n|uhtml|bestof|<h2><strong>Game 1</strong> of <a href=\"/game-bestof3-gen9championsvgc2026regmbbo3-2674723747\">a best-of-3</a></h2>\n|t:|1788396207\n|gametype|doubles\n|player|p1|Anthony136|266|1087\n|player|p2|Millie Jean|hilda-wonderlauncher|1053\n|gen|9\n|tier|[Gen 9 Champions] VGC 2026 Reg M-B (Bo3)\n|rated|\n|rule|Species Clause: Limit one of each Pokémon\n|rule|Item Clause: Limit 1 of each item\n|clearpoke\n|poke|p1|Steelix, L50, M, shiny|\n|poke|p1|Tyranitar, L50, M, shiny|\n|poke|p1|Sinistcha-Masterpiece, L50, shiny|\n|poke|p1|Sneasler, L50, M, shiny|\n|poke|p1|Rotom-Wash, L50, shiny|\n|poke|p1|Talonflame, L50, M, shiny|\n|poke|p2|Sylveon, L50, F|\n|poke|p2|Sinistcha, L50|\n|poke|p2|Toxapex, L50, F|\n|poke|p2|Charizard, L50, F|\n|poke|p2|Incineroar, L50, F|\n|poke|p2|Whimsicott, L50, M|\n|teampreview|4\n|showteam|p1|Steelix||Steelixite|Sturdy|HighHorsepower,HeavySlam,Protect,WideGuard|Brave||M|||50|]Tyranitar||Tyranitarite|SandStream|DragonDance,RockSlide,KnockOff,Protect|Jolly||M|||50|]Sinistcha-Masterpiece||SitrusBerry|Hospitality|TrickRoom,MatchaGotcha,RagePowder,Protect|Relaxed|||||50|]Sneasler||WhiteHerb|Unburden|DireClaw,CloseCombat,FakeOut,Protect|Jolly||M|||50|]Rotom-Wash||Leftovers|Levitate|WillOWisp,LightScreen,Thunderbolt,HydroPump|Bold|||||50|]Talonflame||SharpBeak|GaleWings|BraveBird,FlareBlitz,Protect,SwordsDance|Jolly||M|||50|\n|showteam|p2|Sylveon||FairyFeather|Pixilate|Protect,QuickAttack,HyperVoice,HyperBeam|Modest||F|||50|]Sinistcha||ColburBerry|Hospitality|RagePowder,MatchaGotcha,LifeDew,TrickRoom|Bold|||||50|]Toxapex||Leftovers|Regenerator|BanefulBunker,Toxic,Infestation,WideGuard|Bold||F|||50|]Charizard||CharizarditeY|SolarPower|Protect,AncientPower,HeatWave,SolarBeam|Modest||F|||50|]Incineroar||SitrusBerry|Intimidate|FakeOut,PartingShot,Snarl,FlareBlitz|Careful||F|||50|]Whimsicott||FocusSash|Prankster|Tailwind,FakeTears,HelpingHand,Moonblast|Timid||M|||50|\n|inactive|Battle timer is ON: inactive players will automatically lose when time's up. (requested by Millie Jean)\n|inactive|Millie Jean has 60 seconds left.\n|inactive|Millie Jean has 30 seconds left.\n|\n|t:|1788396273\n|teamsize|p1|4\n|teamsize|p2|4\n|start\n|switch|p1a: BirthdayBoy2|Tyranitar, L50, M, shiny|100/100\n|switch|p1b: Who me?|Sneasler, L50, M, shiny|100/100\n|switch|p2a: Sinistcha|Sinistcha, L50|100/100\n|switch|p2b: Incineroar|Incineroar, L50, F|100/100\n|-weather|Sandstorm|[from] ability: Sand Stream|[of] p1a: BirthdayBoy2\n|-ability|p2b: Incineroar|Intimidate|boost\n|-unboost|p1a: BirthdayBoy2|atk|1\n|-unboost|p1b: Who me?|atk|1\n|-enditem|p1b: Who me?|White Herb\n|-clearnegativeboost|p1b: Who me?|[silent]\n|turn|1\n|inactive|Anthony136 has 30 seconds left.\n|inactive|Millie Jean has 30 seconds left.\n|inactive|Millie Jean has 20 seconds left.\n|inactive|Anthony136 has 20 seconds left.\n|inactive|Millie Jean has 15 seconds left.\n|\n|t:|1788396317\n|move|p2b: Incineroar|Fake Out|p1a: BirthdayBoy2\n|-resisted|p1a: BirthdayBoy2|1\n|-damage|p1a: BirthdayBoy2|95/100\n|move|p1b: Who me?|Dire Claw|p2a: Sinistcha\n|-damage|p2a: Sinistcha|74/100\n|cant|p1a: BirthdayBoy2|flinch\n|move|p2a: Sinistcha|Trick Room|p2a: Sinistcha\n|-fieldstart|move: Trick Room|[of] p2a: Sinistcha\n|\n|-weather|Sandstorm|[upkeep]\n|-damage|p2b: Incineroar|94/100|[from] Sandstorm\n|-damage|p2a: Sinistcha|68/100|[from] Sandstorm\n|-damage|p1b: Who me?|94/100|[from] Sandstorm\n|upkeep\n|turn|2\n|inactive|Anthony136 has 30 seconds left.\n|\n|t:|1788396350\n|switch|p1b: Steelix|Steelix, L50, M, shiny|100/100\n|move|p2b: Incineroar|Parting Shot|p1a: BirthdayBoy2\n|-unboost|p1a: BirthdayBoy2|atk|1\n|-unboost|p1a: BirthdayBoy2|spa|1\n|\n|t:|1788396356\n|switch|p2b: Toxapex|Toxapex, L50, F|100/100|[from] Parting Shot\n|move|p1a: BirthdayBoy2|Rock Slide|p2a: Sinistcha|[spread] p2a,p2b\n|-damage|p2a: Sinistcha|56/100\n|-damage|p2b: Toxapex|90/100\n|move|p2a: Sinistcha|Matcha Gotcha|p1b: Steelix|[spread] p1a,p1b\n|-supereffective|p1a: BirthdayBoy2|1\n|-damage|p1a: BirthdayBoy2|65/100\n|-heal|p2a: Sinistcha|74/100|[from] drain|[of] p1a: BirthdayBoy2\n|-damage|p1b: Steelix|65/100\n|-heal|p2a: Sinistcha|92/100|[from] drain|[of] p1b: Steelix\n|\n|-weather|Sandstorm|[upkeep]\n|-damage|p2b: Toxapex|84/100|[from] Sandstorm\n|-damage|p2a: Sinistcha|85/100|[from] Sandstorm\n|-heal|p2b: Toxapex|90/100|[from] item: Leftovers\n|upkeep\n|turn|3\n|inactive|Anthony136 has 30 seconds left.\n|inactive|Millie Jean has 30 seconds left.\n|inactive|Anthony136 has 20 seconds left.\n|\n|t:|1788396394\n|detailschange|p1b: Steelix|Steelix-Mega, L50, M, shiny\n|-mega|p1b: Steelix|Steelix|Steelixite\n|move|p1b: Steelix|High Horsepower|p2b: Toxapex|[miss]\n|-miss|p1b: Steelix|p2b: Toxapex\n|move|p2b: Toxapex|Infestation|p1a: BirthdayBoy2\n|-supereffective|p1a: BirthdayBoy2|1\n|-damage|p1a: BirthdayBoy2|60/100\n|-activate|p1a: BirthdayBoy2|move: Infestation|[of] p2b: Toxapex\n|move|p1a: BirthdayBoy2|Knock Off|p2a: Sinistcha\n|-supereffective|p2a: Sinistcha|1\n|-enditem|p2a: Sinistcha|Colbur Berry|[eat]\n|-enditem|p2a: Sinistcha|Colbur Berry|[weaken]\n|-damage|p2a: Sinistcha|65/100\n|move|p2a: Sinistcha|Matcha Gotcha|p1a: BirthdayBoy2|[spread] p1a,p1b\n|-supereffective|p1a: BirthdayBoy2|1\n|-damage|p1a: BirthdayBoy2|30/100\n|-heal|p2a: Sinistcha|82/100|[from] drain|[of] p1a: BirthdayBoy2\n|-damage|p1b: Steelix|40/100\n|-heal|p2a: Sinistcha|95/100|[from] drain|[of] p1b: Steelix\n|\n|-weather|Sandstorm|[upkeep]\n|-damage|p2b: Toxapex|84/100|[from] Sandstorm\n|-damage|p2a: Sinistcha|89/100|[from] Sandstorm\n|-heal|p2b: Toxapex|90/100|[from] item: Leftovers\n|-damage|p1a: BirthdayBoy2|18/100|[from] move: Infestation|[partiallytrapped]\n|upkeep\n|turn|4\n|inactive|Anthony136 has 30 seconds left.\n|inactive|Millie Jean has 30 seconds left.\n|inactive|Anthony136 has 20 seconds left.\n|\n|t:|1788396430\n|move|p1b: Steelix|Protect|p1b: Steelix\n|-singleturn|p1b: Steelix|Protect\n|move|p2b: Toxapex|Baneful Bunker|p2b: Toxapex\n|-singleturn|p2b: Toxapex|move: Protect\n|move|p1a: BirthdayBoy2|Knock Off|p2a: Sinistcha\n|-supereffective|p2a: Sinistcha|1\n|-damage|p2a: Sinistcha|61/100\n|move|p2a: Sinistcha|Matcha Gotcha|p1b: Steelix|[spread] p1a\n|-activate|p1b: Steelix|move: Protect\n|-supereffective|p1a: BirthdayBoy2|1\n|-damage|p1a: BirthdayBoy2|0 fnt\n|-heal|p2a: Sinistcha|72/100|[from] drain|[of] p1a: BirthdayBoy2\n|faint|p1a: BirthdayBoy2\n|\n|-weather|Sandstorm|[upkeep]\n|-damage|p2b: Toxapex|84/100|[from] Sandstorm\n|-damage|p2a: Sinistcha|66/100|[from] Sandstorm\n|-heal|p2b: Toxapex|90/100|[from] item: Leftovers\n|upkeep\n|\n|t:|1788396450\n|switch|p1a: Who me?|Sneasler, L50, M, shiny|94/100\n|turn|5\n|\n|t:|1788396464\n|-heal|p2b: Toxapex|100/100|[from] ability: Regenerator|[silent]\n|switch|p2b: Incineroar|Incineroar, L50, F|94/100\n|-ability|p2b: Incineroar|Intimidate|boost\n|-unboost|p1a: Who me?|atk|1\n|-unboost|p1b: Steelix|atk|1\n|move|p1b: Steelix|Wide Guard|p1b: Steelix\n|-singleturn|p1b: Steelix|Wide Guard\n|move|p2a: Sinistcha|Rage Powder|p2a: Sinistcha\n|-singleturn|p2a: Sinistcha|move: Rage Powder\n|move|p1a: Who me?|Dire Claw|p2a: Sinistcha\n|-damage|p2a: Sinistcha|49/100\n|\n|-weather|none\n|-fieldend|move: Trick Room\n|upkeep\n|turn|6\n|inactive|Anthony136 has 30 seconds left.\n|inactive|Millie Jean has 30 seconds left.\n|\n|t:|1788396498\n|move|p2a: Sinistcha|Rage Powder|p2a: Sinistcha\n|-singleturn|p2a: Sinistcha|move: Rage Powder\n|move|p1a: Who me?|Close Combat|p2a: Sinistcha\n|-immune|p2a: Sinistcha\n|move|p2b: Incineroar|Flare Blitz|p1b: Steelix\n|-supereffective|p1b: Steelix|1\n|-damage|p1b: Steelix|0 fnt\n|faint|p1b: Steelix\n|-damage|p2b: Incineroar|82/100|[from] Recoil\n|\n|upkeep\n|\n|t:|1788396508\n|switch|p1b: Spring Clean|Rotom-Wash, L50, shiny|100/100\n|turn|7\n|inactive|Anthony136 has 30 seconds left.\n|inactive|Anthony136 has 20 seconds left.\n|inactive|Anthony136 has 15 seconds left.\n|\n|t:|1788396548\n|switch|p2b: Toxapex|Toxapex, L50, F|100/100\n|move|p1a: Who me?|Dire Claw|p2a: Sinistcha\n|-damage|p2a: Sinistcha|32/100\n|move|p1b: Spring Clean|Light Screen|p1b: Spring Clean\n|-sidestart|p1: Anthony136|move: Light Screen\n|move|p2a: Sinistcha|Trick Room|p2a: Sinistcha\n|-fieldstart|move: Trick Room|[of] p2a: Sinistcha\n|\n|upkeep\n|turn|8\n|\n|t:|1788396571\n|move|p2b: Toxapex|Toxic|p1b: Spring Clean\n|-status|p1b: Spring Clean|tox\n|move|p2a: Sinistcha|Matcha Gotcha|p1b: Spring Clean|[spread] p1a\n|-miss|p2a: Sinistcha|p1b: Spring Clean\n|-resisted|p1a: Who me?|1\n|-damage|p1a: Who me?|83/100\n|-heal|p2a: Sinistcha|37/100|[from] drain|[of] p1a: Who me?\n|move|p1b: Spring Clean|Thunderbolt|p2b: Toxapex\n|-supereffective|p2b: Toxapex|1\n|-crit|p2b: Toxapex\n|-damage|p2b: Toxapex|26/100\n|move|p1a: Who me?|Dire Claw|p2a: Sinistcha\n|-damage|p2a: Sinistcha|20/100y\n|-status|p2a: Sinistcha|par\n|\n|-heal|p2b: Toxapex|31/100|[from] item: Leftovers\n|-damage|p1b: Spring Clean|94/100 tox|[from] psn\n|upkeep\n|turn|9\n|inactive|Anthony136 has 30 seconds left.\n|inactive|Millie Jean has 30 seconds left.\n|inactive|Anthony136 has 20 seconds left.\n|inactive|Anthony136 has 15 seconds left.\n|\n|t:|1788396613\n|-heal|p2b: Toxapex|64/100|[from] ability: Regenerator|[silent]\n|switch|p2b: Incineroar|Incineroar, L50, F|82/100\n|-ability|p2b: Incineroar|Intimidate|boost\n|-unboost|p1a: Who me?|atk|1\n|-unboost|p1b: Spring Clean|atk|1\n|move|p2a: Sinistcha|Matcha Gotcha|p1b: Spring Clean|[spread] p1a\n|-miss|p2a: Sinistcha|p1b: Spring Clean\n|-resisted|p1a: Who me?|1\n|-damage|p1a: Who me?|73/100\n|-heal|p2a: Sinistcha|25/100 par|[from] drain|[of] p1a: Who me?\n|move|p1b: Spring Clean|Will-O-Wisp|p2b: Incineroar|[miss]\n|-miss|p1b: Spring Clean|p2b: Incineroar\n|move|p1a: Who me?|Dire Claw|p2a: Sinistcha\n|-damage|p2a: Sinistcha|11/100 par\n|\n|-heal|p1b: Spring Clean|100/100 tox|[from] item: Leftovers\n|-damage|p1b: Spring Clean|88/100 tox|[from] psn\n|upkeep\n|turn|10\n|inactive|Anthony136 has 30 seconds left.\n|inactive|Millie Jean has 30 seconds left.\n|\n|t:|1788396642\n|switch|p2a: Toxapex|Toxapex, L50, F|64/100\n|move|p2b: Incineroar|Fake Out|p1a: Who me?\n|-damage|p1a: Who me?|60/100\n|move|p1b: Spring Clean|Thunderbolt|p2a: Toxapex\n|-supereffective|p2a: Toxapex|1\n|-damage|p2a: Toxapex|15/100\n|cant|p1a: Who me?|flinch\n|\n|-heal|p2a: Toxapex|21/100|[from] item: Leftovers\n|-heal|p1b: Spring Clean|94/100 tox|[from] item: Leftovers\n|-damage|p1b: Spring Clean|77/100 tox|[from] psn\n|upkeep\n|turn|11\n|inactive|Anthony136 has 30 seconds left.\n|inactive|Millie Jean has 30 seconds left.\n|inactive|Anthony136 has 20 seconds left.\n|inactive|Anthony136 has 15 seconds left.\n|inactive|Anthony136 has 10 seconds left.\n|\n|t:|1788396689\n|move|p2a: Toxapex|Infestation|p1b: Spring Clean\n|-damage|p1b: Spring Clean|75/100 tox\n|-activate|p1b: Spring Clean|move: Infestation|[of] p2a: Toxapex\n|move|p2b: Incineroar|Parting Shot|p1b: Spring Clean\n|-unboost|p1b: Spring Clean|atk|1\n|-unboost|p1b: Spring Clean|spa|1\n|\n|t:|1788396695\n|switch|p2b: Sinistcha|Sinistcha, L50|11/100 par|[from] Parting Shot\n|-heal|p2a: Toxapex|45/100|[from] ability: Hospitality|[of] p2b: Sinistcha\n|move|p1b: Spring Clean|Thunderbolt|p2a: Toxapex\n|-supereffective|p2a: Toxapex|1\n|-damage|p2a: Toxapex|11/100\n|move|p1a: Who me?|Dire Claw|p2b: Sinistcha\n|-damage|p2b: Sinistcha|0 fnt\n|faint|p2b: Sinistcha\n|\n|-heal|p2a: Toxapex|17/100|[from] item: Leftovers\n|-heal|p1b: Spring Clean|80/100 tox|[from] item: Leftovers\n|-damage|p1b: Spring Clean|57/100 tox|[from] psn\n|-damage|p1b: Spring Clean|45/100 tox|[from] move: Infestation|[partiallytrapped]\n|-sideend|p1: Anthony136|move: Light Screen\n|-fieldend|move: Trick Room\n|upkeep\n|\n|t:|1788396710\n|switch|p2b: Incineroar|Incineroar, L50, F|82/100\n|-ability|p2b: Incineroar|Intimidate|boost\n|-unboost|p1a: Who me?|atk|1\n|-unboost|p1b: Spring Clean|atk|1\n|turn|12\n|\n|t:|1788396722\n|move|p2a: Toxapex|Baneful Bunker|p2a: Toxapex\n|-singleturn|p2a: Toxapex|move: Protect\n|move|p2b: Incineroar|Fake Out|p1a: Who me?\n|-damage|p1a: Who me?|48/100\n|cant|p1a: Who me?|flinch\n|move|p1b: Spring Clean|Thunderbolt|p2a: Toxapex\n|-activate|p2a: Toxapex|move: Protect\n|\n|-heal|p1b: Spring Clean|51/100 tox|[from] item: Leftovers\n|-heal|p2a: Toxapex|22/100|[from] item: Leftovers\n|-damage|p1b: Spring Clean|22/100 tox|[from] psn\n|-damage|p1b: Spring Clean|10/100 tox|[from] move: Infestation|[partiallytrapped]\n|upkeep\n|turn|13\n|inactive|Anthony136 has 30 seconds left.\n|inactive|Anthony136 has 20 seconds left.\n|\n|t:|1788396743\n|move|p1a: Who me?|Close Combat|p2b: Incineroar\n|-supereffective|p2b: Incineroar|1\n|-damage|p2b: Incineroar|48/100\n|-unboost|p1a: Who me?|def|1\n|-unboost|p1a: Who me?|spd|1\n|-enditem|p2b: Incineroar|Sitrus Berry|[eat]\n|-heal|p2b: Incineroar|73/100|[from] item: Sitrus Berry\n|move|p1b: Spring Clean|Thunderbolt|p2a: Toxapex\n|-supereffective|p2a: Toxapex|1\n|-damage|p2a: Toxapex|0 fnt\n|faint|p2a: Toxapex\n|move|p2b: Incineroar|Snarl|p1b: Spring Clean|[spread] p1a,p1b\n|-resisted|p1a: Who me?|1\n|-damage|p1a: Who me?|38/100\n|-damage|p1b: Spring Clean|1/100 tox\n|-unboost|p1a: Who me?|spa|1\n|-unboost|p1b: Spring Clean|spa|1\n|\n|-heal|p1b: Spring Clean|6/100 tox|[from] item: Leftovers\n|-damage|p1b: Spring Clean|0 fnt|[from] psn\n|faint|p1b: Spring Clean\n|upkeep\n|\n|t:|1788396760\n|switch|p2a: Charizard|Charizard, L50, F|100/100\n|turn|14\n|inactive|Anthony136 has 20 seconds left this turn.\n|inactive|Anthony136 has 15 seconds left.\n|\n|t:|1788396768\n|detailschange|p2a: Charizard|Charizard-Mega-Y, L50, F\n|-mega|p2a: Charizard|Charizard|Charizardite Y\n|-weather|SunnyDay|[from] ability: Drought|[of] p2a: Charizard\n|move|p1a: Who me?|Protect|p1a: Who me?\n|-singleturn|p1a: Who me?|Protect\n|move|p2a: Charizard|Ancient Power|p1a: Who me?\n|-activate|p1a: Who me?|move: Protect\n|move|p2b: Incineroar|Flare Blitz|p1a: Who me?\n|-activate|p1a: Who me?|move: Protect\n|\n|-weather|SunnyDay|[upkeep]\n|upkeep\n|turn|15\n|inactive|Anthony136 has 15 seconds left this turn.\n|inactive|Anthony136 has 10 seconds left.\n|inactive|Anthony136 has 5 seconds left.\n|-message|Anthony136 lost due to inactivity.\n|\n|win|Millie Jean\n||Anthony136 is ready for game 2.\n||Millie Jean is ready for game 2.\n|uhtml|next|Next: <a href=\"/battle-gen9championsvgc2026regmbbo3-2674727515\"><strong>Game 2 of 3</strong></a>\n|l|☆Anthony136\n|player|p1|\n","uploadtime":1788396789,"views":"5","formatid":"gen9championsvgc2026regmbbo3","rating":null,"private":0,"password":null}