{"id":"gen9championsvgc2026regmbbo3-2674220979","format":"[Gen 9 Champions] VGC 2026 Reg M-B (Bo3)","players":["Fell Blue","Pelkino"],"log":"|j|☆Fell Blue\n|j|☆Pelkino\n|html|<table width=\"100%\"><tr><td align=\"left\">Fell Blue</td><td align=\"right\">Pelkino</tr><tr><td align=\"left\"><i class=\"fa fa-circle\"></i> <i class=\"fa fa-circle-o\"></i> </td><td align=\"right\"><i class=\"fa fa-circle-o\"></i> <i class=\"fa fa-circle-o\"></i> </tr></table>\n|uhtml|bestof|<h2><strong>Game 2</strong> of <a href=\"/game-bestof3-gen9championsvgc2026regmbbo3-2674217517\">a best-of-3</a></h2>\n|t:|1788317769\n|gametype|doubles\n|player|p1|Fell Blue|fantina|1114\n|player|p2|Pelkino|169|1000\n|gen|9\n|tier|[Gen 9 Champions] VGC 2026 Reg M-B (Bo3)\n|rated|\n|rule|Species Clause: Limit one of each Pokémon\n|rule|Item Clause: Limit 1 of each item\n|clearpoke\n|poke|p1|Incineroar, L50, M, shiny|\n|poke|p1|Farigiraf, L50, F, shiny|\n|poke|p1|Mawile, L50, F, shiny|\n|poke|p1|Basculegion, L50, M, shiny|\n|poke|p1|Ninetales-Alola, L50, F|\n|poke|p1|Raichu, L50, M, shiny|\n|poke|p2|Gholdengo, L50|\n|poke|p2|Raichu, L50, F|\n|poke|p2|Garchomp, L50, F|\n|poke|p2|Annihilape, L50, F|\n|poke|p2|Sinistcha, L50|\n|poke|p2|Incineroar, L50, F|\n|teampreview|4\n|showteam|p1|Incineroar||SitrusBerry|Intimidate|FakeOut,FlareBlitz,Assurance,PartingShot|Brave||M|||50|]Farigiraf||LifeOrb|ArmorTail|Protect,HyperVoice,Psychic,TrickRoom|Quiet||F|||50|]Mawile||Mawilite|HyperCutter|Protect,PlayRough,IronHead,SuckerPunch|Brave||F|||50|]Basculegion||ChoiceScarf|Adaptability|WaveCrash,LastRespects,AquaJet,FlipTurn|Jolly||M|||50|]Ninetales-Alola||FocusSash|SnowWarning|Protect,Blizzard,FreezeDry,Moonblast|Timid||F|||50|]Raichu||RaichuniteY|LightningRod|Protect,ZapCannon,FocusBlast,VoltSwitch|Timid||M|||50|\n|showteam|p2|Gholdengo||LifeOrb|GoodasGold|MakeItRain,ShadowBall,Protect,NastyPlot|Modest|||||50|]Raichu||RaichuniteY|Static|FakeOut,ZapCannon,FocusBlast,Protect|Timid||F|||50|]Garchomp||SitrusBerry|RoughSkin|StompingTantrum,RockSlide,Protect,DragonClaw|Adamant||F|||50|]Annihilape||RoseliBerry|Defiant|DrainPunch,Protect,BulkUp,RageFist|Adamant||F|||50|]Sinistcha||ColburBerry|Hospitality|MatchaGotcha,TrickRoom,Protect,RagePowder|Bold|||||50|]Incineroar||PasshoBerry|Intimidate|FakeOut,PartingShot,FlareBlitz,ThroatChop|Impish||F|||50|\n|j| Rynocerator\n|\n|t:|1788317817\n|teamsize|p1|4\n|teamsize|p2|4\n|start\n|switch|p1a: Farigiraf|Farigiraf, L50, F, shiny|100/100\n|switch|p1b: Basculegion|Basculegion, L50, M, shiny|100/100\n|switch|p2a: Incineroar|Incineroar, L50, F|100/100\n|switch|p2b: Garchomp|Garchomp, L50, F|100/100\n|-ability|p2a: Incineroar|Intimidate|boost\n|-unboost|p1a: Farigiraf|atk|1\n|-unboost|p1b: Basculegion|atk|1\n|turn|1\n|inactive|Battle timer is ON: inactive players will automatically lose when time's up. (requested by Fell Blue)\n|\n|t:|1788317879\n|switch|p2a: Annihilape|Annihilape, L50, F|100/100\n|move|p1b: Basculegion|Flip Turn|p2a: Annihilape\n|-damage|p2a: Annihilape|73/100\n|\n|t:|1788317886\n|switch|p1b: Incineroar|Incineroar, L50, M, shiny|100/100|[from] Flip Turn\n|-ability|p1b: Incineroar|Intimidate|boost\n|-unboost|p2a: Annihilape|atk|1\n|-ability|p2a: Annihilape|Defiant|boost\n|-boost|p2a: Annihilape|atk|2\n|-unboost|p2b: Garchomp|atk|1\n|move|p2b: Garchomp|Rock Slide|p1a: Farigiraf|[spread] p1a,p1b\n|-supereffective|p1b: Incineroar|1\n|-damage|p1a: Farigiraf|88/100\n|-damage|p1b: Incineroar|72/100\n|move|p1a: Farigiraf|Hyper Voice|p2b: Garchomp|[spread] p2b\n|-immune|p2a: Annihilape\n|-damage|p2b: Garchomp|58/100\n|-damage|p1a: Farigiraf|78/100|[from] item: Life Orb\n|\n|upkeep\n|turn|2\n|inactive|Pelkino has 30 seconds left.\n|\n|t:|1788317919\n|move|p2b: Garchomp|Protect|p2b: Garchomp\n|-singleturn|p2b: Garchomp|Protect\n|move|p1b: Incineroar|Fake Out|p2b: Garchomp\n|-activate|p2b: Garchomp|move: Protect\n|move|p2a: Annihilape|Drain Punch|p1b: Incineroar\n|-supereffective|p1b: Incineroar|1\n|-damage|p1b: Incineroar|0 fnt\n|-heal|p2a: Annihilape|100/100|[from] drain|[of] p1b: Incineroar\n|faint|p1b: Incineroar\n|move|p1a: Farigiraf|Psychic|p2a: Annihilape\n|-supereffective|p2a: Annihilape|1\n|-damage|p2a: Annihilape|33/100\n|-damage|p1a: Farigiraf|68/100|[from] item: Life Orb\n|\n|upkeep\n|\n|t:|1788317934\n|switch|p1b: Basculegion|Basculegion, L50, M, shiny|100/100\n|turn|3\n|inactive|Fell Blue has 30 seconds left.\n|\n|t:|1788317960\n|switch|p2a: Incineroar|Incineroar, L50, F|100/100\n|-ability|p2a: Incineroar|Intimidate|boost\n|-unboost|p1a: Farigiraf|atk|1\n|-unboost|p1b: Basculegion|atk|1\n|move|p1b: Basculegion|Last Respects|p2b: Garchomp\n|-damage|p2b: Garchomp|19/100\n|-enditem|p2b: Garchomp|Sitrus Berry|[eat]\n|-heal|p2b: Garchomp|44/100|[from] item: Sitrus Berry\n|move|p2b: Garchomp|Stomping Tantrum|p1b: Basculegion\n|-damage|p1b: Basculegion|64/100\n|move|p1a: Farigiraf|Psychic|p2b: Garchomp\n|-damage|p2b: Garchomp|0 fnt\n|faint|p2b: Garchomp\n|-damage|p1a: Farigiraf|58/100|[from] item: Life Orb\n|\n|upkeep\n|\n|t:|1788317984\n|switch|p2b: Raichu|Raichu, L50, F|100/100\n|turn|4\n|inactive|Pelkino has 30 seconds left.\n|\n|t:|1788318010\n|switch|p1b: Raichu|Raichu, L50, M, shiny|100/100\n|detailschange|p2b: Raichu|Raichu-Mega-Y, L50, F\n|-mega|p2b: Raichu|Raichu|Raichunite Y\n|move|p2b: Raichu|Zap Cannon|p1b: Raichu\n|-ability|p1b: Raichu|Lightning Rod|boost\n|-boost|p1b: Raichu|spa|1\n|move|p2a: Incineroar|Throat Chop|p1a: Farigiraf\n|-supereffective|p1a: Farigiraf|1\n|-damage|p1a: Farigiraf|1/100\n|-start|p1a: Farigiraf|Throat Chop|[silent]\n|move|p1a: Farigiraf|Psychic|p2b: Raichu\n|-damage|p2b: Raichu|32/100\n|-damage|p1a: Farigiraf|0 fnt|[from] item: Life Orb\n|faint|p1a: Farigiraf\n|\n|upkeep\n|\n|t:|1788318022\n|switch|p1a: Basculegion|Basculegion, L50, M, shiny|64/100\n|turn|5\n|\n|t:|1788318037\n|switch|p2a: Annihilape|Annihilape, L50, F|33/100\n|detailschange|p1b: Raichu|Raichu-Mega-Y, L50, M, shiny\n|-mega|p1b: Raichu|Raichu|Raichunite Y\n|move|p2b: Raichu|Protect|p2b: Raichu\n|-singleturn|p2b: Raichu|Protect\n|move|p1a: Basculegion|Last Respects|p2b: Raichu\n|-activate|p2b: Raichu|move: Protect\n|move|p1b: Raichu|Focus Blast|p2a: Annihilape\n|-immune|p2a: Annihilape\n|\n|upkeep\n|turn|6\n|inactive|Pelkino has 30 seconds left.\n|\n|t:|1788318068\n|move|p2a: Annihilape|Protect|p2a: Annihilape\n|-singleturn|p2a: Annihilape|Protect\n|move|p1a: Basculegion|Last Respects|p2b: Raichu\n|-damage|p2b: Raichu|0 fnt\n|faint|p2b: Raichu\n|move|p1b: Raichu|Zap Cannon|p2a: Annihilape\n|-activate|p2a: Annihilape|move: Protect\n|\n|upkeep\n|\n|t:|1788318077\n|switch|p2b: Incineroar|Incineroar, L50, F|100/100\n|-ability|p2b: Incineroar|Intimidate|boost\n|-unboost|p1a: Basculegion|atk|1\n|-unboost|p1b: Raichu|atk|1\n|turn|7\n|inactive|Pelkino has 30 seconds left.\n|\n|t:|1788318105\n|move|p1b: Raichu|Protect|p1b: Raichu\n|-singleturn|p1b: Raichu|Protect\n|move|p2a: Annihilape|Protect||[still]\n|-fail|p2a: Annihilape\n|move|p1a: Basculegion|Last Respects|p2a: Annihilape\n|-supereffective|p2a: Annihilape|1\n|-damage|p2a: Annihilape|0 fnt\n|faint|p2a: Annihilape\n|move|p2b: Incineroar|Throat Chop|p1a: Basculegion\n|-supereffective|p1a: Basculegion|1\n|-damage|p1a: Basculegion|0 fnt\n|faint|p1a: Basculegion\n|\n|upkeep\n|turn|8\n|\n|t:|1788318121\n|move|p1b: Raichu|Focus Blast|p2b: Incineroar\n|-supereffective|p2b: Incineroar|1\n|-damage|p2b: Incineroar|0 fnt\n|faint|p2b: Incineroar\n|\n|win|Fell Blue\n|raw|Fell Blue's rating: 1114 &rarr; <strong>1131</strong><br />(+17 for winning)\n|raw|Pelkino's rating: 1000 &rarr; <strong>1000</strong><br />(+0 for losing)\n|l|☆Pelkino\n|player|p2|\n","uploadtime":1788318134,"views":"0","formatid":"gen9championsvgc2026regmbbo3","rating":1000,"private":0,"password":null}