{"id":"gen9championsvgc2026regmbbo3-2674348244","format":"[Gen 9 Champions] VGC 2026 Reg M-B (Bo3)","players":["KattaMou","KiLLERFROG1987"],"log":"|j|☆KattaMou\n|j|☆KiLLERFROG1987\n|html|<table width=\"100%\"><tr><td align=\"left\">KattaMou</td><td align=\"right\">KiLLERFROG1987</tr><tr><td align=\"left\"><i class=\"fa fa-circle-o\"></i> <i class=\"fa fa-circle-o\"></i> </td><td align=\"right\"><i class=\"fa fa-circle-o\"></i> <i class=\"fa fa-circle-o\"></i> </tr></table>\n|uhtml|bestof|<h2><strong>Game 1</strong> of <a href=\"/game-bestof3-gen9championsvgc2026regmbbo3-2674348243\">a best-of-3</a></h2>\n|t:|1788346342\n|gametype|doubles\n|player|p1|KattaMou|170|1111\n|player|p2|KiLLERFROG1987|pilot|1010\n|gen|9\n|tier|[Gen 9 Champions] VGC 2026 Reg M-B (Bo3)\n|rated|\n|rule|Species Clause: Limit one of each Pokémon\n|rule|Item Clause: Limit 1 of each item\n|clearpoke\n|poke|p1|Staraptor, L50, M|\n|poke|p1|Garchomp, L50, F|\n|poke|p1|Whimsicott, L50, F|\n|poke|p1|Delphox, L50, F|\n|poke|p1|Glimmora, L50, F|\n|poke|p1|Kingambit, L50, M|\n|poke|p2|Scolipede, L50, M|\n|poke|p2|Liepard, L50, F|\n|poke|p2|Aurorus, L50, F|\n|poke|p2|Charizard, L50, M|\n|poke|p2|Meganium, L50, F|\n|poke|p2|Starmie, L50|\n|teampreview|4\n|showteam|p1|Staraptor||Staraptite|Intimidate|Protect,Roost,CloseCombat,BraveBird|Jolly||M|||50|]Garchomp||LifeOrb|RoughSkin|Protect,RockSlide,Earthquake,DragonClaw|Jolly||F|||50|]Whimsicott||FocusSash|Prankster|Moonblast,Tailwind,Encore,Protect|Timid||F|||50|]Delphox||Delphoxite|Magician|Protect,Psychic,HeatWave,NastyPlot|Timid||F|||50|]Glimmora||ExpertBelt|ToxicDebris|SpikyShield,SludgeBomb,EarthPower,PowerGem|Timid||F|||50|]Kingambit||ChopleBerry|Defiant|SuckerPunch,Protect,IronHead,KowtowCleave|Adamant||M|||50|\n|showteam|p2|Scolipede||FocusSash|SpeedBoost|LeechLife,GunkShot,Protect,RockSlide|Naughty||M|||50|]Liepard||WhiteHerb|Unburden|Taunt,DarkPulse,PlayRough,FakeOut|Timid||F|||50|]Aurorus||ExpertBelt|SnowWarning|EarthPower,AuroraVeil,Blizzard,FlashCannon|Relaxed||F|||50|]Charizard||CharizarditeX|Blaze|DragonDance,DragonClaw,FlareBlitz,Protect|Adamant||M|||50|]Meganium||Meganiumite|Overgrow|DazzlingGleam,Earthquake,EnergyBall,Protect|Modest||F|||50|]Starmie||Starminite|Analytic|Thunderbolt,PowerGem,HydroPump,Protect|Timid|||||50|\n|\n|t:|1788346392\n|teamsize|p1|4\n|teamsize|p2|4\n|start\n|switch|p1a: Whimsicott|Whimsicott, L50, F|100/100\n|switch|p1b: Staraptor|Staraptor, L50, M|100/100\n|switch|p2a: Liepard|Liepard, L50, F|100/100\n|switch|p2b: Charizard|Charizard, L50, M|100/100\n|-ability|p1b: Staraptor|Intimidate|boost\n|-unboost|p2a: Liepard|atk|1\n|-unboost|p2b: Charizard|atk|1\n|-enditem|p2a: Liepard|White Herb\n|-clearnegativeboost|p2a: Liepard|[silent]\n|turn|1\n|\n|t:|1788346406\n|detailschange|p1b: Staraptor|Staraptor-Mega, L50, M\n|-mega|p1b: Staraptor|Staraptor|Staraptite\n|detailschange|p2b: Charizard|Charizard-Mega-X, L50, M\n|-mega|p2b: Charizard|Charizard|Charizardite X\n|move|p2a: Liepard|Fake Out|p1b: Staraptor\n|-damage|p1b: Staraptor|92/100\n|move|p1a: Whimsicott|Tailwind|p1a: Whimsicott\n|-sidestart|p1: KattaMou|move: Tailwind\n|cant|p1b: Staraptor|flinch\n|move|p2b: Charizard|Dragon Dance|p2b: Charizard\n|-boost|p2b: Charizard|atk|1\n|-boost|p2b: Charizard|spe|1\n|\n|upkeep\n|turn|2\n|\n|t:|1788346423\n|move|p1a: Whimsicott|Encore|p2b: Charizard\n|-start|p2b: Charizard|Encore\n|move|p1b: Staraptor|Close Combat|p2a: Liepard\n|-supereffective|p2a: Liepard|1\n|-damage|p2a: Liepard|0 fnt\n|-boost|p1b: Staraptor|def|1\n|-boost|p1b: Staraptor|spd|1\n|faint|p2a: Liepard\n|move|p2b: Charizard|Dragon Dance|p2b: Charizard\n|-boost|p2b: Charizard|atk|1\n|-boost|p2b: Charizard|spe|1\n|\n|upkeep\n|\n|t:|1788346438\n|switch|p2a: Meganium|Meganium, L50, F|100/100\n|turn|3\n|c|☆KiLLERFROG1987|how did star raptor go first?\n|\n|t:|1788346454\n|switch|p2b: Starmie|Starmie, L50|100/100\n|move|p1a: Whimsicott|Moonblast|p2b: Starmie\n|-damage|p2b: Starmie|53/100\n|move|p1b: Staraptor|Brave Bird|p2a: Meganium\n|-supereffective|p2a: Meganium|1\n|-damage|p2a: Meganium|0 fnt\n|faint|p2a: Meganium\n|-damage|p1b: Staraptor|65/100|[from] Recoil\n|\n|upkeep\n|\n|t:|1788346465\n|switch|p2a: Charizard|Charizard-Mega-X, L50, M|100/100\n|turn|4\n|\n|t:|1788346473\n|move|p1a: Whimsicott|Protect|p1a: Whimsicott\n|-singleturn|p1a: Whimsicott|Protect\n|move|p1b: Staraptor|Protect|p1b: Staraptor\n|-singleturn|p1b: Staraptor|Protect\n|move|p2b: Starmie|Thunderbolt|p1b: Staraptor\n|-activate|p1b: Staraptor|move: Protect\n|move|p2a: Charizard|Flare Blitz|p1a: Whimsicott\n|-activate|p1a: Whimsicott|move: Protect\n|\n|-sideend|p1: KattaMou|move: Tailwind\n|upkeep\n|turn|5\n|c|☆KattaMou|Tailwind\n|n|!KiLLERFROG1987|killerfrog1987\n|inactive|Battle timer is ON: inactive players will automatically lose when time's up. (requested by KiLLERFROG1987)\n|\n|t:|1788346554\n|move|p2b: Starmie|Protect|p2b: Starmie\n|-singleturn|p2b: Starmie|Protect\n|move|p2a: Charizard|Protect|p2a: Charizard\n|-singleturn|p2a: Charizard|Protect\n|move|p1a: Whimsicott|Tailwind|p1a: Whimsicott\n|-sidestart|p1: KattaMou|move: Tailwind\n|move|p1b: Staraptor|Brave Bird|p2b: Starmie\n|-activate|p2b: Starmie|move: Protect\n|\n|upkeep\n|turn|6\n|\n|t:|1788346570\n|move|p1a: Whimsicott|Encore|p2a: Charizard\n|-start|p2a: Charizard|Encore\n|move|p2a: Charizard|Protect||[still]\n|-fail|p2a: Charizard\n|move|p1b: Staraptor|Brave Bird|p2b: Starmie\n|-damage|p2b: Starmie|0 fnt\n|faint|p2b: Starmie\n|-damage|p1b: Staraptor|52/100|[from] Recoil\n|\n|upkeep\n|turn|7\n|\n|t:|1788346585\n|move|p2a: Charizard|Protect|p2a: Charizard\n|-singleturn|p2a: Charizard|Protect\n|move|p1a: Whimsicott|Moonblast|p2a: Charizard\n|-activate|p2a: Charizard|move: Protect\n|move|p1b: Staraptor|Roost|p1b: Staraptor\n|-heal|p1b: Staraptor|100/100\n|-singleturn|p1b: Staraptor|move: Roost\n|\n|upkeep\n|turn|8\n|\n|t:|1788346604\n|move|p2a: Charizard|Protect|p2a: Charizard\n|-singleturn|p2a: Charizard|Protect\n|move|p1a: Whimsicott|Moonblast|p2a: Charizard\n|-activate|p2a: Charizard|move: Protect\n|move|p1b: Staraptor|Close Combat|p2a: Charizard\n|-activate|p2a: Charizard|move: Protect\n|\n|-end|p2a: Charizard|Encore\n|-sideend|p1: KattaMou|move: Tailwind\n|upkeep\n|turn|9\n|\n|t:|1788346615\n|move|p1a: Whimsicott|Moonblast|p2a: Charizard\n|-damage|p2a: Charizard|64/100\n|-unboost|p2a: Charizard|spa|1\n|move|p1b: Staraptor|Close Combat|p2a: Charizard\n|-damage|p2a: Charizard|2/100\n|-boost|p1b: Staraptor|def|1\n|-boost|p1b: Staraptor|spd|1\n|move|p2a: Charizard|Flare Blitz|p1a: Whimsicott\n|-supereffective|p1a: Whimsicott|1\n|-enditem|p1a: Whimsicott|Focus Sash\n|-damage|p1a: Whimsicott|1/100\n|-damage|p2a: Charizard|0 fnt|[from] Recoil\n|faint|p2a: Charizard\n|\n|win|KattaMou\n","uploadtime":1788346481,"views":"7","formatid":"gen9championsvgc2026regmbbo3","rating":null,"private":0,"password":null}