{"id":"gen9championsvgc2026regmb-2674269169","format":"[Gen 9 Champions] VGC 2026 Reg M-B","players":["suibianwanle","Rtahmass"],"log":"|j|☆suibianwanle\n|j|☆Rtahmass\n|t:|1788327712\n|gametype|doubles\n|player|p1|suibianwanle|1|1668\n|player|p2|Rtahmass|170|1699\n|gen|9\n|tier|[Gen 9 Champions] VGC 2026 Reg M-B\n|rated|\n|rule|Species Clause: Limit one of each Pokémon\n|rule|Item Clause: Limit 1 of each item\n|clearpoke\n|poke|p1|Charizard, L50, F|\n|poke|p1|Venusaur, L50, F|\n|poke|p1|Incineroar, L50, M|\n|poke|p1|Garchomp, L50, F|\n|poke|p1|Sylveon, L50, F|\n|poke|p1|Toxapex, L50, F|\n|poke|p2|Sneasler, L50, F|\n|poke|p2|Whimsicott, L50, M|\n|poke|p2|Raichu, L50, F|\n|poke|p2|Kingambit, L50, M|\n|poke|p2|Ceruledge, L50, F|\n|poke|p2|Vanilluxe, L50, F|\n|teampreview|4\n|inactive|Battle timer is ON: inactive players will automatically lose when time's up. (requested by suibianwanle)\n|\n|t:|1788327758\n|teamsize|p1|4\n|teamsize|p2|4\n|start\n|switch|p1a: Charizard|Charizard, L50, F|100/100\n|switch|p1b: Sylveon|Sylveon, L50, F|100/100\n|switch|p2a: Sneasler|Sneasler, L50, F|100/100\n|switch|p2b: Raichu|Raichu, L50, F|100/100\n|turn|1\n|inactive|suibianwanle has 30 seconds left.\n|inactive|Rtahmass has 30 seconds left.\n|inactive|Rtahmass has 20 seconds left.\n|j| JavaDragon\n|inactive|Rtahmass has 15 seconds left.\n|inactive|Rtahmass has 10 seconds left.\n|j| CYCHICGGXXgdgzdif\n|inactive|Rtahmass has 5 seconds left.\n|\n|t:|1788327810\n|switch|p1a: Garchomp|Garchomp, L50, F|100/100\n|switch|p1b: Incineroar|Incineroar, L50, M|100/100\n|-ability|p1b: Incineroar|Intimidate|boost\n|-unboost|p2a: Sneasler|atk|1\n|-unboost|p2b: Raichu|atk|1\n|-enditem|p2a: Sneasler|White Herb\n|-clearnegativeboost|p2a: Sneasler|[silent]\n|detailschange|p2b: Raichu|Raichu-Mega-Y, L50, F\n|-mega|p2b: Raichu|Raichu|Raichunite Y\n|move|p2a: Sneasler|Fake Out|p1b: Incineroar\n|-crit|p1b: Incineroar\n|-damage|p1b: Incineroar|85/100\n|move|p2b: Raichu|Zap Cannon|p1a: Garchomp\n|-immune|p1a: Garchomp\n|\n|upkeep\n|turn|2\n|inactive|suibianwanle has 30 seconds left.\n|\n|t:|1788327842\n|switch|p1b: Sylveon|Sylveon, L50, F|100/100\n|move|p2b: Raichu|Protect|p2b: Raichu\n|-singleturn|p2b: Raichu|Protect\n|move|p2a: Sneasler|Close Combat|p1b: Sylveon\n|-resisted|p1b: Sylveon|1\n|-damage|p1b: Sylveon|70/100\n|-unboost|p2a: Sneasler|def|1\n|-unboost|p2a: Sneasler|spd|1\n|move|p1a: Garchomp|Stomping Tantrum|p2b: Raichu\n|-activate|p2b: Raichu|move: Protect\n|\n|upkeep\n|turn|3\n|inactive|Rtahmass has 30 seconds left.\n|\n|t:|1788327875\n|switch|p2b: Ceruledge|Ceruledge, L50, F|100/100\n|move|p1b: Sylveon|Detect|p1b: Sylveon\n|-singleturn|p1b: Sylveon|Protect\n|move|p2a: Sneasler|Close Combat|p1b: Sylveon\n|-activate|p1b: Sylveon|move: Protect\n|move|p1a: Garchomp|Stomping Tantrum|p2a: Sneasler\n|-supereffective|p2a: Sneasler|1\n|-damage|p2a: Sneasler|0 fnt\n|faint|p2a: Sneasler\n|\n|upkeep\n|\n|t:|1788327890\n|switch|p2a: Vanilluxe|Vanilluxe, L50, F|100/100\n|-weather|Snowscape|[from] ability: Snow Warning|[of] p2a: Vanilluxe\n|turn|4\n|\n|t:|1788327903\n|switch|p1a: Incineroar|Incineroar, L50, M|85/100\n|-ability|p1a: Incineroar|Intimidate|boost\n|-unboost|p2a: Vanilluxe|atk|1\n|-unboost|p2b: Ceruledge|atk|1\n|switch|p2a: Raichu|Raichu-Mega-Y, L50, F|100/100\n|move|p2b: Ceruledge|Bitter Blade|p1b: Sylveon\n|-damage|p1b: Sylveon|34/100\n|move|p1b: Sylveon|Hyper Voice|p2b: Ceruledge|[spread] p2a,p2b\n|-resisted|p2b: Ceruledge|1\n|-damage|p2a: Raichu|44/100\n|-damage|p2b: Ceruledge|78/100\n|\n|-weather|Snowscape|[upkeep]\n|upkeep\n|turn|5\n|inactive|Rtahmass has 30 seconds left.\n|inactive|Rtahmass has 20 seconds left.\n|inactive|suibianwanle has 30 seconds left.\n|inactive|Rtahmass has 15 seconds left.\n|inactive|Rtahmass has 10 seconds left.\n|\n|t:|1788327952\n|switch|p2b: Vanilluxe|Vanilluxe, L50, F|100/100\n|switch|p1a: Garchomp|Garchomp, L50, F|100/100\n|move|p2a: Raichu|Zap Cannon|p1b: Sylveon\n|-damage|p1b: Sylveon|0 fnt\n|faint|p1b: Sylveon\n|\n|-weather|Snowscape|[upkeep]\n|upkeep\n|\n|t:|1788327961\n|switch|p1b: Charizard|Charizard, L50, F|100/100\n|turn|6\n|inactive|Rtahmass has 30 seconds left.\n|j| metayarrak\n|inactive|Rtahmass has 20 seconds left.\n|inactive|Rtahmass has 15 seconds left.\n|inactive|Rtahmass has 10 seconds left.\n|\n|t:|1788328008\n|switch|p1a: Incineroar|Incineroar, L50, M|85/100\n|-ability|p1a: Incineroar|Intimidate|boost\n|-unboost|p2a: Raichu|atk|1\n|-unboost|p2b: Vanilluxe|atk|1\n|detailschange|p1b: Charizard|Charizard-Mega-Y, L50, F\n|-mega|p1b: Charizard|Charizard|Charizardite Y\n|-weather|SunnyDay|[from] ability: Drought|[of] p1b: Charizard\n|move|p1b: Charizard|Protect|p1b: Charizard\n|-singleturn|p1b: Charizard|Protect\n|move|p2b: Vanilluxe|Ice Beam|p1a: Incineroar\n|-resisted|p1a: Incineroar|1\n|-damage|p1a: Incineroar|67/100\n|move|p2a: Raichu|Zap Cannon|p1a: Incineroar\n|-damage|p1a: Incineroar|4/100\n|-status|p1a: Incineroar|par\n|-enditem|p1a: Incineroar|Sitrus Berry|[eat]\n|-heal|p1a: Incineroar|29/100 par|[from] item: Sitrus Berry\n|\n|-weather|SunnyDay|[upkeep]\n|upkeep\n|turn|7\n|j| 282839393m\n|j| Tigertiger03\n|inactive|suibianwanle has 30 seconds left.\n|inactive|Rtahmass has 30 seconds left.\n|inactive|suibianwanle has 20 seconds left.\n|inactive|Rtahmass has 20 seconds left.\n|\n|t:|1788328046\n|switch|p2b: Ceruledge|Ceruledge, L50, F|78/100\n|move|p2a: Raichu|Protect|p2a: Raichu\n|-singleturn|p2a: Raichu|Protect\n|cant|p1a: Incineroar|par\n|move|p1b: Charizard|Ancient Power|p2b: Ceruledge\n|-supereffective|p2b: Ceruledge|1\n|-damage|p2b: Ceruledge|34/100\n|-boost|p1b: Charizard|atk|1\n|-boost|p1b: Charizard|def|1\n|-boost|p1b: Charizard|spa|1\n|-boost|p1b: Charizard|spd|1\n|-boost|p1b: Charizard|spe|1\n|\n|-weather|SunnyDay|[upkeep]\n|upkeep\n|turn|8\n|inactive|Rtahmass has 30 seconds left.\n|inactive|Rtahmass has 20 seconds left.\n|inactive|Rtahmass has 15 seconds left.\n|\n|t:|1788328089\n|switch|p2b: Vanilluxe|Vanilluxe, L50, F|100/100\n|-weather|Snowscape|[from] ability: Snow Warning|[of] p2b: Vanilluxe\n|switch|p1a: Garchomp|Garchomp, L50, F|100/100\n|move|p1b: Charizard|Weather Ball|p2a: Raichu\n|-damage|p2a: Raichu|0 fnt\n|faint|p2a: Raichu\n|\n|-weather|Snowscape|[upkeep]\n|upkeep\n|\n|t:|1788328100\n|switch|p2a: Ceruledge|Ceruledge, L50, F|34/100\n|turn|9\n|inactive|suibianwanle has 30 seconds left.\n|\n|t:|1788328128\n|switch|p1a: Incineroar|Incineroar, L50, M|29/100 par\n|-ability|p1a: Incineroar|Intimidate|boost\n|-unboost|p2a: Ceruledge|atk|1\n|-unboost|p2b: Vanilluxe|atk|1\n|move|p2b: Vanilluxe|Blizzard|p1a: Incineroar|[spread] p1a,p1b\n|-resisted|p1a: Incineroar|1\n|-damage|p1a: Incineroar|13/100 par\n|-damage|p1b: Charizard|76/100\n|move|p1b: Charizard|Ancient Power|p2a: Ceruledge\n|-supereffective|p2a: Ceruledge|1\n|-damage|p2a: Ceruledge|0 fnt\n|faint|p2a: Ceruledge\n|\n|-weather|Snowscape|[upkeep]\n|upkeep\n|turn|10\n|\n|t:|1788328142\n|move|p1a: Incineroar|Fake Out|p2b: Vanilluxe\n|-crit|p2b: Vanilluxe\n|-damage|p2b: Vanilluxe|83/100\n|cant|p2b: Vanilluxe|flinch\n|move|p1b: Charizard|Ancient Power|p2b: Vanilluxe\n|-supereffective|p2b: Vanilluxe|1\n|-damage|p2b: Vanilluxe|0 fnt\n|faint|p2b: Vanilluxe\n|\n|win|suibianwanle\n|raw|suibianwanle's rating: 1668 &rarr; <strong>1690</strong><br />(+22 for winning)\n|raw|Rtahmass's rating: 1699 &rarr; <strong>1677</strong><br />(-22 for losing)\n|l|☆Rtahmass\n|player|p2|\n","uploadtime":1788328158,"views":"1","formatid":"gen9championsvgc2026regmb","rating":1677,"private":0,"password":null}