{"id":"gen9championsvgc2026regmb-2673859467","format":"[Gen 9 Champions] VGC 2026 Reg M-B","players":["MrCiuffo00","777skills"],"log":"|j|☆MrCiuffo00\n|j|☆777skills\n|t:|1788269626\n|gametype|doubles\n|player|p1|MrCiuffo00|102|1198\n|player|p2|777skills|102|1141\n|gen|9\n|tier|[Gen 9 Champions] VGC 2026 Reg M-B\n|rated|\n|rule|Species Clause: Limit one of each Pokémon\n|rule|Item Clause: Limit 1 of each item\n|clearpoke\n|poke|p1|Froslass, L50, F|\n|poke|p1|Sneasler, L50, M|\n|poke|p1|Lycanroc-Dusk, L50, M|\n|poke|p1|Basculegion, L50, M|\n|poke|p1|Kingambit, L50, F|\n|poke|p1|Scovillain, L50, M|\n|poke|p2|Basculegion, L50, M|\n|poke|p2|Clefable, L50, F|\n|poke|p2|Meganium, L50, M|\n|poke|p2|Rotom-Heat, L50|\n|poke|p2|Annihilape, L50, F|\n|poke|p2|Gholdengo, L50|\n|teampreview|4\n|inactive|Battle timer is ON: inactive players will automatically lose when time's up. (requested by 777skills)\n|inactive|MrCiuffo00 has 60 seconds left.\n|\n|t:|1788269715\n|teamsize|p1|4\n|teamsize|p2|4\n|start\n|switch|p1a: Froslass|Froslass, L50, F|100/100\n|switch|p1b: Sneasler|Sneasler, L50, M|100/100\n|switch|p2a: Clefable|Clefable, L50, F|100/100\n|switch|p2b: Gholdengo|Gholdengo, L50|100/100\n|turn|1\n|\n|t:|1788269734\n|detailschange|p1a: Froslass|Froslass-Mega, L50, F\n|-mega|p1a: Froslass|Froslass|Froslassite\n|-weather|Snowscape|[from] ability: Snow Warning|[of] p1a: Froslass\n|move|p1a: Froslass|Aurora Veil|p1a: Froslass\n|-sidestart|p1: MrCiuffo00|move: Aurora Veil\n|move|p1b: Sneasler|Gunk Shot|p2a: Clefable|[miss]\n|-miss|p1b: Sneasler|p2a: Clefable\n|move|p2b: Gholdengo|Make It Rain|p1b: Sneasler|[spread] p1a,p1b\n|-supereffective|p1a: Froslass|1\n|-damage|p1a: Froslass|20/100y\n|-damage|p1b: Sneasler|44/100\n|-unboost|p2b: Gholdengo|spa|2\n|-damage|p2b: Gholdengo|90/100|[from] item: Life Orb\n|move|p2a: Clefable|Psyshock|p1b: Sneasler\n|-supereffective|p1b: Sneasler|2\n|-damage|p1b: Sneasler|0 fnt\n|faint|p1b: Sneasler\n|\n|-weather|Snowscape|[upkeep]\n|upkeep\n|\n|t:|1788269752\n|switch|p1b: Kingambit|Kingambit, L50, F|100/100\n|turn|2\n|\n|t:|1788269763\n|move|p2a: Clefable|Follow Me|p2a: Clefable\n|-singleturn|p2a: Clefable|move: Follow Me\n|move|p1a: Froslass|Shadow Ball|p2a: Clefable\n|-damage|p2a: Clefable|61/100\n|move|p2b: Gholdengo|Make It Rain|p1a: Froslass|[spread] p1a,p1b\n|-supereffective|p1a: Froslass|1\n|-resisted|p1b: Kingambit|1\n|-damage|p1a: Froslass|0 fnt\n|-damage|p1b: Kingambit|89/100\n|-unboost|p2b: Gholdengo|spa|2\n|faint|p1a: Froslass\n|-damage|p2b: Gholdengo|80/100|[from] item: Life Orb\n|move|p1b: Kingambit|Swords Dance|p1b: Kingambit\n|-boost|p1b: Kingambit|atk|2\n|\n|-weather|Snowscape|[upkeep]\n|-heal|p2a: Clefable|67/100|[from] item: Leftovers\n|upkeep\n|\n|t:|1788269782\n|switch|p1a: Lycanroc|Lycanroc-Dusk, L50, M|100/100\n|turn|3\n|\n|t:|1788269789\n|switch|p2b: Rotom|Rotom-Heat, L50|100/100\n|move|p1a: Lycanroc|Rock Slide|p2a: Clefable|[spread] \n|-miss|p1a: Lycanroc|p2a: Clefable\n|-miss|p1a: Lycanroc|p2b: Rotom\n|move|p2a: Clefable|Drain Punch|p1b: Kingambit\n|-supereffective|p1b: Kingambit|2\n|-damage|p1b: Kingambit|64/100\n|-heal|p2a: Clefable|80/100|[from] drain|[of] p1b: Kingambit\n|move|p1b: Kingambit|Kowtow Cleave|p2b: Rotom\n|-damage|p2b: Rotom|0 fnt\n|faint|p2b: Rotom\n|\n|-weather|Snowscape|[upkeep]\n|-heal|p2a: Clefable|86/100|[from] item: Leftovers\n|upkeep\n|\n|t:|1788269804\n|switch|p2b: Meganium|Meganium, L50, M|100/100\n|turn|4\n|\n|t:|1788269817\n|detailschange|p2b: Meganium|Meganium-Mega, L50, M\n|-mega|p2b: Meganium|Meganium|Meganiumite\n|move|p2a: Clefable|Follow Me|p2a: Clefable\n|-singleturn|p2a: Clefable|move: Follow Me\n|move|p1b: Kingambit|Sucker Punch||[still]\n|-fail|p1b: Kingambit\n|move|p1a: Lycanroc|Rock Slide|p2a: Clefable|[spread] p2a,p2b\n|-damage|p2a: Clefable|62/100\n|-damage|p2b: Meganium|68/100\n|move|p2b: Meganium|Weather Ball|p1b: Kingambit\n|-supereffective|p1b: Kingambit|1\n|-damage|p1b: Kingambit|0 fnt\n|faint|p1b: Kingambit\n|\n|-weather|Snowscape|[upkeep]\n|-heal|p2a: Clefable|68/100|[from] item: Leftovers\n|upkeep\n|turn|5\n|-message|MrCiuffo00 forfeited.\n|\n|win|777skills\n|raw|MrCiuffo00's rating: 1198 &rarr; <strong>1169</strong><br />(-29 for losing)\n|raw|777skills's rating: 1141 &rarr; <strong>1170</strong><br />(+29 for winning)\n|l|☆MrCiuffo00\n|player|p1|\n","uploadtime":1788269836,"views":"1","formatid":"gen9championsvgc2026regmb","rating":1169,"private":0,"password":null}