{"id":"gen9championsvgc2026regmbbo3-2674110477","format":"[Gen 9 Champions] VGC 2026 Reg M-B (Bo3)","players":["fa15eh0pe","djgrooves213"],"log":"|j|☆fa15eh0pe\n|j|☆djgrooves213\n|html|<table width=\"100%\"><tr><td align=\"left\">fa15eh0pe</td><td align=\"right\">djgrooves213</tr><tr><td align=\"left\"><i class=\"fa fa-circle-o\"></i> <i class=\"fa fa-circle-o\"></i> </td><td align=\"right\"><i class=\"fa fa-circle-o\"></i> <i class=\"fa fa-circle-o\"></i> </tr></table>\n|uhtml|bestof|<h2><strong>Game 1</strong> of <a href=\"/game-bestof3-gen9championsvgc2026regmbbo3-2674110476\">a best-of-3</a></h2>\n|t:|1788300594\n|gametype|doubles\n|player|p1|fa15eh0pe|2|1151\n|player|p2|djgrooves213|2|1124\n|gen|9\n|tier|[Gen 9 Champions] VGC 2026 Reg M-B (Bo3)\n|rated|\n|rule|Species Clause: Limit one of each Pokémon\n|rule|Item Clause: Limit 1 of each item\n|clearpoke\n|poke|p1|Raichu, L50, M|\n|poke|p1|Gholdengo, L50|\n|poke|p1|Whimsicott, L50, F|\n|poke|p1|Garchomp, L50, M|\n|poke|p1|Basculegion, L50, M, shiny|\n|poke|p1|Sylveon, L50, M, shiny|\n|poke|p2|Arcanine, L50, M, shiny|\n|poke|p2|Froslass, L50, F, shiny|\n|poke|p2|Chesnaught, L50, M, shiny|\n|poke|p2|Farigiraf, L50, M, shiny|\n|poke|p2|Milotic, L50, M, shiny|\n|poke|p2|Dragonite, L50, M, shiny|\n|teampreview|4\n|showteam|p1|Raichu||RaichuniteY|LightningRod|ZapCannon,FakeOut,FocusBlast,Protect|Timid||M|||50|]Gholdengo||LifeOrb|GoodasGold|MakeItRain,NastyPlot,ShadowBall,Protect|Modest|||||50|]Whimsicott||FocusSash|Prankster|Tailwind,Moonblast,Encore,Protect|Modest||F|||50|]Garchomp||SitrusBerry|RoughSkin|RockSlide,StompingTantrum,DragonClaw,Protect|Jolly||M|||50|]Basculegion||SpellTag|Adaptability|Protect,WaveCrash,LastRespects,AquaJet|Adamant||M|||50|]Sylveon||FairyFeather|Pixilate|HyperVoice,HyperBeam,QuickAttack,Protect|Modest||M|||50|\n|showteam|p2|Arcanine||ShucaBerry|Intimidate|Protect,ExtremeSpeed,ScorchingSands,Flamethrower|Relaxed||M|||50|]Froslass||Froslassite|SnowCloak|AuroraVeil,Protect,Blizzard,ShadowBall|Timid||F|||50|]Chesnaught||Chesnaughtite|Bulletproof|WideGuard,SpikyShield,BodyPress,WoodHammer|Relaxed||M|||50|]Farigiraf||SitrusBerry|ArmorTail|TrickRoom,Protect,FoulPlay,Psychic|Bold||M|||50|]Milotic||Leftovers|Competitive|Scald,IceBeam,LifeDew,Protect|Bold||M|||50|]Dragonite||LifeOrb|InnerFocus|DragonClaw,ExtremeSpeed,Superpower,Protect|Jolly||M|||50|\n|inactive|Battle timer is ON: inactive players will automatically lose when time's up. (requested by fa15eh0pe)\n|inactive|djgrooves213 has 60 seconds left.\n|\n|t:|1788300643\n|teamsize|p1|4\n|teamsize|p2|4\n|start\n|switch|p1a: Sylveon|Sylveon, L50, M, shiny|100/100\n|switch|p1b: Garchomp|Garchomp, L50, M|100/100\n|switch|p2a: Froslass|Froslass, L50, F, shiny|100/100\n|switch|p2b: Arcanine|Arcanine, L50, M, shiny|100/100\n|-ability|p2b: Arcanine|Intimidate|boost\n|-unboost|p1a: Sylveon|atk|1\n|-unboost|p1b: Garchomp|atk|1\n|turn|1\n|inactive|djgrooves213 has 30 seconds left.\n|inactive|djgrooves213 has 20 seconds left.\n|inactive|djgrooves213 has 15 seconds left.\n|inactive|djgrooves213 has 10 seconds left.\n|\n|t:|1788300692\n|switch|p1b: Basculegion|Basculegion, L50, M, shiny|100/100\n|move|p2a: Froslass|Protect|p2a: Froslass\n|-singleturn|p2a: Froslass|Protect\n|move|p2b: Arcanine|Flamethrower|p1a: Sylveon\n|-damage|p1a: Sylveon|73/100\n|move|p1a: Sylveon|Hyper Beam|p2a: Froslass\n|-activate|p2a: Froslass|move: Protect\n|\n|upkeep\n|turn|2\n|\n|t:|1788300717\n|switch|p2a: Milotic|Milotic, L50, M, shiny|100/100\n|move|p2b: Arcanine|Protect|p2b: Arcanine\n|-singleturn|p2b: Arcanine|Protect\n|move|p1b: Basculegion|Wave Crash|p2b: Arcanine\n|-activate|p2b: Arcanine|move: Protect\n|move|p1a: Sylveon|Hyper Beam|p2a: Milotic\n|-damage|p2a: Milotic|31/100\n|-mustrecharge|p1a: Sylveon\n|\n|-heal|p2a: Milotic|37/100|[from] item: Leftovers\n|upkeep\n|turn|3\n|\n|t:|1788300733\n|switch|p1b: Garchomp|Garchomp, L50, M|100/100\n|switch|p2b: Chesnaught|Chesnaught, L50, M, shiny|100/100\n|move|p2a: Milotic|Life Dew||[still]|[spread] p2a,p2b\n|-heal|p2a: Milotic|62/100\n|-fail|p2b: Chesnaught|heal\n|cant|p1a: Sylveon|recharge\n|\n|-heal|p2a: Milotic|68/100|[from] item: Leftovers\n|upkeep\n|turn|4\n|\n|t:|1788300757\n|switch|p2b: Arcanine|Arcanine, L50, M, shiny|100/100\n|-ability|p2b: Arcanine|Intimidate|boost\n|-unboost|p1a: Sylveon|atk|1\n|-unboost|p1b: Garchomp|atk|1\n|move|p1b: Garchomp|Dragon Claw|p2a: Milotic\n|-damage|p2a: Milotic|48/100\n|move|p2a: Milotic|Life Dew||[still]|[spread] p2a,p2b\n|-heal|p2a: Milotic|73/100\n|-fail|p2b: Arcanine|heal\n|move|p1a: Sylveon|Hyper Voice|p2a: Milotic|[spread] p2a,p2b\n|-resisted|p2b: Arcanine|1\n|-damage|p2a: Milotic|43/100\n|-damage|p2b: Arcanine|78/100\n|\n|-heal|p2a: Milotic|49/100|[from] item: Leftovers\n|upkeep\n|turn|5\n|\n|t:|1788300780\n|move|p2a: Milotic|Protect|p2a: Milotic\n|-singleturn|p2a: Milotic|Protect\n|move|p1b: Garchomp|Rock Slide|p2b: Arcanine|[spread] p2b\n|-activate|p2a: Milotic|move: Protect\n|-supereffective|p2b: Arcanine|1\n|-damage|p2b: Arcanine|57/100\n|cant|p2b: Arcanine|flinch\n|move|p1a: Sylveon|Hyper Beam|p2a: Milotic\n|-activate|p2a: Milotic|move: Protect\n|\n|-heal|p2a: Milotic|55/100|[from] item: Leftovers\n|upkeep\n|turn|6\n|\n|t:|1788300796\n|move|p1b: Garchomp|Rock Slide|p2a: Milotic|[spread] p2a\n|-miss|p1b: Garchomp|p2b: Arcanine\n|-damage|p2a: Milotic|46/100\n|move|p2b: Arcanine|Flamethrower|p1a: Sylveon\n|-damage|p1a: Sylveon|47/100\n|move|p2a: Milotic|Life Dew|p2a: Milotic|[spread] p2a,p2b\n|-heal|p2a: Milotic|71/100\n|-heal|p2b: Arcanine|82/100\n|move|p1a: Sylveon|Hyper Beam|p2a: Milotic\n|-damage|p2a: Milotic|6/100\n|-mustrecharge|p1a: Sylveon\n|\n|-heal|p2a: Milotic|12/100|[from] item: Leftovers\n|upkeep\n|turn|7\n|inactive|djgrooves213 has 30 seconds left.\n|\n|t:|1788300826\n|move|p2b: Arcanine|Extreme Speed|p1a: Sylveon\n|-damage|p1a: Sylveon|27/100\n|move|p1b: Garchomp|Rock Slide|p2b: Arcanine|[spread] p2a,p2b\n|-supereffective|p2b: Arcanine|1\n|-damage|p2a: Milotic|2/100\n|-damage|p2b: Arcanine|61/100\n|move|p2a: Milotic|Life Dew|p2a: Milotic|[spread] p2a,p2b\n|-heal|p2a: Milotic|27/100\n|-heal|p2b: Arcanine|86/100\n|cant|p1a: Sylveon|recharge\n|\n|-heal|p2a: Milotic|33/100|[from] item: Leftovers\n|upkeep\n|turn|8\n|\n|t:|1788300840\n|move|p1b: Garchomp|Rock Slide|p2b: Arcanine|[spread] p2a,p2b\n|-supereffective|p2b: Arcanine|1\n|-damage|p2a: Milotic|24/100\n|-damage|p2b: Arcanine|65/100\n|move|p2b: Arcanine|Flamethrower|p1a: Sylveon\n|-crit|p1a: Sylveon\n|-damage|p1a: Sylveon|0 fnt\n|faint|p1a: Sylveon\n|move|p2a: Milotic|Ice Beam|p1b: Garchomp\n|-supereffective|p1b: Garchomp|2\n|-damage|p1b: Garchomp|15/100\n|-status|p1b: Garchomp|frz\n|-enditem|p1b: Garchomp|Sitrus Berry|[eat]\n|-heal|p1b: Garchomp|40/100 frz|[from] item: Sitrus Berry\n|\n|-heal|p2a: Milotic|30/100|[from] item: Leftovers\n|upkeep\n|\n|t:|1788300852\n|switch|p1a: Raichu|Raichu, L50, M|100/100\n|turn|9\n|\n|t:|1788300858\n|switch|p2a: Chesnaught|Chesnaught, L50, M, shiny|100/100\n|detailschange|p1a: Raichu|Raichu-Mega-Y, L50, M\n|-mega|p1a: Raichu|Raichu|Raichunite Y\n|move|p1a: Raichu|Zap Cannon|p2b: Arcanine\n|-damage|p2b: Arcanine|0 fnt\n|faint|p2b: Arcanine\n|cant|p1b: Garchomp|frz\n|\n|upkeep\n|\n|t:|1788300874\n|switch|p2b: Froslass|Froslass, L50, F, shiny|100/100\n|turn|10\n|inactive|djgrooves213 has 30 seconds left.\n|\n|t:|1788300903\n|detailschange|p2b: Froslass|Froslass-Mega, L50, F, shiny\n|-mega|p2b: Froslass|Froslass|Froslassite\n|-weather|Snowscape|[from] ability: Snow Warning|[of] p2b: Froslass\n|move|p1a: Raichu|Zap Cannon|p2b: Froslass\n|-damage|p2b: Froslass|25/100\n|-status|p2b: Froslass|par\n|cant|p1b: Garchomp|frz\n|move|p2b: Froslass|Blizzard|p1b: Garchomp|[spread] p1a,p1b\n|-supereffective|p1b: Garchomp|2\n|-damage|p1a: Raichu|38/100\n|-damage|p1b: Garchomp|0 fnt\n|faint|p1b: Garchomp\n|move|p2a: Chesnaught|Body Press|p1a: Raichu\n|-damage|p1a: Raichu|0 fnt\n|faint|p1a: Raichu\n|\n|-weather|Snowscape|[upkeep]\n|upkeep\n|\n|t:|1788300912\n|switch|p1a: Basculegion|Basculegion, L50, M, shiny|100/100\n|turn|11\n|\n|t:|1788300919\n|move|p1a: Basculegion|Last Respects|p2a: Chesnaught\n|-damage|p2a: Chesnaught|0 fnt\n|faint|p2a: Chesnaught\n|move|p2b: Froslass|Shadow Ball|p1a: Basculegion\n|-supereffective|p1a: Basculegion|1\n|-damage|p1a: Basculegion|4/100\n|-unboost|p1a: Basculegion|spd|1\n|\n|-weather|Snowscape|[upkeep]\n|upkeep\n|\n|t:|1788300922\n|switch|p2a: Milotic|Milotic, L50, M, shiny|30/100\n|turn|12\n|\n|t:|1788300925\n|move|p1a: Basculegion|Last Respects|p2b: Froslass\n|-supereffective|p2b: Froslass|1\n|-damage|p2b: Froslass|0 fnt\n|faint|p2b: Froslass\n|move|p2a: Milotic|Scald|p1a: Basculegion\n|-resisted|p1a: Basculegion|1\n|-damage|p1a: Basculegion|0 fnt\n|faint|p1a: Basculegion\n|\n|win|djgrooves213\n||fa15eh0pe is ready for game 2.\n||djgrooves213 is ready for game 2.\n|uhtml|next|Next: <a href=\"/battle-gen9championsvgc2026regmbbo3-2674112717\"><strong>Game 2 of 3</strong></a>\n|l|☆fa15eh0pe\n|player|p1|\n","uploadtime":1788301117,"views":"18","formatid":"gen9championsvgc2026regmbbo3","rating":null,"private":0,"password":null}