{"id":"gen9championsvgc2026regmbbo3-2674209325","format":"[Gen 9 Champions] VGC 2026 Reg M-B (Bo3)","players":["Cheribat","cantchat_sorry"],"log":"|j|☆Cheribat\n|j|☆cantchat_sorry\n|html|<table width=\"100%\"><tr><td align=\"left\">Cheribat</td><td align=\"right\">cantchat_sorry</tr><tr><td align=\"left\"><i class=\"fa fa-circle\"></i> <i class=\"fa fa-circle-o\"></i> </td><td align=\"right\"><i class=\"fa fa-circle-o\"></i> <i class=\"fa fa-circle\"></i> </tr></table>\n|uhtml|bestof|<h2><strong>Game 3</strong> of <a href=\"/game-bestof3-gen9championsvgc2026regmbbo3-2674205705\">a best-of-3</a></h2>\n|t:|1788315840\n|gametype|doubles\n|player|p1|Cheribat|waitress-gen4|1081\n|player|p2|cantchat_sorry|clair|1136\n|gen|9\n|tier|[Gen 9 Champions] VGC 2026 Reg M-B (Bo3)\n|rated|\n|rule|Species Clause: Limit one of each Pokémon\n|rule|Item Clause: Limit 1 of each item\n|clearpoke\n|poke|p1|Metagross, L50|\n|poke|p1|Milotic, L50, F|\n|poke|p1|Volcarona, L50, F|\n|poke|p1|Sneasler, L50, F|\n|poke|p1|Hydreigon, L50, F|\n|poke|p1|Zoroark-Hisui, L50, F, shiny|\n|poke|p2|Garchomp, L50, M|\n|poke|p2|Tyranitar, L50, M|\n|poke|p2|Corviknight, L50, F, shiny|\n|poke|p2|Milotic, L50, M|\n|poke|p2|Sinistcha, L50|\n|poke|p2|Ceruledge, L50, F|\n|teampreview|4\n|showteam|p1|Metagross||Metagrossite|ClearBody|PsychicFangs,MeteorMash,StompingTantrum,Protect|Jolly|||||50|]Milotic||Leftovers|Competitive|Scald,IceBeam,Recover,Protect|Modest||F|||50|]Volcarona||SitrusBerry|FlameBody|RagePowder,StruggleBug,Tailwind,Flamethrower|Bold||F|||50|]Sneasler||WhiteHerb|Unburden|CloseCombat,DireClaw,FakeOut,Uturn|Adamant||F|||50|]Hydreigon||ChoiceScarf|Levitate|DracoMeteor,EarthPower,DarkPulse,FlashCannon|Modest||F|||50|]Zoroark-Hisui||FocusSash|Illusion|BitterMalice,Taunt,IcyWind,WillOWisp|Timid||F|||50|\n|showteam|p2|Garchomp||Garchompite|RoughSkin|EarthPower,DracoMeteor,PowerGem,Protect|Modest||M|||50|]Tyranitar||ChoiceScarf|SandStream|KnockOff,RockSlide,IcePunch,LowKick|Jolly||M|||50|]Corviknight||LifeOrb|MirrorArmor|BraveBird,IronHead,Tailwind,Protect|Jolly||F|||50|]Milotic||SitrusBerry|Competitive|Scald,IcyWind,Haze,Protect|Bold||M|||50|]Sinistcha||KasibBerry|Hospitality|MatchaGotcha,RagePowder,TrickRoom,Protect|Bold|||||50|]Ceruledge||ColburBerry|FlashFire|BitterBlade,ShadowSneak,BulkUp,Protect|Adamant||F|||50|\n|inactive|Battle timer is ON: inactive players will automatically lose when time's up. (requested by cantchat_sorry)\n|\n|t:|1788315855\n|teamsize|p1|4\n|teamsize|p2|4\n|start\n|switch|p1a: Sneasler|Sneasler, L50, F|100/100\n|switch|p1b: Volcarona|Volcarona, L50, F|100/100\n|switch|p2a: Tyranitar|Tyranitar, L50, M|100/100\n|switch|p2b: Corviknight|Corviknight, L50, F, shiny|100/100\n|-weather|Sandstorm|[from] ability: Sand Stream|[of] p2a: Tyranitar\n|turn|1\n|\n|t:|1788315880\n|move|p2a: Tyranitar|Rock Slide|p1a: Sneasler|[spread] p1a,p1b\n|-resisted|p1a: Sneasler|1\n|-supereffective|p1b: Volcarona|2\n|-damage|p1a: Sneasler|73/100\n|-damage|p1b: Volcarona|4/100\n|-enditem|p1b: Volcarona|Sitrus Berry|[eat]\n|-heal|p1b: Volcarona|29/100|[from] item: Sitrus Berry\n|cant|p1a: Sneasler|flinch\n|move|p2b: Corviknight|Tailwind|p2b: Corviknight\n|-sidestart|p2: cantchat_sorry|move: Tailwind\n|move|p1b: Volcarona|Flamethrower|p2b: Corviknight\n|-supereffective|p2b: Corviknight|1\n|-damage|p2b: Corviknight|1/100\n|\n|-weather|Sandstorm|[upkeep]\n|-damage|p1a: Sneasler|68/100|[from] Sandstorm\n|-damage|p1b: Volcarona|22/100|[from] Sandstorm\n|upkeep\n|turn|2\n|\n|t:|1788315898\n|switch|p1b: Metagross|Metagross, L50|100/100\n|move|p2a: Tyranitar|Rock Slide|p1a: Sneasler|[spread] p1a,p1b\n|-resisted|p1a: Sneasler|1\n|-resisted|p1b: Metagross|1\n|-damage|p1a: Sneasler|43/100\n|-damage|p1b: Metagross|87/100\n|move|p2b: Corviknight|Brave Bird|p1a: Sneasler\n|-supereffective|p1a: Sneasler|1\n|-damage|p1a: Sneasler|0 fnt\n|faint|p1a: Sneasler\n|-damage|p2b: Corviknight|0 fnt|[from] Recoil\n|faint|p2b: Corviknight\n|\n|-weather|Sandstorm|[upkeep]\n|upkeep\n|\n|t:|1788315911\n|switch|p1a: Hydreigon|Hydreigon, L50, F|100/100\n|switch|p2b: Milotic|Milotic, L50, M|100/100\n|turn|3\n|\n|t:|1788315934\n|switch|p2a: Sinistcha|Sinistcha, L50|100/100\n|detailschange|p1b: Metagross|Metagross-Mega, L50\n|-mega|p1b: Metagross|Metagross|Metagrossite\n|move|p1a: Hydreigon|Dark Pulse|p2b: Milotic\n|-damage|p2b: Milotic|68/100\n|move|p2b: Milotic|Icy Wind|p1b: Metagross|[spread] p1a,p1b\n|-supereffective|p1a: Hydreigon|1\n|-resisted|p1b: Metagross|1\n|-damage|p1a: Hydreigon|77/100\n|-damage|p1b: Metagross|82/100\n|-unboost|p1a: Hydreigon|spe|1\n|-unboost|p1b: Metagross|spe|1\n|move|p1b: Metagross|Meteor Mash|p2a: Sinistcha\n|-crit|p2a: Sinistcha\n|-damage|p2a: Sinistcha|16/100\n|\n|-weather|Sandstorm|[upkeep]\n|-damage|p2b: Milotic|62/100|[from] Sandstorm\n|-damage|p2a: Sinistcha|10/100|[from] Sandstorm\n|-damage|p1a: Hydreigon|71/100|[from] Sandstorm\n|upkeep\n|turn|4\n|inactive|Cheribat has 30 seconds left.\n|\n|t:|1788315962\n|move|p2b: Milotic|Icy Wind|p1a: Hydreigon|[spread] p1a,p1b\n|-supereffective|p1a: Hydreigon|1\n|-resisted|p1b: Metagross|1\n|-damage|p1a: Hydreigon|48/100\n|-damage|p1b: Metagross|77/100\n|-unboost|p1a: Hydreigon|spe|1\n|-unboost|p1b: Metagross|spe|1\n|move|p2a: Sinistcha|Matcha Gotcha|p1b: Metagross|[spread] p1a,p1b\n|-resisted|p1a: Hydreigon|1\n|-resisted|p1b: Metagross|1\n|-damage|p1a: Hydreigon|34/100\n|-heal|p2a: Sinistcha|17/100|[from] drain|[of] p1a: Hydreigon\n|-damage|p1b: Metagross|64/100\n|-heal|p2a: Sinistcha|23/100|[from] drain|[of] p1b: Metagross\n|move|p1a: Hydreigon|Dark Pulse|p2a: Sinistcha\n|-supereffective|p2a: Sinistcha|1\n|-damage|p2a: Sinistcha|0 fnt\n|faint|p2a: Sinistcha\n|move|p1b: Metagross|Psychic Fangs|p2b: Milotic\n|-damage|p2b: Milotic|17/100\n|-enditem|p2b: Milotic|Sitrus Berry|[eat]\n|-heal|p2b: Milotic|42/100|[from] item: Sitrus Berry\n|\n|-weather|Sandstorm|[upkeep]\n|-damage|p2b: Milotic|36/100|[from] Sandstorm\n|-damage|p1a: Hydreigon|28/100|[from] Sandstorm\n|-sideend|p2: cantchat_sorry|move: Tailwind\n|upkeep\n|\n|t:|1788315977\n|switch|p2a: Tyranitar|Tyranitar, L50, M|100/100\n|turn|5\n|\n|t:|1788315996\n|move|p2a: Tyranitar|Knock Off|p1b: Metagross\n|-supereffective|p1b: Metagross|1\n|-damage|p1b: Metagross|11/100\n|move|p1a: Hydreigon|Dark Pulse|p2b: Milotic\n|-damage|p2b: Milotic|1/100\n|move|p2b: Milotic|Scald|p1b: Metagross\n|-damage|p1b: Metagross|0 fnt\n|faint|p1b: Metagross\n|\n|-weather|none\n|upkeep\n|\n|t:|1788316006\n|switch|p1b: Volcarona|Volcarona, L50, F|22/100\n|turn|6\n|\n|t:|1788316015\n|move|p2b: Milotic|Protect|p2b: Milotic\n|-singleturn|p2b: Milotic|Protect\n|move|p2a: Tyranitar|Knock Off|p1b: Volcarona\n|-damage|p1b: Volcarona|0 fnt\n|faint|p1b: Volcarona\n|move|p1a: Hydreigon|Dark Pulse|p2b: Milotic\n|-activate|p2b: Milotic|move: Protect\n|\n|upkeep\n|turn|7\n|\n|t:|1788316028\n|move|p2a: Tyranitar|Knock Off|p1a: Hydreigon\n|-resisted|p1a: Hydreigon|1\n|-damage|p1a: Hydreigon|0 fnt\n|-enditem|p1a: Hydreigon|Choice Scarf|[from] move: Knock Off|[of] p2a: Tyranitar\n|faint|p1a: Hydreigon\n|\n|win|cantchat_sorry\n|raw|Cheribat's rating: 1081 &rarr; <strong>1062</strong><br />(-19 for losing)\n|raw|cantchat_sorry's rating: 1136 &rarr; <strong>1157</strong><br />(+21 for winning)\n","uploadtime":1788316034,"views":"2","formatid":"gen9championsvgc2026regmbbo3","rating":1062,"private":0,"password":null}