{"id":"gen9championsvgc2026regmb-2673875675","format":"[Gen 9 Champions] VGC 2026 Reg M-B","players":["viceversa09","fimgetspimner"],"log":"|j|☆viceversa09\n|j|☆fimgetspimner\n|t:|1788271789\n|gametype|doubles\n|player|p1|viceversa09|giovanni|1175\n|player|p2|fimgetspimner|steven|1281\n|gen|9\n|tier|[Gen 9 Champions] VGC 2026 Reg M-B\n|rated|\n|rule|Species Clause: Limit one of each Pokémon\n|rule|Item Clause: Limit 1 of each item\n|clearpoke\n|poke|p1|Palafin, L50, F|\n|poke|p1|Incineroar, L50, M|\n|poke|p1|Sinistcha, L50|\n|poke|p1|Falinks, L50|\n|poke|p1|Dragalge, L50, M|\n|poke|p1|Aegislash, L50, F|\n|poke|p2|Aerodactyl, L50, M|\n|poke|p2|Kommo-o, L50, M|\n|poke|p2|Empoleon, L50, F|\n|poke|p2|Farigiraf, L50, F|\n|poke|p2|Raichu, L50, M|\n|poke|p2|Ninetales-Alola, L50, F|\n|teampreview|4\n|\n|t:|1788271813\n|teamsize|p1|4\n|teamsize|p2|4\n|start\n|switch|p1a: Wolfe's Incineroar|Incineroar, L50, M|100/100\n|switch|p1b: Palafin|Palafin, L50, F|100/100\n|switch|p2a: Farigiraf|Farigiraf, L50, F|100/100\n|switch|p2b: Empoleon|Empoleon, L50, F|100/100\n|-ability|p1a: Wolfe's Incineroar|Intimidate|boost\n|-unboost|p2a: Farigiraf|atk|1\n|-unboost|p2b: Empoleon|atk|1\n|-ability|p2b: Empoleon|Competitive|boost\n|-boost|p2b: Empoleon|spa|2\n|turn|1\n|\n|t:|1788271834\n|move|p2b: Empoleon|Hydro Pump|p1a: Wolfe's Incineroar\n|-supereffective|p1a: Wolfe's Incineroar|1\n|-damage|p1a: Wolfe's Incineroar|0 fnt\n|faint|p1a: Wolfe's Incineroar\n|move|p1b: Palafin|Flip Turn|p2a: Farigiraf\n|-damage|p2a: Farigiraf|74/100\n|\n|t:|1788271843\n|detailschange|p1b: Palafin|Palafin-Hero, L50, F\n|switch|p1b: Falinks|Falinks, L50|100/100|[from] Flip Turn\n|move|p2a: Farigiraf|Thunder Wave|p1b: Falinks\n|-status|p1b: Falinks|par\n|\n|upkeep\n|\n|t:|1788271853\n|switch|p1a: Palafin|Palafin-Hero, L50, F|100/100\n|-activate|p1a: Palafin|ability: Zero to Hero\n|turn|2\n|\n|t:|1788271875\n|move|p1b: Falinks|Protect|p1b: Falinks\n|-singleturn|p1b: Falinks|Protect\n|move|p2b: Empoleon|Hydro Pump|p1b: Falinks\n|-activate|p1b: Falinks|move: Protect\n|move|p1a: Palafin|Wave Crash|p2a: Farigiraf\n|-damage|p2a: Farigiraf|0 fnt\n|faint|p2a: Farigiraf\n|-damage|p1a: Palafin|68/100|[from] Recoil\n|\n|upkeep\n|\n|t:|1788271892\n|switch|p2a: Ninetales|Ninetales-Alola, L50, F|100/100\n|-weather|Snowscape|[from] ability: Snow Warning|[of] p2a: Ninetales\n|turn|3\n|\n|t:|1788271905\n|detailschange|p1b: Falinks|Falinks-Mega, L50\n|-mega|p1b: Falinks|Falinks|Falinksite\n|move|p2b: Empoleon|Hydro Pump|p1a: Palafin\n|-resisted|p1a: Palafin|1\n|-damage|p1a: Palafin|6/100\n|move|p2a: Ninetales|Aurora Veil|p2a: Ninetales\n|-sidestart|p2: fimgetspimner|move: Aurora Veil\n|move|p1a: Palafin|Wave Crash|p2a: Ninetales\n|-damage|p2a: Ninetales|43/100\n|-damage|p1a: Palafin|0 fnt|[from] Recoil\n|faint|p1a: Palafin\n|move|p1b: Falinks|Close Combat|p2b: Empoleon\n|-supereffective|p2b: Empoleon|1\n|-damage|p2b: Empoleon|2/100\n|-unboost|p1b: Falinks|def|1\n|-unboost|p1b: Falinks|spd|1\n|\n|-weather|Snowscape|[upkeep]\n|upkeep\n|\n|t:|1788271923\n|switch|p1a: Sinistcha|Sinistcha, L50|100/100\n|turn|4\n|\n|t:|1788271928\n|move|p1b: Falinks|Protect|p1b: Falinks\n|-singleturn|p1b: Falinks|Protect\n|move|p2b: Empoleon|Hydro Pump|p1b: Falinks\n|-activate|p1b: Falinks|move: Protect\n|move|p2a: Ninetales|Blizzard|p1a: Sinistcha|[spread] p1a\n|-activate|p1b: Falinks|move: Protect\n|-supereffective|p1a: Sinistcha|1\n|-damage|p1a: Sinistcha|49/100\n|move|p1a: Sinistcha|Matcha Gotcha|p2b: Empoleon|[spread] p2a,p2b\n|-damage|p2a: Ninetales|25/100\n|-heal|p1a: Sinistcha|57/100|[from] drain|[of] p2a: Ninetales\n|-damage|p2b: Empoleon|0 fnt\n|-heal|p1a: Sinistcha|58/100|[from] drain|[of] p2b: Empoleon\n|faint|p2b: Empoleon\n|\n|-weather|Snowscape|[upkeep]\n|-heal|p1a: Sinistcha|64/100|[from] item: Leftovers\n|upkeep\n|\n|t:|1788271949\n|switch|p2b: Aerodactyl|Aerodactyl, L50, M|100/100\n|-ability|p2b: Aerodactyl|Unnerve\n|turn|5\n|\n|t:|1788271968\n|detailschange|p2b: Aerodactyl|Aerodactyl-Mega, L50, M\n|-mega|p2b: Aerodactyl|Aerodactyl|Aerodactylite\n|move|p1a: Sinistcha|Rage Powder|p1a: Sinistcha\n|-singleturn|p1a: Sinistcha|move: Rage Powder\n|move|p2b: Aerodactyl|Rock Slide|p1a: Sinistcha|[spread] p1a\n|-miss|p2b: Aerodactyl|p1b: Falinks\n|-damage|p1a: Sinistcha|38/100\n|move|p2a: Ninetales|Blizzard|p1a: Sinistcha|[spread] p1a,p1b\n|-supereffective|p1a: Sinistcha|1\n|-damage|p1a: Sinistcha|0 fnt\n|-damage|p1b: Falinks|23/100 par\n|faint|p1a: Sinistcha\n|move|p1b: Falinks|Close Combat|p2a: Ninetales\n|-damage|p2a: Ninetales|0 fnt\n|-unboost|p1b: Falinks|def|1\n|-unboost|p1b: Falinks|spd|1\n|faint|p2a: Ninetales\n|\n|-weather|Snowscape|[upkeep]\n|upkeep\n|turn|6\n|\n|t:|1788271994\n|move|p2b: Aerodactyl|Earthquake|p1b: Falinks\n|-damage|p1b: Falinks|0 fnt\n|faint|p1b: Falinks\n|\n|win|fimgetspimner\n|raw|viceversa09's rating: 1175 &rarr; <strong>1157</strong><br />(-18 for losing)\n|raw|fimgetspimner's rating: 1281 &rarr; <strong>1299</strong><br />(+18 for winning)\n|c|☆viceversa09|Gg\n","uploadtime":1788271999,"views":"1","formatid":"gen9championsvgc2026regmb","rating":1157,"private":0,"password":null}