{"id":"gen9championsvgc2026regmb-2674518348","format":"[Gen 9 Champions] VGC 2026 Reg M-B","players":["goblinwaltz","L'AGENCE ZACHHOEK"],"log":"|j|☆goblinwaltz\n|j|☆L'AGENCE ZACHHOEK\n|html|<table width=\"100%\"><tr><td align=\"left\">goblinwaltz</td><td align=\"right\">L&apos;AGENCE ZACHHOEK</tr><tr><td align=\"left\"><i class=\"fa fa-circle-o\"></i> <i class=\"fa fa-circle-o\"></i> </td><td align=\"right\"><i class=\"fa fa-circle-o\"></i> <i class=\"fa fa-circle\"></i> </tr></table>\n|uhtml|bestof|<h2><strong>Game 2</strong> of <a href=\"/game-bestof3-gen9championsvgc2026regmb-2674515025\">a best-of-3</a></h2>\n|t:|1788369230\n|gametype|doubles\n|player|p1|goblinwaltz|fantina|\n|player|p2|L'AGENCE ZACHHOEK|psychic-gen4|\n|gen|9\n|tier|[Gen 9 Champions] VGC 2026 Reg M-B\n|rule|Species Clause: Limit one of each Pokémon\n|rule|Item Clause: Limit 1 of each item\n|raw|<div class=\"infobox\"><details class=\"readmore\" open><summary><strong>1 custom rule:</strong></summary> bestof=3</details></div>\n|clearpoke\n|poke|p1|Sableye, L50, F|\n|poke|p1|Dragonite, L50, F|\n|poke|p1|Vaporeon, L50, F|\n|poke|p1|Simisear, L50, M|\n|poke|p1|Maushold-Four, L50|\n|poke|p1|Vileplume, L50, M|\n|poke|p2|Delphox, L50, M|\n|poke|p2|Blastoise, L50, F|\n|poke|p2|Clefable, L50, F|\n|poke|p2|Tinkaton, L50, F|\n|poke|p2|Noivern, L50, M|\n|poke|p2|Ariados, L50, M|\n|teampreview|4\ngoblinwaltz rejected open team sheets.\n|j| Mr.twang\n|\n|t:|1788369250\n|teamsize|p1|4\n|teamsize|p2|4\n|start\n|switch|p1a: Leeks|Simisear, L50, M|100/100\n|switch|p1b: Carrot|Maushold-Four, L50|100/100\n|switch|p2a: Noivern|Noivern, L50, M|100/100\n|switch|p2b: Clefable|Clefable, L50, F|100/100\n|-item|p1a: Leeks|Focus Sash|[from] ability: Frisk|[of] p2a: Noivern\n|-item|p1b: Carrot|Wide Lens|[from] ability: Frisk|[of] p2a: Noivern\n|turn|1\n|\n|t:|1788369275\n|switch|p2b: BIG MAN|Blastoise, L50, F|100/100\n|move|p1a: Leeks|Fake Out|p2a: Noivern\n|-damage|p2a: Noivern|87/100\n|cant|p2a: Noivern|flinch\n|move|p1b: Carrot|Population Bomb|p2a: Noivern\n|-damage|p2a: Noivern|71/100\n|-damage|p2a: Noivern|55/100\n|-crit|p2a: Noivern\n|-damage|p2a: Noivern|33/100\n|-damage|p2a: Noivern|18/100\n|-damage|p2a: Noivern|3/100\n|-damage|p2a: Noivern|0 fnt\n|faint|p2a: Noivern\n|-hitcount|p2: Noivern|6\n|\n|upkeep\n|\n|t:|1788369285\n|switch|p2a: Clefable|Clefable, L50, F|100/100\n|turn|2\n|\n|t:|1788369339\n|switch|p1b: Celery|Vileplume, L50, M|100/100\n|detailschange|p2a: Clefable|Clefable-Mega, L50, F\n|-mega|p2a: Clefable|Clefable|Clefablite\n|move|p2b: BIG MAN|Fake Out|p1b: Celery\n|-damage|p1b: Celery|88/100\n|move|p1a: Leeks|Sunny Day|p1a: Leeks\n|-weather|SunnyDay\n|move|p2a: Clefable|Moonblast|p1b: Celery\n|-resisted|p1b: Celery|1\n|-damage|p1b: Celery|55/100\n|\n|-weather|SunnyDay|[upkeep]\n|upkeep\n|turn|3\n|\n|t:|1788369362\n|move|p2a: Clefable|Protect|p2a: Clefable\n|-singleturn|p2a: Clefable|Protect\n|move|p1b: Celery|Solar Beam||[still]\n|-prepare|p1b: Celery|Solar Beam\n|-anim|p1b: Celery|Solar Beam|p2b: BIG MAN\n|-supereffective|p2b: BIG MAN|1\n|-crit|p2b: BIG MAN\n|-damage|p2b: BIG MAN|0 fnt\n|faint|p2b: BIG MAN\n|-damage|p1b: Celery|45/100|[from] item: Life Orb\n|move|p1a: Leeks|Flamethrower|p2a: Clefable\n|-activate|p2a: Clefable|move: Protect\n|\n|-weather|SunnyDay|[upkeep]\n|upkeep\n|\n|t:|1788369410\n|switch|p2b: Tinkaton|Tinkaton, L50, F|100/100\n|-ability|p2b: Tinkaton|Mold Breaker\n|turn|4\n|\n|t:|1788369423\n|move|p2b: Tinkaton|Fake Out|p1a: Leeks\n|-damage|p1a: Leeks|79/100\n|move|p1b: Celery|Sludge Bomb|p2a: Clefable\n|-supereffective|p2a: Clefable|1\n|-damage|p2a: Clefable|0 fnt\n|faint|p2a: Clefable\n|-damage|p1b: Celery|35/100|[from] item: Life Orb\n|cant|p1a: Leeks|flinch\n|\n|-weather|SunnyDay|[upkeep]\n|upkeep\n|turn|5\n|\n|t:|1788369434\n|move|p1b: Celery|Solar Beam||[still]\n|-prepare|p1b: Celery|Solar Beam\n|-anim|p1b: Celery|Solar Beam|p2b: Tinkaton\n|-resisted|p2b: Tinkaton|1\n|-damage|p2b: Tinkaton|60/100\n|-damage|p1b: Celery|25/100|[from] item: Life Orb\n|move|p1a: Leeks|Flamethrower|p2b: Tinkaton\n|-supereffective|p2b: Tinkaton|1\n|-damage|p2b: Tinkaton|0 fnt\n|faint|p2b: Tinkaton\n|\n|win|goblinwaltz\n||L'AGENCE ZACHHOEK is ready for game 3.\n||goblinwaltz is ready for game 3.\n|uhtml|next|Next: <a href=\"/battle-gen9championsvgc2026regmb-2674520152\"><strong>Game 3 of 3</strong></a>\n|l|☆goblinwaltz\n|player|p1|\n|l| Mr.twang\n","uploadtime":1788369453,"views":"2","formatid":"gen9championsvgc2026regmb","rating":null,"private":0,"password":null}