{"id":"gen9championsvgc2026regmbbo3-2674340751","format":"[Gen 9 Champions] VGC 2026 Reg M-B (Bo3)","players":["TrustInClang","shibikanon"],"log":"|j|☆TrustInClang\n|j|☆shibikanon\n|html|<table width=\"100%\"><tr><td align=\"left\">TrustInClang</td><td align=\"right\">shibikanon</tr><tr><td align=\"left\"><i class=\"fa fa-circle-o\"></i> <i class=\"fa fa-circle-o\"></i> </td><td align=\"right\"><i class=\"fa fa-circle-o\"></i> <i class=\"fa fa-circle-o\"></i> </tr></table>\n|uhtml|bestof|<h2><strong>Game 1</strong> of <a href=\"/game-bestof3-gen9championsvgc2026regmbbo3-2674340750\">a best-of-3</a></h2>\n|t:|1788344783\n|gametype|doubles\n|player|p1|TrustInClang|cowgirl|1267\n|player|p2|shibikanon|skyla-masters3|1413\n|gen|9\n|tier|[Gen 9 Champions] VGC 2026 Reg M-B (Bo3)\n|rated|\n|rule|Species Clause: Limit one of each Pokémon\n|rule|Item Clause: Limit 1 of each item\n|clearpoke\n|poke|p1|Chandelure, L50, F|\n|poke|p1|Kommo-o, L50, F|\n|poke|p1|Whimsicott, L50, M|\n|poke|p1|Kingambit, L50, M|\n|poke|p1|Floette-Eternal, L50, F|\n|poke|p1|Kangaskhan, L50, F|\n|poke|p2|Charizard, L50, F, shiny|\n|poke|p2|Sylveon, L50, F, shiny|\n|poke|p2|Incineroar, L50, M|\n|poke|p2|Rhyperior, L50, F|\n|poke|p2|Farigiraf, L50, M|\n|poke|p2|Basculegion, L50, M|\n|teampreview|4\n|showteam|p1|Chandelure||FocusSash|FlashFire|HeatWave,ShadowBall,TrickRoom,Protect|Modest||F|||50|]Kommo-o||LifeOrb|Soundproof|ClangingScales,AuraSphere,VacuumWave,Protect|Modest||F|||50|]Whimsicott||FairyFeather|Prankster|Moonblast,Tailwind,FakeTears,Encore|Timid||M|||50|]Kingambit||ChopleBerry|Defiant|KowtowCleave,SuckerPunch,IronHead,Protect|Adamant||M|||50|]Floette-Eternal||Floettite|FlowerVeil|Moonblast,DazzlingGleam,Substitute,Protect|Modest||F|||50|]Kangaskhan||Kangaskhanite|Scrappy|FakeOut,DoubleEdge,IcePunch,LowKick|Adamant||F|||50|\n|showteam|p2|Charizard||CharizarditeY|Blaze|HeatWave,WeatherBall,SolarBeam,Protect|Modest||F|||50|]Sylveon||FairyFeather|Pixilate|HyperVoice,QuickAttack,HyperBeam,Detect|Modest||F|||50|]Incineroar||SitrusBerry|Intimidate|FlareBlitz,ThroatChop,PartingShot,FakeOut|Adamant||M|||50|]Rhyperior||LifeOrb|SolidRock|HighHorsepower,RockSlide,IcePunch,Protect|Brave||F|||50|]Farigiraf||ColburBerry|ArmorTail|Psychic,Thunderbolt,TrickRoom,Protect|Modest||M|||50|]Basculegion||ChoiceScarf|Adaptability|WaveCrash,LastRespects,AquaJet,FlipTurn|Jolly||M|||50|\n|inactive|Battle timer is ON: inactive players will automatically lose when time's up. (requested by shibikanon)\n|inactive|TrustInClang has 60 seconds left.\n|inactive|shibikanon has 60 seconds left.\n|\n|t:|1788344829\n|teamsize|p1|4\n|teamsize|p2|4\n|start\n|switch|p1a: Floette|Floette-Eternal, L50, F|100/100\n|switch|p1b: Kangaskhan|Kangaskhan, L50, F|100/100\n|switch|p2a: Basculegion|Basculegion, L50, M|100/100\n|switch|p2b: Farigiraf|Farigiraf, L50, M|100/100\n|turn|1\n|l|☆TrustInClang\n|inactive|TrustInClang disconnected and has a minute to reconnect!\n|player|p1|\n|j|☆TrustInClang\n|inactive|TrustInClang reconnected and has 40 seconds left.\n|player|p1|TrustInClang|cowgirl|\n|\n|t:|1788344851\n|detailschange|p1a: Floette|Floette-Mega, L50, F\n|-mega|p1a: Floette|Floette|Floettite\n|-ability|p1a: Floette|Fairy Aura\n|move|p2b: Farigiraf|Protect|p2b: Farigiraf\n|-singleturn|p2b: Farigiraf|Protect\n|move|p2a: Basculegion|Wave Crash|p1a: Floette\n|-crit|p1a: Floette\n|-damage|p1a: Floette|0 fnt\n|faint|p1a: Floette\n|-damage|p2a: Basculegion|71/100|[from] Recoil\n|move|p1b: Kangaskhan|Double-Edge|p2b: Farigiraf\n|-activate|p2b: Farigiraf|move: Protect\n|\n|upkeep\n|\n|t:|1788344858\n|switch|p1a: Kingambit|Kingambit, L50, M|100/100\n|turn|2\n|\n|t:|1788344878\n|switch|p2b: Rhyperior|Rhyperior, L50, F|100/100\n|move|p2a: Basculegion|Wave Crash|p1a: Kingambit\n|-damage|p1a: Kingambit|41/100\n|-damage|p2a: Basculegion|50/100g|[from] Recoil\n|move|p1b: Kangaskhan|Double-Edge|p2b: Rhyperior\n|-resisted|p2b: Rhyperior|1\n|-damage|p2b: Rhyperior|81/100\n|-damage|p1b: Kangaskhan|92/100|[from] Recoil\n|move|p1a: Kingambit|Kowtow Cleave|p2b: Rhyperior\n|-damage|p2b: Rhyperior|48/100\n|\n|upkeep\n|turn|3\n|\n|t:|1788344897\n|switch|p2b: Farigiraf|Farigiraf, L50, M|100/100\n|move|p1a: Kingambit|Protect|p1a: Kingambit\n|-singleturn|p1a: Kingambit|Protect\n|move|p2a: Basculegion|Wave Crash|p1a: Kingambit\n|-activate|p1a: Kingambit|move: Protect\n|move|p1b: Kangaskhan|Double-Edge|p2a: Basculegion\n|-damage|p2a: Basculegion|0 fnt\n|faint|p2a: Basculegion\n|-damage|p1b: Kangaskhan|74/100|[from] Recoil\n|\n|upkeep\n|\n|t:|1788344905\n|switch|p2a: Charizard|Charizard, L50, F, shiny|100/100\n|turn|4\n|\n|t:|1788344910\n|switch|p1a: Chandelure|Chandelure, L50, F|100/100\n|detailschange|p2a: Charizard|Charizard-Mega-Y, L50, F, shiny\n|-mega|p2a: Charizard|Charizard|Charizardite Y\n|-weather|SunnyDay|[from] ability: Drought|[of] p2a: Charizard\n|move|p2b: Farigiraf|Protect|p2b: Farigiraf\n|-singleturn|p2b: Farigiraf|Protect\n|move|p1b: Kangaskhan|Double-Edge|p2b: Farigiraf\n|-activate|p2b: Farigiraf|move: Protect\n|move|p2a: Charizard|Weather Ball|p1b: Kangaskhan\n|-damage|p1b: Kangaskhan|0 fnt\n|faint|p1b: Kangaskhan\n|\n|-weather|SunnyDay|[upkeep]\n|upkeep\n|\n|t:|1788344912\n|switch|p1b: Kingambit|Kingambit, L50, M|41/100\n|turn|5\n|\n|t:|1788344919\n|move|p2a: Charizard|Protect|p2a: Charizard\n|-singleturn|p2a: Charizard|Protect\n|move|p1b: Kingambit|Protect|p1b: Kingambit\n|-singleturn|p1b: Kingambit|Protect\n|move|p1a: Chandelure|Heat Wave|p2b: Farigiraf|[spread] p2b\n|-activate|p2a: Charizard|move: Protect\n|-damage|p2b: Farigiraf|34/100\n|move|p2b: Farigiraf|Psychic|p1a: Chandelure\n|-damage|p1a: Chandelure|45/100\n|\n|-weather|SunnyDay|[upkeep]\n|upkeep\n|turn|6\n|l|☆TrustInClang\n|inactive|TrustInClang disconnected and has a minute to reconnect!\n|player|p1|\n|j|☆TrustInClang\n|inactive|TrustInClang reconnected and has 45 seconds left.\n|player|p1|TrustInClang|cowgirl|\n|\n|t:|1788344932\n|move|p2b: Farigiraf|Protect|p2b: Farigiraf\n|-singleturn|p2b: Farigiraf|Protect\n|move|p1b: Kingambit|Protect|p1b: Kingambit\n|-singleturn|p1b: Kingambit|Protect\n|move|p2a: Charizard|Weather Ball|p1b: Kingambit\n|-activate|p1b: Kingambit|move: Protect\n|move|p1a: Chandelure|Heat Wave|p2a: Charizard|[spread] p2a\n|-activate|p2b: Farigiraf|move: Protect\n|-resisted|p2a: Charizard|1\n|-damage|p2a: Charizard|67/100\n|\n|-weather|SunnyDay|[upkeep]\n|upkeep\n|turn|7\n|\n|t:|1788344938\n|move|p2a: Charizard|Weather Ball|p1b: Kingambit\n|-supereffective|p1b: Kingambit|1\n|-damage|p1b: Kingambit|0 fnt\n|faint|p1b: Kingambit\n|move|p1a: Chandelure|Heat Wave|p2a: Charizard|[spread] p2a\n|-miss|p1a: Chandelure|p2b: Farigiraf\n|-resisted|p2a: Charizard|1\n|-damage|p2a: Charizard|36/100\n|move|p2b: Farigiraf|Psychic|p1a: Chandelure\n|-damage|p1a: Chandelure|0 fnt\n|faint|p1a: Chandelure\n|\n|win|shibikanon\n","uploadtime":1788344938,"views":"1","formatid":"gen9championsvgc2026regmbbo3","rating":null,"private":0,"password":null}