{"id":"gen9championsvgc2026regmb-2674554810","format":"[Gen 9 Champions] VGC 2026 Reg M-B","players":["crobat394","Boxhead#915"],"log":"|j|☆crobat394\n|j|☆Boxhead#915\n|t:|1788373390\n|gametype|doubles\n|player|p1|crobat394|hiker-gen4|1066\n|player|p2|Boxhead#915|miku-grass|1068\n|gen|9\n|tier|[Gen 9 Champions] VGC 2026 Reg M-B\n|rated|\n|rule|Species Clause: Limit one of each Pokémon\n|rule|Item Clause: Limit 1 of each item\n|clearpoke\n|poke|p1|Falinks, L50|\n|poke|p1|Sableye, L50, F|\n|poke|p1|Clefable, L50, M|\n|poke|p1|Dragonite, L50, F|\n|poke|p1|Basculegion, L50, M|\n|poke|p1|Ditto, L50|\n|poke|p2|Bastiodon, L50, M|\n|poke|p2|Farigiraf, L50, M|\n|poke|p2|Camerupt, L50, M|\n|poke|p2|Torkoal, L50, M|\n|poke|p2|Sneasler, L50, M|\n|poke|p2|Gholdengo, L50|\n|teampreview|4\n|inactive|Battle timer is ON: inactive players will automatically lose when time's up. (requested by crobat394)\n|\n|t:|1788373404\n|teamsize|p1|4\n|teamsize|p2|4\n|start\n|switch|p1a: Falinks|Falinks, L50|100/100\n|switch|p1b: Sableye|Sableye, L50, F|100/100\n|switch|p2a: Farigiraf|Farigiraf, L50, M|100/100\n|switch|p2b: Torkoal|Torkoal, L50, M|100/100\n|-weather|SunnyDay|[from] ability: Drought|[of] p2b: Torkoal\n|turn|1\n|\n|t:|1788373416\n|detailschange|p1a: Falinks|Falinks-Mega, L50\n|-mega|p1a: Falinks|Falinks|Falinksite\n|move|p1b: Sableye|Mean Look|p1a: Falinks\n|-activate|p1a: Falinks|trapped\n|move|p1a: Falinks|No Retreat|p1a: Falinks\n|-boost|p1a: Falinks|atk|1\n|-boost|p1a: Falinks|def|1\n|-boost|p1a: Falinks|spa|1\n|-boost|p1a: Falinks|spd|1\n|-boost|p1a: Falinks|spe|1\n|move|p2b: Torkoal|Eruption|p1a: Falinks|[spread] p1a,p1b\n|-damage|p1a: Falinks|68/100\n|-damage|p1b: Sableye|21/100\n|move|p2a: Farigiraf|Trick Room|p2a: Farigiraf\n|-fieldstart|move: Trick Room|[of] p2a: Farigiraf\n|\n|-weather|SunnyDay|[upkeep]\n|upkeep\n|turn|2\n|inactive|Boxhead#915 has 30 seconds left.\n|\n|t:|1788373445\n|move|p1b: Sableye|Light Screen|p1b: Sableye\n|-sidestart|p1: crobat394|move: Light Screen\n|move|p2b: Torkoal|Eruption|p1b: Sableye|[spread] p1a,p1b\n|-damage|p1a: Falinks|47/100\n|-damage|p1b: Sableye|0 fnt\n|faint|p1b: Sableye\n|move|p2a: Farigiraf|Nasty Plot|p2a: Farigiraf\n|-boost|p2a: Farigiraf|spa|2\n|move|p1a: Falinks|No Retreat|p1a: Falinks\n|-boost|p1a: Falinks|atk|1\n|-boost|p1a: Falinks|def|1\n|-boost|p1a: Falinks|spa|1\n|-boost|p1a: Falinks|spd|1\n|-boost|p1a: Falinks|spe|1\n|-start|p1a: Falinks|move: No Retreat\n|\n|-weather|SunnyDay|[upkeep]\n|upkeep\n|\n|t:|1788373449\n|switch|p1b: Clefable|Clefable, L50, M|100/100\n|turn|3\n|\n|t:|1788373466\n|move|p2b: Torkoal|Eruption|p1b: Clefable|[spread] p1a,p1b\n|-damage|p1a: Falinks|29/100\n|-damage|p1b: Clefable|77/100\n|move|p1b: Clefable|Heal Pulse|p1a: Falinks\n|-heal|p1a: Falinks|79/100\n|move|p2a: Farigiraf|Dazzling Gleam|p1a: Falinks|[spread] p1a,p1b\n|-supereffective|p1a: Falinks|1\n|-damage|p1a: Falinks|54/100\n|-damage|p1b: Clefable|60/100\n|move|p1a: Falinks|No Retreat||[still]\n|-fail|p1a: Falinks\n|\n|-weather|SunnyDay|[upkeep]\n|-heal|p1b: Clefable|66/100|[from] item: Leftovers\n|upkeep\n|turn|4\n|\n|t:|1788373486\n|move|p2b: Torkoal|Eruption|p1a: Falinks|[spread] p1a,p1b\n|-damage|p1a: Falinks|37/100\n|-damage|p1b: Clefable|44/100\n|move|p1b: Clefable|Heal Pulse|p1a: Falinks\n|-heal|p1a: Falinks|87/100\n|move|p2a: Farigiraf|Nasty Plot|p2a: Farigiraf\n|-boost|p2a: Farigiraf|spa|2\n|move|p1a: Falinks|Knock Off|p2a: Farigiraf\n|-supereffective|p2a: Farigiraf|1\n|-enditem|p2a: Farigiraf|Focus Sash\n|-damage|p2a: Farigiraf|1/100\n|\n|-weather|SunnyDay|[upkeep]\n|-heal|p1b: Clefable|50/100g|[from] item: Leftovers\n|upkeep\n|turn|5\n|\n|t:|1788373502\n|move|p1a: Falinks|Protect|p1a: Falinks\n|-singleturn|p1a: Falinks|Protect\n|move|p2b: Torkoal|Eruption|p1a: Falinks|[spread] p1b\n|-activate|p1a: Falinks|move: Protect\n|-damage|p1b: Clefable|26/100\n|move|p1b: Clefable|Moonblast|p2a: Farigiraf\n|-damage|p2a: Farigiraf|0 fnt\n|faint|p2a: Farigiraf\n|\n|-weather|SunnyDay|[upkeep]\n|-heal|p1b: Clefable|32/100|[from] item: Leftovers\n|-fieldend|move: Trick Room\n|upkeep\n|\n|t:|1788373515\n|switch|p2a: Camerupt|Camerupt, L50, M|100/100\n|turn|6\n|\n|t:|1788373526\n|switch|p1b: Dragonite|Dragonite, L50, F|100/100\n|detailschange|p2a: Camerupt|Camerupt-Mega, L50, M\n|-mega|p2a: Camerupt|Camerupt|Cameruptite\n|move|p1a: Falinks|Body Press|p2b: Torkoal\n|-damage|p2b: Torkoal|58/100\n|move|p2a: Camerupt|Eruption|p1b: Dragonite|[spread] p1a,p1b\n|-resisted|p1b: Dragonite|1\n|-damage|p1a: Falinks|52/100\n|-damage|p1b: Dragonite|82/100\n|move|p2b: Torkoal|Eruption|p1a: Falinks|[spread] p1a,p1b\n|-resisted|p1b: Dragonite|1\n|-damage|p1a: Falinks|42/100\n|-damage|p1b: Dragonite|72/100\n|\n|-weather|SunnyDay|[upkeep]\n|-sideend|p1: crobat394|move: Light Screen\n|upkeep\n|turn|7\n|\n|t:|1788373542\n|switch|p1b: Clefable|Clefable, L50, M|32/100\n|move|p2b: Torkoal|Protect|p2b: Torkoal\n|-singleturn|p2b: Torkoal|Protect\n|move|p1a: Falinks|Body Press|p2a: Camerupt\n|-damage|p2a: Camerupt|22/100\n|move|p2a: Camerupt|Eruption|p1b: Clefable|[spread] p1a,p1b\n|-damage|p1a: Falinks|30/100\n|-damage|p1b: Clefable|17/100\n|\n|-weather|SunnyDay|[upkeep]\n|-heal|p1b: Clefable|23/100|[from] item: Leftovers\n|upkeep\n|turn|8\n|\n|t:|1788373555\n|move|p1a: Falinks|Body Press|p2b: Torkoal\n|-damage|p2b: Torkoal|17/100\n|move|p1b: Clefable|Heal Pulse|p1a: Falinks\n|-heal|p1a: Falinks|80/100\n|move|p2b: Torkoal|Heat Wave|p1a: Falinks|[spread] p1a,p1b\n|-damage|p1a: Falinks|64/100\n|-damage|p1b: Clefable|2/100\n|move|p2a: Camerupt|Heat Wave|p1a: Falinks|[spread] p1a,p1b\n|-damage|p1a: Falinks|20/100y\n|-damage|p1b: Clefable|0 fnt\n|faint|p1b: Clefable\n|\n|-weather|none\n|upkeep\n|\n|t:|1788373562\n|switch|p1b: Dragonite|Dragonite, L50, F|72/100\n|turn|9\n|\n|t:|1788373571\n|move|p1b: Dragonite|Extreme Speed|p2b: Torkoal\n|-damage|p2b: Torkoal|2/100\n|move|p1a: Falinks|Knock Off|p2a: Camerupt\n|-damage|p2a: Camerupt|0 fnt\n|faint|p2a: Camerupt\n|move|p2b: Torkoal|Heat Wave|p1a: Falinks|[spread] p1a,p1b\n|-resisted|p1b: Dragonite|1\n|-crit|p1b: Dragonite\n|-damage|p1a: Falinks|9/100\n|-damage|p1b: Dragonite|54/100\n|\n|upkeep\n|\n|t:|1788373578\n|switch|p2a: Bastiodon|Bastiodon, L50, M|100/100\n|turn|10\n|\n|t:|1788373583\n|move|p2b: Torkoal|Protect|p2b: Torkoal\n|-singleturn|p2b: Torkoal|Protect\n|move|p1b: Dragonite|Extreme Speed|p2b: Torkoal\n|-activate|p2b: Torkoal|move: Protect\n|move|p1a: Falinks|Body Press|p2a: Bastiodon\n|-supereffective|p2a: Bastiodon|2\n|-ability|p2a: Bastiodon|Sturdy\n|-damage|p2a: Bastiodon|1/100\n|move|p2a: Bastiodon|Ice Beam|p1b: Dragonite\n|-supereffective|p1b: Dragonite|2\n|-damage|p1b: Dragonite|0 fnt\n|faint|p1b: Dragonite\n|\n|upkeep\n|turn|11\n|\n|t:|1788373599\n|move|p1a: Falinks|Body Press|p2b: Torkoal\n|-damage|p2b: Torkoal|0 fnt\n|faint|p2b: Torkoal\n|move|p2a: Bastiodon|Ice Beam|p1a: Falinks\n|-damage|p1a: Falinks|0 fnt\n|faint|p1a: Falinks\n|\n|win|Boxhead#915\n|raw|crobat394's rating: 1066 &rarr; <strong>1046</strong><br />(-20 for losing)\n|raw|Boxhead#915's rating: 1068 &rarr; <strong>1098</strong><br />(+30 for winning)\n|l|☆crobat394\n|player|p1|\n","uploadtime":1788373621,"views":"7","formatid":"gen9championsvgc2026regmb","rating":1046,"private":0,"password":null}