{"id":"gen9championsvgc2026regmb-2674850770","format":"[Gen 9 Champions] VGC 2026 Reg M-B","players":["FoulScowl","ethalem"],"log":"|j|☆FoulScowl\n|j|☆ethalem\n|t:|1788421022\n|gametype|doubles\n|player|p1|FoulScowl|169|1446\n|player|p2|ethalem|acetrainer-gen4dp|1502\n|gen|9\n|tier|[Gen 9 Champions] VGC 2026 Reg M-B\n|rated|\n|rule|Species Clause: Limit one of each Pokémon\n|rule|Item Clause: Limit 1 of each item\n|clearpoke\n|poke|p1|Scrafty, L50, M|\n|poke|p1|Delphox, L50, F|\n|poke|p1|Aegislash, L50, M|\n|poke|p1|Rotom-Wash, L50|\n|poke|p1|Garchomp, L50, M|\n|poke|p1|Ninetales-Alola, L50, F|\n|poke|p2|Dragonite, L50, F|\n|poke|p2|Sneasler, L50, F|\n|poke|p2|Basculegion, L50, M|\n|poke|p2|Kingambit, L50, F|\n|poke|p2|Garchomp, L50, F|\n|poke|p2|Floette-Eternal, L50, F|\n|teampreview|4\n|inactive|Battle timer is ON: inactive players will automatically lose when time's up. (requested by ethalem)\nFoulScowl rejected open team sheets.\n|inactive|FoulScowl has 60 seconds left.\n|inactive|ethalem has 60 seconds left.\n|\n|t:|1788421055\n|teamsize|p1|4\n|teamsize|p2|4\n|start\n|switch|p1a: Rotom|Rotom-Wash, L50|100/100\n|switch|p1b: Garchomp|Garchomp, L50, M|100/100\n|switch|p2a: Kingambit|Kingambit, L50, F|100/100\n|switch|p2b: Floette|Floette-Eternal, L50, F|100/100\n|turn|1\n|\n|t:|1788421067\n|detailschange|p2b: Floette|Floette-Mega, L50, F\n|-mega|p2b: Floette|Floette|Floettite\n|-ability|p2b: Floette|Fairy Aura\n|move|p2a: Kingambit|Sucker Punch||[still]\n|-fail|p2a: Kingambit\n|move|p1a: Rotom|Will-O-Wisp|p2a: Kingambit\n|-status|p2a: Kingambit|brn\n|move|p2b: Floette|Dazzling Gleam|p1a: Rotom|[spread] p1a,p1b\n|-supereffective|p1b: Garchomp|1\n|-enditem|p1b: Garchomp|Roseli Berry|[eat]\n|-enditem|p1b: Garchomp|Roseli Berry|[weaken]\n|-damage|p1a: Rotom|43/100\n|-damage|p1b: Garchomp|50/100g\n|move|p1b: Garchomp|Earthquake|p2b: Floette|[spread] p2a,p2b\n|-immune|p1a: Rotom|[from] ability: Levitate\n|-supereffective|p2a: Kingambit|1\n|-crit|p2b: Floette\n|-damage|p2a: Kingambit|39/100 brn\n|-damage|p2b: Floette|23/100\n|\n|-damage|p2a: Kingambit|33/100 brn|[from] brn\n|upkeep\n|turn|2\n|inactive|FoulScowl has 30 seconds left.\n|\n|t:|1788421093\n|switch|p1a: Aegislash|Aegislash, L50, M|100/100\n|move|p2b: Floette|Protect|p2b: Floette\n|-singleturn|p2b: Floette|Protect\n|move|p2a: Kingambit|Sucker Punch||[still]\n|-fail|p2a: Kingambit\n|move|p1b: Garchomp|Poison Jab|p2b: Floette\n|-activate|p2b: Floette|move: Protect\n|\n|-damage|p2a: Kingambit|27/100 brn|[from] brn\n|upkeep\n|turn|3\n|\n|t:|1788421107\n|move|p1a: Aegislash|Wide Guard|p1a: Aegislash\n|-singleturn|p1a: Aegislash|Wide Guard\n|move|p2b: Floette|Moonblast|p1b: Garchomp\n|-supereffective|p1b: Garchomp|1\n|-damage|p1b: Garchomp|0 fnt\n|faint|p1b: Garchomp\n|move|p2a: Kingambit|Kowtow Cleave|p1a: Aegislash\n|-supereffective|p1a: Aegislash|1\n|-damage|p1a: Aegislash|61/100\n|\n|-damage|p2a: Kingambit|21/100 brn|[from] brn\n|upkeep\n|\n|t:|1788421117\n|switch|p1b: Delphox|Delphox, L50, F|100/100\n|turn|4\n|\n|t:|1788421126\n|switch|p1a: Rotom|Rotom-Wash, L50|43/100\n|detailschange|p1b: Delphox|Delphox-Mega, L50, F\n|-mega|p1b: Delphox|Delphox|Delphoxite\n|move|p2b: Floette|Protect|p2b: Floette\n|-singleturn|p2b: Floette|Protect\n|move|p1b: Delphox|Heat Wave|p2a: Kingambit|[spread] \n|-activate|p2b: Floette|move: Protect\n|-miss|p1b: Delphox|p2a: Kingambit\n|move|p2a: Kingambit|Kowtow Cleave|p1b: Delphox\n|-supereffective|p1b: Delphox|1\n|-damage|p1b: Delphox|43/100\n|\n|-damage|p2a: Kingambit|15/100 brn|[from] brn\n|upkeep\n|turn|5\n|inactive|ethalem has 30 seconds left.\n|inactive|ethalem has 20 seconds left.\n|\n|t:|1788421164\n|switch|p1a: Aegislash|Aegislash, L50, M|61/100\n|switch|p2b: Sneasler|Sneasler, L50, F|100/100\n|move|p2a: Kingambit|Sucker Punch|p1b: Delphox\n|-supereffective|p1b: Delphox|1\n|-damage|p1b: Delphox|0 fnt\n|faint|p1b: Delphox\n|\n|-damage|p2a: Kingambit|10/100 brn|[from] brn\n|upkeep\n|\n|t:|1788421172\n|switch|p1b: Rotom|Rotom-Wash, L50|43/100\n|turn|6\n|\n|t:|1788421186\n|move|p2b: Sneasler|Fake Out|p1b: Rotom\n|-damage|p1b: Rotom|25/100\n|-status|p1b: Rotom|psn|[from] ability: Poison Touch|[of] p2b: Sneasler\n|cant|p1b: Rotom|flinch\n|-formechange|p1a: Aegislash|Aegislash-Blade|\n|move|p1a: Aegislash|Poltergeist|p2b: Sneasler|[miss]\n|-miss|p1a: Aegislash|p2b: Sneasler\n|move|p2a: Kingambit|Kowtow Cleave|p1a: Aegislash\n|-supereffective|p1a: Aegislash|1\n|-damage|p1a: Aegislash|0 fnt\n|faint|p1a: Aegislash\n|\n|-damage|p1b: Rotom|12/100 psn|[from] psn\n|-damage|p2a: Kingambit|4/100 brn|[from] brn\n|upkeep\n|turn|7\n|-message|FoulScowl forfeited.\n|\n|win|ethalem\n|raw|FoulScowl's rating: 1446 &rarr; <strong>1429</strong><br />(-17 for losing)\n|raw|ethalem's rating: 1502 &rarr; <strong>1519</strong><br />(+17 for winning)\n|l|☆FoulScowl\n|player|p1|\n","uploadtime":1788421203,"views":"1","formatid":"gen9championsvgc2026regmb","rating":1429,"private":0,"password":null}