{"id":"gen9championsvgc2026regmb-2674684546","format":"[Gen 9 Champions] VGC 2026 Reg M-B","players":["jakelig6","zertrene4"],"log":"|j|☆jakelig6\n|j|☆zertrene4\n|t:|1788390166\n|gametype|doubles\n|player|p1|jakelig6|170|1045\n|player|p2|zertrene4|lucas|1146\n|gen|9\n|tier|[Gen 9 Champions] VGC 2026 Reg M-B\n|rated|\n|rule|Species Clause: Limit one of each Pokémon\n|rule|Item Clause: Limit 1 of each item\n|clearpoke\n|poke|p1|Froslass, L50, F|\n|poke|p1|Ninetales-Alola, L50, F|\n|poke|p1|Sinistcha, L50|\n|poke|p1|Aggron, L50, F|\n|poke|p1|Sneasler, L50, M|\n|poke|p1|Primarina, L50, M|\n|poke|p2|Floette-Eternal, L50, F|\n|poke|p2|Dragapult, L50, F|\n|poke|p2|Primarina, L50, F|\n|poke|p2|Kingambit, L50, M|\n|poke|p2|Sneasler, L50, F|\n|poke|p2|Delphox, L50, M|\n|teampreview|4\n|inactive|Battle timer is ON: inactive players will automatically lose when time's up. (requested by jakelig6)\n|inactive|zertrene4 has 60 seconds left.\n|\n|t:|1788390211\n|teamsize|p1|4\n|teamsize|p2|4\n|start\n|switch|p1a: Ninetales|Ninetales-Alola, L50, F|100/100\n|switch|p1b: Sinistcha|Sinistcha, L50|100/100\n|switch|p2a: Dragapult|Dragapult, L50, F|100/100\n|switch|p2b: Delphox|Delphox, L50, M|100/100\n|-weather|Snowscape|[from] ability: Snow Warning|[of] p1a: Ninetales\n|turn|1\n|\n|t:|1788390225\n|detailschange|p2b: Delphox|Delphox-Mega, L50, M\n|-mega|p2b: Delphox|Delphox|Delphoxite\n|move|p2a: Dragapult|Phantom Force||[still]\n|-prepare|p2a: Dragapult|Phantom Force\n|move|p2b: Delphox|Heat Wave|p1b: Sinistcha|[spread] p1a,p1b\n|-supereffective|p1a: Ninetales|1\n|-supereffective|p1b: Sinistcha|1\n|-damage|p1a: Ninetales|10/100\n|-damage|p1b: Sinistcha|25/100\n|move|p1a: Ninetales|Aurora Veil|p1a: Ninetales\n|-sidestart|p1: jakelig6|move: Aurora Veil\n|move|p1b: Sinistcha|Trick Room|p1b: Sinistcha\n|-fieldstart|move: Trick Room|[of] p1b: Sinistcha\n|\n|-weather|Snowscape|[upkeep]\n|upkeep\n|turn|2\n|\n|t:|1788390247\n|move|p1b: Sinistcha|Life Dew|p1b: Sinistcha|[spread] p1a,p1b\n|-heal|p1a: Ninetales|36/100\n|-heal|p1b: Sinistcha|50/100g\n|move|p1a: Ninetales|Dazzling Gleam|p2a: Dragapult|[spread] p2b\n|-miss|p1a: Ninetales|p2a: Dragapult\n|-resisted|p2b: Delphox|1\n|-damage|p2b: Delphox|90/100\n|move|p2b: Delphox|Heat Wave|p1a: Ninetales|[spread] p1a,p1b\n|-supereffective|p1a: Ninetales|1\n|-supereffective|p1b: Sinistcha|1\n|-damage|p1a: Ninetales|0 fnt\n|-damage|p1b: Sinistcha|0 fnt\n|faint|p1a: Ninetales\n|faint|p1b: Sinistcha\n|move|p2a: Dragapult|Phantom Force|p1: Ninetales|[from] lockedmove|[notarget]\n|-fail|p2a: Dragapult\n|\n|-weather|Snowscape|[upkeep]\n|upkeep\n|\n|t:|1788390262\n|switch|p1b: Aggron|Aggron, L50, F|100/100\n|switch|p1a: Primarina|Primarina, L50, M|100/100\n|turn|3\n|inactive|zertrene4 has 30 seconds left.\n|\n|t:|1788390289\n|switch|p2a: Sneasler|Sneasler, L50, F|100/100\n|detailschange|p1b: Aggron|Aggron-Mega, L50, F\n|-mega|p1b: Aggron|Aggron|Aggronite\n|move|p2b: Delphox|Protect|p2b: Delphox\n|-singleturn|p2b: Delphox|Protect\n|move|p1b: Aggron|Curse|p1b: Aggron\n|-unboost|p1b: Aggron|spe|1\n|-boost|p1b: Aggron|atk|1\n|-boost|p1b: Aggron|def|1\n|move|p1a: Primarina|Hyper Voice|p2b: Delphox|[spread] p2a\n|-activate|p2b: Delphox|move: Protect\n|-damage|p2a: Sneasler|36/100\n|-damage|p1a: Primarina|90/100|[from] item: Life Orb\n|\n|-weather|Snowscape|[upkeep]\n|upkeep\n|turn|4\n|inactive|zertrene4 has 30 seconds left.\n|\n|t:|1788390317\n|move|p1b: Aggron|Protect|p1b: Aggron\n|-singleturn|p1b: Aggron|Protect\n|move|p1a: Primarina|Protect|p1a: Primarina\n|-singleturn|p1a: Primarina|Protect\n|move|p2a: Sneasler|Fake Out|p1a: Primarina\n|-activate|p1a: Primarina|move: Protect\n|move|p2b: Delphox|Heat Wave|p1a: Primarina|[spread] \n|-activate|p1a: Primarina|move: Protect\n|-activate|p1b: Aggron|move: Protect\n|\n|-weather|Snowscape|[upkeep]\n|upkeep\n|turn|5\n|\n|t:|1788390333\n|move|p2a: Sneasler|Protect|p2a: Sneasler\n|-singleturn|p2a: Sneasler|Protect\n|move|p2b: Delphox|Protect|p2b: Delphox\n|-singleturn|p2b: Delphox|Protect\n|move|p1b: Aggron|Curse|p1b: Aggron\n|-unboost|p1b: Aggron|spe|1\n|-boost|p1b: Aggron|atk|1\n|-boost|p1b: Aggron|def|1\n|move|p1a: Primarina|Hyper Voice|p2b: Delphox|[spread] \n|-activate|p2a: Sneasler|move: Protect\n|-activate|p2b: Delphox|move: Protect\n|\n|-weather|none\n|-sideend|p1: jakelig6|move: Aurora Veil\n|-fieldend|move: Trick Room\n|upkeep\n|turn|6\n|\n|t:|1788390353\n|move|p2b: Delphox|Heat Wave|p1b: Aggron|[spread] p1a,p1b\n|-resisted|p1a: Primarina|1\n|-supereffective|p1b: Aggron|1\n|-damage|p1a: Primarina|74/100\n|-damage|p1b: Aggron|29/100\n|move|p2a: Sneasler|Dire Claw|p1a: Primarina\n|-supereffective|p1a: Primarina|1\n|-damage|p1a: Primarina|0 fnt\n|faint|p1a: Primarina\n|move|p1b: Aggron|Body Press|p2b: Delphox\n|-resisted|p2b: Delphox|1\n|-damage|p2b: Delphox|27/100\n|\n|upkeep\n|turn|7\n|-message|jakelig6 forfeited.\n|\n|win|zertrene4\n|raw|jakelig6's rating: 1045 &rarr; <strong>1033</strong><br />(-12 for losing)\n|raw|zertrene4's rating: 1146 &rarr; <strong>1164</strong><br />(+18 for winning)\n|l|☆jakelig6\n|player|p1|\n","uploadtime":1788390366,"views":"0","formatid":"gen9championsvgc2026regmb","rating":1033,"private":0,"password":null}