{"id":"gen9championsvgc2026regmb-2674178679","format":"[Gen 9 Champions] VGC 2026 Reg M-B","players":["truely peak","Thiccorita Enjoyer"],"log":"|j|☆truely peak\n|j|☆Thiccorita Enjoyer\n|t:|1788311001\n|gametype|doubles\n|player|p1|truely peak|dawn|1000\n|player|p2|Thiccorita Enjoyer|crasherwake|1046\n|gen|9\n|tier|[Gen 9 Champions] VGC 2026 Reg M-B\n|rated|\n|rule|Species Clause: Limit one of each Pokémon\n|rule|Item Clause: Limit 1 of each item\n|clearpoke\n|poke|p1|Sneasler, L50, F|\n|poke|p1|Grimmsnarl, L50, M|\n|poke|p1|Charizard, L50, F|\n|poke|p1|Torkoal, L50, M|\n|poke|p1|Metagross, L50|\n|poke|p1|Aerodactyl, L50, M|\n|poke|p2|Weavile, L50, F|\n|poke|p2|Starmie, L50|\n|poke|p2|Gyarados, L50, M|\n|poke|p2|Manectric, L50, F|\n|poke|p2|Volcarona, L50, F|\n|poke|p2|Metagross, L50|\n|teampreview|4\n|\n|t:|1788311059\n|teamsize|p1|4\n|teamsize|p2|4\n|start\n|switch|p1a: Sneasler|Sneasler, L50, F|100/100\n|switch|p1b: Grimmsnarl|Grimmsnarl, L50, M|100/100\n|switch|p2a: Gyarados|Gyarados, L50, M|100/100\n|switch|p2b: Starmie|Starmie, L50|100/100\n|-ability|p2a: Gyarados|Intimidate|boost\n|-unboost|p1a: Sneasler|atk|1\n|-unboost|p1b: Grimmsnarl|atk|1\n|turn|1\n|\n|t:|1788311072\n|move|p1a: Sneasler|Fake Out|p2a: Gyarados\n|-damage|p2a: Gyarados|85/100\n|move|p1b: Grimmsnarl|Fake Out|p2b: Starmie\n|-damage|p2b: Starmie|88/100\n|cant|p2b: Starmie|flinch\n|cant|p2a: Gyarados|flinch\n|\n|upkeep\n|turn|2\n|\n|t:|1788311099\n|switch|p1a: Torkoal|Torkoal, L50, M|100/100\n|-weather|SunnyDay|[from] ability: Drought|[of] p1a: Torkoal\n|move|p1b: Grimmsnarl|Light Screen|p1b: Grimmsnarl\n|-sidestart|p1: truely peak|move: Light Screen\n|move|p2b: Starmie|Gravity|p2b: Starmie\n|-fieldstart|move: Gravity\n|move|p2a: Gyarados|Dragon Dance|p2a: Gyarados\n|-boost|p2a: Gyarados|atk|1\n|-boost|p2a: Gyarados|spe|1\n|\n|-weather|SunnyDay|[upkeep]\n|upkeep\n|turn|3\n|\n|t:|1788311114\n|move|p1a: Torkoal|Protect|p1a: Torkoal\n|-singleturn|p1a: Torkoal|Protect\n|move|p1b: Grimmsnarl|Reflect|p1b: Grimmsnarl\n|-sidestart|p1: truely peak|Reflect\n|move|p2a: Gyarados|Aqua Tail|p1a: Torkoal\n|-activate|p1a: Torkoal|move: Protect\n|move|p2b: Starmie|Hydro Pump|p1a: Torkoal\n|-activate|p1a: Torkoal|move: Protect\n|\n|-weather|SunnyDay|[upkeep]\n|upkeep\n|turn|4\n|\n|t:|1788311127\n|switch|p1a: Sneasler|Sneasler, L50, F|100/100\n|move|p1b: Grimmsnarl|Swagger|p1a: Sneasler\n|-boost|p1a: Sneasler|atk|2\n|-start|p1a: Sneasler|confusion\n|-enditem|p1a: Sneasler|Lum Berry|[eat]\n|-end|p1a: Sneasler|confusion\n|move|p2a: Gyarados|Aqua Tail|p1a: Sneasler\n|-damage|p1a: Sneasler|47/100\n|-damage|p2a: Gyarados|76/100|[from] item: Life Orb\n|move|p2b: Starmie|Hydro Pump|p1a: Sneasler\n|-damage|p1a: Sneasler|18/100\n|\n|-weather|SunnyDay|[upkeep]\n|upkeep\n|turn|5\n|\n|t:|1788311165\n|move|p1b: Grimmsnarl|Swagger|p2b: Starmie\n|-boost|p2b: Starmie|atk|2\n|-start|p2b: Starmie|confusion\n|move|p1a: Sneasler|Dire Claw|p2a: Gyarados\n|-damage|p2a: Gyarados|0 fnt\n|faint|p2a: Gyarados\n|-activate|p2b: Starmie|confusion\n|move|p2b: Starmie|Hydro Pump|p1a: Sneasler\n|-damage|p1a: Sneasler|0 fnt\n|faint|p1a: Sneasler\n|\n|-weather|SunnyDay|[upkeep]\n|upkeep\n|\n|t:|1788311178\n|switch|p1a: Charizard|Charizard, L50, F|100/100\n|switch|p2a: Volcarona|Volcarona, L50, F|100/100\n|turn|6\n|\n|t:|1788311189\n|detailschange|p1a: Charizard|Charizard-Mega-X, L50, F\n|-mega|p1a: Charizard|Charizard|Charizardite X\n|move|p1b: Grimmsnarl|Swagger|p2a: Volcarona\n|-boost|p2a: Volcarona|atk|2\n|-start|p2a: Volcarona|confusion\n|-activate|p2b: Starmie|confusion\n|-damage|p2b: Starmie|68/100|[from] confusion\n|-activate|p2a: Volcarona|confusion\n|move|p2a: Volcarona|Fire Blast|p1a: Charizard\n|-resisted|p1a: Charizard|2\n|-damage|p1a: Charizard|76/100\n|move|p1a: Charizard|Dragon Dance|p1a: Charizard\n|-boost|p1a: Charizard|atk|1\n|-boost|p1a: Charizard|spe|1\n|\n|-weather|SunnyDay|[upkeep]\n|-fieldend|move: Gravity\n|upkeep\n|turn|7\n|\n|t:|1788311219\n|move|p1b: Grimmsnarl|Swagger|p2b: Starmie\n|-boost|p2b: Starmie|atk|2\n|move|p1a: Charizard|Dragon Claw|p2a: Volcarona\n|-crit|p2a: Volcarona\n|-damage|p2a: Volcarona|0 fnt\n|faint|p2a: Volcarona\n|-activate|p2b: Starmie|confusion\n|move|p2b: Starmie|Hydro Pump|p1a: Charizard\n|-damage|p1a: Charizard|48/100\n|\n|-weather|SunnyDay|[upkeep]\n|upkeep\n|\n|t:|1788311225\n|switch|p2a: Metagross|Metagross, L50|100/100\n|turn|8\n|\n|t:|1788311240\n|detailschange|p2a: Metagross|Metagross-Mega, L50\n|-mega|p2a: Metagross|Metagross|Metagrossite\n|move|p2a: Metagross|Protect|p2a: Metagross\n|-singleturn|p2a: Metagross|Protect\n|move|p1b: Grimmsnarl|Swagger|p2a: Metagross\n|-activate|p2a: Metagross|move: Protect\n|move|p1a: Charizard|Flare Blitz|p2a: Metagross\n|-activate|p2a: Metagross|move: Protect\n|-end|p2b: Starmie|confusion\n|move|p2b: Starmie|Gravity|p2b: Starmie\n|-fieldstart|move: Gravity\n|\n|-weather|SunnyDay|[upkeep]\n|upkeep\n|turn|9\n|\n|t:|1788311283\n|move|p1b: Grimmsnarl|Swagger|p2a: Metagross\n|-boost|p2a: Metagross|atk|2\n|-start|p2a: Metagross|confusion\n|move|p1a: Charizard|Flare Blitz|p2a: Metagross\n|-supereffective|p2a: Metagross|1\n|-damage|p2a: Metagross|0 fnt\n|faint|p2a: Metagross\n|-damage|p1a: Charizard|14/100|[from] Recoil\n|move|p2b: Starmie|Hydro Pump|p1a: Charizard\n|-damage|p1a: Charizard|0 fnt\n|faint|p1a: Charizard\n|\n|-weather|none\n|-sideend|p1: truely peak|move: Light Screen\n|upkeep\n|\n|t:|1788311296\n|switch|p1a: Torkoal|Torkoal, L50, M|100/100\n|-weather|SunnyDay|[from] ability: Drought|[of] p1a: Torkoal\n|turn|10\n|\n|t:|1788311304\n|move|p1b: Grimmsnarl|Swagger|p2b: Starmie\n|-boost|p2b: Starmie|atk|2\n|-start|p2b: Starmie|confusion\n|-activate|p2b: Starmie|confusion\n|-damage|p2b: Starmie|27/100|[from] confusion\n|move|p1a: Torkoal|Eruption|p2b: Starmie\n|-resisted|p2b: Starmie|1\n|-damage|p2b: Starmie|0 fnt\n|faint|p2b: Starmie\n|\n|win|truely peak\n|raw|truely peak's rating: 1000 &rarr; <strong>1045</strong><br />(+45 for winning)\n|raw|Thiccorita Enjoyer's rating: 1046 &rarr; <strong>1027</strong><br />(-19 for losing)\n|l|☆Thiccorita Enjoyer\n|player|p2|\n","uploadtime":1788311314,"views":"1","formatid":"gen9championsvgc2026regmb","rating":1027,"private":0,"password":null}