{"id":"gen9championsvgc2026regmbbo3-2673559869","format":"[Gen 9 Champions] VGC 2026 Reg M-B (Bo3)","players":["Thomnahs","Florens44"],"log":"|j|☆Thomnahs\n|j|☆Florens44\n|html|<table width=\"100%\"><tr><td align=\"left\">Thomnahs</td><td align=\"right\">Florens44</tr><tr><td align=\"left\"><i class=\"fa fa-circle\"></i> <i class=\"fa fa-circle-o\"></i> </td><td align=\"right\"><i class=\"fa fa-circle-o\"></i> <i class=\"fa fa-circle\"></i> </tr></table>\n|uhtml|bestof|<h2><strong>Game 3</strong> of <a href=\"/game-bestof3-gen9championsvgc2026regmbbo3-2673556336\">a best-of-3</a></h2>\n|t:|1788213184\n|gametype|doubles\n|player|p1|Thomnahs|101|1191\n|player|p2|Florens44|caitlin|1023\n|gen|9\n|tier|[Gen 9 Champions] VGC 2026 Reg M-B (Bo3)\n|rated|\n|rule|Species Clause: Limit one of each Pokémon\n|rule|Item Clause: Limit 1 of each item\n|clearpoke\n|poke|p1|Whimsicott, L50, M|\n|poke|p1|Garchomp, L50, F|\n|poke|p1|Basculegion, L50, M|\n|poke|p1|Kingambit, L50, F|\n|poke|p1|Floette-Eternal, L50, F|\n|poke|p1|Charizard, L50, M|\n|poke|p2|Arcanine-Hisui, L50, M|\n|poke|p2|Basculegion, L50, M|\n|poke|p2|Staraptor, L50, M, shiny|\n|poke|p2|Kingambit, L50, F|\n|poke|p2|Raichu, L50, F|\n|poke|p2|Sylveon, L50, M|\n|teampreview|4\n|showteam|p1|Whimsicott||FocusSash|Prankster|Moonblast,Tailwind,Encore,Protect|Timid||M|||50|]Garchomp||SitrusBerry|RoughSkin|DragonClaw,StompingTantrum,RockSlide,Protect|Adamant||F|||50|]Basculegion||LifeOrb|Adaptability|WaveCrash,LastRespects,AquaJet,Protect|Adamant||M|||50|]Kingambit||OccaBerry|Defiant|KowtowCleave,IronHead,LowKick,SuckerPunch|Adamant||F|||50|]Floette-Eternal||Floettite|FlowerVeil|Moonblast,DazzlingGleam,LightofRuin,Protect|Timid||F|||50|]Charizard||CharizarditeY|Blaze|HeatWave,AncientPower,WeatherBall,Protect|Bold||M|||50|\n|showteam|p2|Arcanine-Hisui||FocusSash|RockHead|FlareBlitz,HeadSmash,ExtremeSpeed,Protect|Jolly||M|||50|]Basculegion||LifeOrb|SwiftSwim|WaveCrash,LastRespects,AquaJet,Protect|Adamant||M|||50|]Staraptor||Staraptite|Intimidate|CloseCombat,BraveBird,Protect,Tailwind|Jolly||M|||50|]Kingambit||ChopleBerry|Defiant|KowtowCleave,SuckerPunch,IronHead,LowKick|Adamant||F|||50|]Raichu||RaichuniteY|LightningRod|FakeOut,ZapCannon,FocusBlast,Protect|Timid||F|||50|]Sylveon||FairyFeather|Pixilate|HyperBeam,HyperVoice,QuickAttack,Detect|Modest||M|||50|\n|inactive|Battle timer is ON: inactive players will automatically lose when time's up. (requested by Thomnahs)\n|inactive|Florens44 also wants the timer to be on.\n|inactive|Thomnahs has 60 seconds left.\n|inactive|Florens44 has 60 seconds left.\n|\n|t:|1788213230\n|teamsize|p1|4\n|teamsize|p2|4\n|start\n|switch|p1a: Whimsicott|Whimsicott, L50, M|100/100\n|switch|p1b: Basculegion|Basculegion, L50, M|100/100\n|switch|p2a: Raichu|Raichu, L50, F|100/100\n|switch|p2b: Kingambit|Kingambit, L50, F|100/100\n|turn|1\n|\n|t:|1788213249\n|detailschange|p2a: Raichu|Raichu-Mega-Y, L50, F\n|-mega|p2a: Raichu|Raichu|Raichunite Y\n|move|p2a: Raichu|Protect|p2a: Raichu\n|-singleturn|p2a: Raichu|Protect\n|move|p1b: Basculegion|Protect|p1b: Basculegion\n|-singleturn|p1b: Basculegion|Protect\n|move|p1a: Whimsicott|Tailwind|p1a: Whimsicott\n|-sidestart|p1: Thomnahs|move: Tailwind\n|move|p2b: Kingambit|Kowtow Cleave|p1b: Basculegion\n|-activate|p1b: Basculegion|move: Protect\n|\n|upkeep\n|turn|2\n|\n|t:|1788213265\n|switch|p1b: Kingambit|Kingambit, L50, F|100/100\n|move|p1a: Whimsicott|Encore|p2a: Raichu\n|-start|p2a: Raichu|Encore\n|move|p2a: Raichu|Protect|p2a: Raichu\n|-singleturn|p2a: Raichu|Protect\n|move|p2b: Kingambit|Kowtow Cleave|p1b: Kingambit\n|-resisted|p1b: Kingambit|1\n|-damage|p1b: Kingambit|81/100\n|\n|upkeep\n|turn|3\n|\n|t:|1788213277\n|switch|p2a: Sylveon|Sylveon, L50, M|100/100\n|switch|p2b: Basculegion|Basculegion, L50, M|100/100\n|move|p1a: Whimsicott|Moonblast|p2a: Sylveon\n|-damage|p2a: Sylveon|70/100\n|move|p1b: Kingambit|Low Kick|p2b: Basculegion\n|-immune|p2b: Basculegion\n|\n|upkeep\n|turn|4\n|inactive|Thomnahs has 30 seconds left.\n|inactive|Florens44 has 30 seconds left.\n|inactive|Thomnahs has 20 seconds left.\n|inactive|Florens44 has 20 seconds left.\n|inactive|Thomnahs has 15 seconds left.\n|inactive|Thomnahs has 10 seconds left.\n|\n|t:|1788213323\n|move|p1a: Whimsicott|Protect|p1a: Whimsicott\n|-singleturn|p1a: Whimsicott|Protect\n|move|p2b: Basculegion|Aqua Jet|p1a: Whimsicott\n|-activate|p1a: Whimsicott|move: Protect\n|move|p1b: Kingambit|Kowtow Cleave|p2b: Basculegion\n|-supereffective|p2b: Basculegion|1\n|-damage|p2b: Basculegion|3/100\n|move|p2a: Sylveon|Hyper Voice|p1a: Whimsicott|[spread] p1b\n|-activate|p1a: Whimsicott|move: Protect\n|-damage|p1b: Kingambit|45/100\n|\n|-sideend|p1: Thomnahs|move: Tailwind\n|upkeep\n|turn|5\n|inactive|Florens44 has 30 seconds left.\n|\n|t:|1788213358\n|move|p2a: Sylveon|Detect|p2a: Sylveon\n|-singleturn|p2a: Sylveon|Protect\n|move|p1a: Whimsicott|Tailwind|p1a: Whimsicott\n|-sidestart|p1: Thomnahs|move: Tailwind\n|move|p1b: Kingambit|Iron Head|p2a: Sylveon\n|-activate|p2a: Sylveon|move: Protect\n|move|p2b: Basculegion|Wave Crash|p1b: Kingambit\n|-damage|p1b: Kingambit|0 fnt\n|faint|p1b: Kingambit\n|-damage|p2b: Basculegion|0 fnt|[from] Recoil\n|faint|p2b: Basculegion\n|\n|upkeep\n|\n|t:|1788213370\n|switch|p2b: Raichu|Raichu-Mega-Y, L50, F|100/100\n|switch|p1b: Basculegion|Basculegion, L50, M|100/100\n|turn|6\n|inactive|Florens44 has 30 seconds left.\n|\n|t:|1788213405\n|switch|p2b: Kingambit|Kingambit, L50, F|100/100\n|move|p1a: Whimsicott|Protect|p1a: Whimsicott\n|-singleturn|p1a: Whimsicott|Protect\n|move|p1b: Basculegion|Last Respects|p2a: Sylveon\n|-damage|p2a: Sylveon|0 fnt\n|faint|p2a: Sylveon\n|-damage|p1b: Basculegion|90/100|[from] item: Life Orb\n|\n|upkeep\n|\n|t:|1788213412\n|switch|p2a: Raichu|Raichu-Mega-Y, L50, F|100/100\n|turn|7\n|inactive|Florens44 has 30 seconds left.\n|\n|t:|1788213439\n|switch|p1a: Garchomp|Garchomp, L50, F|100/100\n|move|p1b: Basculegion|Wave Crash|p2a: Raichu\n|-damage|p2a: Raichu|0 fnt\n|faint|p2a: Raichu\n|-damage|p1b: Basculegion|62/100|[from] Recoil\n|-damage|p1b: Basculegion|53/100|[from] item: Life Orb\n|move|p2b: Kingambit|Iron Head|p1a: Garchomp\n|-damage|p1a: Garchomp|57/100\n|-damage|p2b: Kingambit|87/100|[from] ability: Rough Skin|[of] p1a: Garchomp\n|\n|upkeep\n|turn|8\n|c|☆Florens44|wp\n|\n|t:|1788213455\n|move|p2b: Kingambit|Sucker Punch|p1a: Garchomp\n|-damage|p1a: Garchomp|23/100\n|-damage|p2b: Kingambit|75/100|[from] ability: Rough Skin|[of] p1a: Garchomp\n|-enditem|p1a: Garchomp|Sitrus Berry|[eat]\n|-heal|p1a: Garchomp|48/100|[from] item: Sitrus Berry\n|move|p1a: Garchomp|Stomping Tantrum|p2b: Kingambit\n|-supereffective|p2b: Kingambit|1\n|-damage|p2b: Kingambit|20/100y\n|move|p1b: Basculegion|Wave Crash|p2b: Kingambit\n|-damage|p2b: Kingambit|0 fnt\n|faint|p2b: Kingambit\n|-damage|p1b: Basculegion|46/100|[from] Recoil\n|-damage|p1b: Basculegion|36/100|[from] item: Life Orb\n|\n|win|Thomnahs\n|raw|Thomnahs's rating: 1191 &rarr; <strong>1205</strong><br />(+14 for winning)\n|raw|Florens44's rating: 1023 &rarr; <strong>1016</strong><br />(-7 for losing)\n","uploadtime":1788213456,"views":"1","formatid":"gen9championsvgc2026regmbbo3","rating":1016,"private":0,"password":null}