{"id":"gen9championsvgc2026regmbbo3-2674100135","format":"[Gen 9 Champions] VGC 2026 Reg M-B (Bo3)","players":["lux raymundi","FichenmeSoyCabra"],"log":"|j|☆lux raymundi\n|j|☆FichenmeSoyCabra\n|html|<table width=\"100%\"><tr><td align=\"left\">lux raymundi</td><td align=\"right\">FichenmeSoyCabra</tr><tr><td align=\"left\"><i class=\"fa fa-circle\"></i> <i class=\"fa fa-circle-o\"></i> </td><td align=\"right\"><i class=\"fa fa-circle-o\"></i> <i class=\"fa fa-circle\"></i> </tr></table>\n|uhtml|bestof|<h2><strong>Game 3</strong> of <a href=\"/game-bestof3-gen9championsvgc2026regmbbo3-2674093478\">a best-of-3</a></h2>\n|t:|1788299132\n|gametype|doubles\n|player|p1|lux raymundi|102|\n|player|p2|FichenmeSoyCabra|266|\n|gen|9\n|tier|[Gen 9 Champions] VGC 2026 Reg M-B (Bo3)\n|rule|Species Clause: Limit one of each Pokémon\n|rule|Item Clause: Limit 1 of each item\n|clearpoke\n|poke|p1|Sneasler, L50, M|\n|poke|p1|Blastoise, L50, M|\n|poke|p1|Kingambit, L50, M|\n|poke|p1|Incineroar, L50, M|\n|poke|p1|Delphox, L50, F|\n|poke|p1|Sinistcha, L50|\n|poke|p2|Kingambit, L50, M|\n|poke|p2|Basculegion, L50, M|\n|poke|p2|Garchomp, L50, M|\n|poke|p2|Charizard, L50, M|\n|poke|p2|Whimsicott, L50, M|\n|poke|p2|Floette-Eternal, L50, F|\n|teampreview|4\n|showteam|p1|Sneasler||FocusSash|PoisonTouch|PoisonJab,CloseCombat,FakeOut,QuickGuard|Jolly||M|||50|]Blastoise||Blastoisinite|RainDish|DarkPulse,WaterSpout,ShellSmash,Protect|Modest||M|||50|]Kingambit||LifeOrb|Defiant|KowtowCleave,SuckerPunch,SwordsDance,Protect|Adamant||M|||50|]Incineroar||SitrusBerry|Intimidate|FlareBlitz,ThroatChop,PartingShot,FakeOut|Careful||M|||50|]Delphox||Delphoxite|Blaze|HeatWave,NastyPlot,Psychic,Protect|Timid||F|||50|]Sinistcha||ColburBerry|Hospitality|MatchaGotcha,RagePowder,TrickRoom,LifeDew|Bold|||||50|\n|showteam|p2|Kingambit||OccaBerry|Defiant|KowtowCleave,SuckerPunch,IronHead,LowKick|Adamant||M|||50|]Basculegion||LifeOrb|Adaptability|AquaJet,LastRespects,Protect,WaveCrash|Adamant||M|||50|]Garchomp||SitrusBerry|RoughSkin|DragonClaw,Earthquake,RockSlide,Protect|Jolly||M|||50|]Charizard||CharizarditeY|Blaze|HeatWave,WeatherBall,AncientPower,Protect|Timid||M|||50|]Whimsicott||FocusSash|Prankster|Moonblast,Tailwind,Encore,Protect|Timid||M|||50|]Floette-Eternal||Floettite|FlowerVeil|Moonblast,DazzlingGleam,LightofRuin,Protect|Timid||F|||50|\n|j| JuanLucasRoca\n|\n|t:|1788299174\n|teamsize|p1|4\n|teamsize|p2|4\n|start\n|switch|p1a: Incineroar|Incineroar, L50, M|100/100\n|switch|p1b: Delphox|Delphox, L50, F|100/100\n|switch|p2a: Garchomp|Garchomp, L50, M|100/100\n|switch|p2b: Whimsicott|Whimsicott, L50, M|100/100\n|-ability|p1a: Incineroar|Intimidate|boost\n|-unboost|p2a: Garchomp|atk|1\n|-unboost|p2b: Whimsicott|atk|1\n|turn|1\n|\n|t:|1788299214\n|detailschange|p1b: Delphox|Delphox-Mega, L50, F\n|-mega|p1b: Delphox|Delphox|Delphoxite\n|move|p2b: Whimsicott|Protect|p2b: Whimsicott\n|-singleturn|p2b: Whimsicott|Protect\n|move|p2a: Garchomp|Protect|p2a: Garchomp\n|-singleturn|p2a: Garchomp|Protect\n|move|p1a: Incineroar|Fake Out|p2b: Whimsicott\n|-activate|p2b: Whimsicott|move: Protect\n|move|p1b: Delphox|Heat Wave|p2a: Garchomp|[spread] \n|-activate|p2a: Garchomp|move: Protect\n|-activate|p2b: Whimsicott|move: Protect\n|\n|upkeep\n|turn|2\n|\n|t:|1788299244\n|move|p2b: Whimsicott|Tailwind|p2b: Whimsicott\n|-sidestart|p2: FichenmeSoyCabra|move: Tailwind\n|move|p2a: Garchomp|Rock Slide|p1a: Incineroar|[spread] p1a,p1b\n|-supereffective|p1a: Incineroar|1\n|-supereffective|p1b: Delphox|1\n|-damage|p1a: Incineroar|76/100\n|-damage|p1b: Delphox|61/100\n|move|p1b: Delphox|Psychic|p2a: Garchomp\n|-damage|p2a: Garchomp|42/100\n|-enditem|p2a: Garchomp|Sitrus Berry|[eat]\n|-heal|p2a: Garchomp|67/100|[from] item: Sitrus Berry\n|move|p1a: Incineroar|Parting Shot|p2a: Garchomp\n|-unboost|p2a: Garchomp|atk|1\n|-unboost|p2a: Garchomp|spa|1\n|\n|t:|1788299256\n|switch|p1a: Kingambit|Kingambit, L50, M|100/100|[from] Parting Shot\n|\n|upkeep\n|turn|3\n|\n|t:|1788299294\n|switch|p2b: Floette|Floette-Eternal, L50, F|100/100\n|move|p1a: Kingambit|Sucker Punch|p2a: Garchomp\n|-damage|p2a: Garchomp|14/100\n|-damage|p1a: Kingambit|87/100|[from] ability: Rough Skin|[of] p2a: Garchomp\n|-damage|p1a: Kingambit|78/100|[from] item: Life Orb\n|move|p2a: Garchomp|Rock Slide|p1a: Kingambit|[spread] p1a,p1b\n|-resisted|p1a: Kingambit|1\n|-supereffective|p1b: Delphox|1\n|-damage|p1a: Kingambit|74/100\n|-damage|p1b: Delphox|31/100\n|move|p1b: Delphox|Heat Wave|p2b: Floette|[spread] p2a,p2b\n|-resisted|p2a: Garchomp|1\n|-damage|p2a: Garchomp|0 fnt\n|-damage|p2b: Floette|56/100\n|-status|p2b: Floette|brn\n|faint|p2a: Garchomp\n|\n|-damage|p2b: Floette|50/100g brn|[from] brn\n|upkeep\n|\n|t:|1788299317\n|switch|p2a: Basculegion|Basculegion, L50, M|100/100\n|turn|4\n|\n|t:|1788299336\n|switch|p1a: Sinistcha|Sinistcha, L50|100/100\n|-heal|p1b: Delphox|56/100|[from] ability: Hospitality|[of] p1a: Sinistcha\n|detailschange|p2b: Floette|Floette-Mega, L50, F\n|-mega|p2b: Floette|Floette|Floettite\n|-ability|p2b: Floette|Fairy Aura\n|move|p1b: Delphox|Protect|p1b: Delphox\n|-singleturn|p1b: Delphox|Protect\n|move|p2a: Basculegion|Aqua Jet|p1b: Delphox\n|-activate|p1b: Delphox|move: Protect\n|move|p2b: Floette|Dazzling Gleam|p1a: Sinistcha|[spread] p1a\n|-activate|p1b: Delphox|move: Protect\n|-damage|p1a: Sinistcha|53/100\n|\n|-damage|p2b: Floette|44/100 brn|[from] brn\n|upkeep\n|turn|5\n|\n|t:|1788299362\n|switch|p1b: Kingambit|Kingambit, L50, M|74/100\n|move|p2a: Basculegion|Aqua Jet|p1b: Kingambit\n|-damage|p1b: Kingambit|45/100\n|-damage|p2a: Basculegion|90/100|[from] item: Life Orb\n|move|p2b: Floette|Dazzling Gleam|p1a: Sinistcha|[spread] p1a,p1b\n|-damage|p1a: Sinistcha|2/100\n|-damage|p1b: Kingambit|1/100\n|move|p1a: Sinistcha|Matcha Gotcha|p2b: Floette|[spread] p2a,p2b\n|-supereffective|p2a: Basculegion|1\n|-crit|p2b: Floette\n|-damage|p2a: Basculegion|39/100\n|-heal|p1a: Sinistcha|35/100|[from] drain|[of] p2a: Basculegion\n|-damage|p2b: Floette|15/100 brn\n|-heal|p1a: Sinistcha|47/100|[from] drain|[of] p2b: Floette\n|-status|p2a: Basculegion|brn\n|\n|-damage|p2b: Floette|9/100 brn|[from] brn\n|-damage|p2a: Basculegion|33/100 brn|[from] brn\n|-sideend|p2: FichenmeSoyCabra|move: Tailwind\n|upkeep\n|turn|6\n|\n|t:|1788299400\n|switch|p1a: Incineroar|Incineroar, L50, M|76/100\n|-ability|p1a: Incineroar|Intimidate|boost\n|-unboost|p2a: Basculegion|atk|1\n|-unboost|p2b: Floette|atk|1\n|move|p1b: Kingambit|Protect|p1b: Kingambit\n|-singleturn|p1b: Kingambit|Protect\n|move|p2b: Floette|Dazzling Gleam|p1a: Incineroar|[spread] p1a\n|-activate|p1b: Kingambit|move: Protect\n|-damage|p1a: Incineroar|41/100\n|-enditem|p1a: Incineroar|Sitrus Berry|[eat]\n|-heal|p1a: Incineroar|66/100|[from] item: Sitrus Berry\n|move|p2a: Basculegion|Last Respects|p1a: Incineroar\n|-resisted|p1a: Incineroar|1\n|-damage|p1a: Incineroar|51/100\n|-damage|p2a: Basculegion|23/100 brn|[from] item: Life Orb\n|\n|-damage|p2b: Floette|3/100 brn|[from] brn\n|-damage|p2a: Basculegion|17/100 brn|[from] brn\n|upkeep\n|turn|7\n|\n|t:|1788299438\n|switch|p2b: Whimsicott|Whimsicott, L50, M|100/100\n|switch|p1a: Sinistcha|Sinistcha, L50|47/100\n|-heal|p1b: Kingambit|26/100|[from] ability: Hospitality|[of] p1a: Sinistcha\n|move|p2a: Basculegion|Aqua Jet|p1b: Kingambit\n|-damage|p1b: Kingambit|16/100\n|-damage|p2a: Basculegion|7/100 brn|[from] item: Life Orb\n|move|p1b: Kingambit|Sucker Punch||[still]\n|-fail|p1b: Kingambit\n|\n|-damage|p2a: Basculegion|1/100 brn|[from] brn\n|upkeep\n|turn|8\n|\n|t:|1788299465\n|move|p2b: Whimsicott|Moonblast|p1b: Kingambit\n|-damage|p1b: Kingambit|0 fnt\n|faint|p1b: Kingambit\n|move|p2a: Basculegion|Wave Crash|p1a: Sinistcha\n|-resisted|p1a: Sinistcha|1\n|-damage|p1a: Sinistcha|34/100\n|-damage|p2a: Basculegion|0 fnt|[from] Recoil\n|faint|p2a: Basculegion\n|move|p1a: Sinistcha|Trick Room|p1a: Sinistcha\n|-fieldstart|move: Trick Room|[of] p1a: Sinistcha\n|\n|upkeep\n|\n|t:|1788299474\n|switch|p1b: Incineroar|Incineroar, L50, M|51/100\n|switch|p2a: Floette|Floette-Mega, L50, F|3/100 brn\n|-ability|p1b: Incineroar|Intimidate|boost\n|-unboost|p2a: Floette|atk|1\n|-unboost|p2b: Whimsicott|atk|1\n|-ability|p2a: Floette|Fairy Aura\n|turn|9\n|\n|t:|1788299493\n|move|p1b: Incineroar|Fake Out|p2b: Whimsicott\n|-damage|p2b: Whimsicott|88/100\n|move|p1a: Sinistcha|Matcha Gotcha|p2b: Whimsicott|[spread] p2a,p2b\n|-resisted|p2b: Whimsicott|1\n|-damage|p2a: Floette|0 fnt\n|-heal|p1a: Sinistcha|36/100|[from] drain|[of] p2a: Floette\n|-damage|p2b: Whimsicott|72/100\n|-heal|p1a: Sinistcha|43/100|[from] drain|[of] p2b: Whimsicott\n|faint|p2a: Floette\n|cant|p2b: Whimsicott|flinch\n|\n|upkeep\n|turn|10\n|\n|t:|1788299507\n|move|p1a: Sinistcha|Life Dew|p1a: Sinistcha|[spread] p1a,p1b\n|-heal|p1a: Sinistcha|69/100\n|-heal|p1b: Incineroar|77/100\n|move|p1b: Incineroar|Flare Blitz|p2b: Whimsicott\n|-supereffective|p2b: Whimsicott|1\n|-crit|p2b: Whimsicott\n|-damage|p2b: Whimsicott|0 fnt\n|faint|p2b: Whimsicott\n|-damage|p1b: Incineroar|57/100|[from] Recoil\n|\n|win|lux raymundi\n|c|☆lux raymundi|gg\n","uploadtime":1788299507,"views":"1","formatid":"gen9championsvgc2026regmbbo3","rating":null,"private":0,"password":null}