{"id":"gen9championsvgc2026regmb-2675014658","format":"[Gen 9 Champions] VGC 2026 Reg M-B","players":["MercyViper","gavve"],"log":"|j|☆MercyViper\n|j|☆gavve\n|html|<table width=\"100%\"><tr><td align=\"left\">MercyViper</td><td align=\"right\">gavve</tr><tr><td align=\"left\"><i class=\"fa fa-circle\"></i> <i class=\"fa fa-circle-o\"></i> </td><td align=\"right\"><i class=\"fa fa-circle-o\"></i> <i class=\"fa fa-circle-o\"></i> </tr></table>\n|uhtml|bestof|<h2><strong>Game 2</strong> of <a href=\"/game-bestof3-gen9championsvgc2026regmb-2675012046\">a best-of-3</a></h2>\n|t:|1788448865\n|gametype|doubles\n|player|p1|MercyViper|bugcatcher-gen4dp|\n|player|p2|gavve|unknown|\n|gen|9\n|tier|[Gen 9 Champions] VGC 2026 Reg M-B\n|rule|Species Clause: Limit one of each Pokémon\n|rule|Item Clause: Limit 1 of each item\n|raw|<div class=\"infobox\"><details class=\"readmore\" open><summary><strong>1 custom rule:</strong></summary> Best of = 3</details></div>\n|clearpoke\n|poke|p1|Metagross, L50, shiny|\n|poke|p1|Weavile, L50, M|\n|poke|p1|Noivern, L50, M|\n|poke|p1|Volcarona, L50, M|\n|poke|p1|Slowbro-Galar, L50, M|\n|poke|p1|Rotom-Heat, L50|\n|poke|p2|Slowbro, L50, F|\n|poke|p2|Steelix, L50, M|\n|poke|p2|Conkeldurr, L50, M|\n|poke|p2|Clefable, L50, F|\n|poke|p2|Goodra-Hisui, L50, F|\n|poke|p2|Stunfisk-Galar, L50, F|\n|teampreview|4\n|j| Zygard0\n|\n|t:|1788448895\n|teamsize|p1|4\n|teamsize|p2|4\n|start\n|switch|p1a: Rotom|Rotom-Heat, L50|100/100\n|switch|p1b: Weavile|Weavile, L50, M|100/100\n|switch|p2a: DUDE|Slowbro, L50, F|100/100\n|switch|p2b: Arnold|Conkeldurr, L50, M|100/100\n|turn|1\n|\n|t:|1788448928\n|detailschange|p2a: DUDE|Slowbro-Mega, L50, F\n|-mega|p2a: DUDE|Slowbro|Slowbronite\n|move|p2a: DUDE|Protect|p2a: DUDE\n|-singleturn|p2a: DUDE|Protect\n|move|p1b: Weavile|Fake Out|p2b: Arnold\n|-damage|p2b: Arnold|88/100\n|cant|p2b: Arnold|flinch\n|move|p1a: Rotom|Thunderbolt|p2a: DUDE\n|-activate|p2a: DUDE|move: Protect\n|\n|upkeep\n|turn|2\n|\n|t:|1788448957\n|move|p2b: Arnold|Mach Punch|p1b: Weavile\n|-supereffective|p1b: Weavile|2\n|-enditem|p1b: Weavile|Focus Sash\n|-damage|p1b: Weavile|1/100\n|-enditem|p2b: Arnold|Life Orb|[silent]|[from] ability: Pickpocket|[of] p2b: Arnold\n|-item|p1b: Weavile|Life Orb|[from] ability: Pickpocket|[of] p2b: Arnold\n|move|p1b: Weavile|Knock Off|p2a: DUDE\n|-supereffective|p2a: DUDE|1\n|-damage|p2a: DUDE|50/100y\n|-damage|p1b: Weavile|0 fnt|[from] item: Life Orb\n|faint|p1b: Weavile\n|move|p1a: Rotom|Thunderbolt|p2a: DUDE\n|-supereffective|p2a: DUDE|1\n|-damage|p2a: DUDE|0 fnt\n|faint|p2a: DUDE\n|-damage|p1a: Rotom|90/100|[from] item: Life Orb\n|\n|upkeep\n|\n|t:|1788448977\n|switch|p1b: Slowbro|Slowbro-Galar, L50, M|100/100\n|switch|p2a: Frencch ration|Goodra-Hisui, L50, F|100/100\n|turn|3\n|\n|t:|1788448996\n|move|p1a: Rotom|Protect|p1a: Rotom\n|-singleturn|p1a: Rotom|Protect\n|move|p2b: Arnold|Protect|p2b: Arnold\n|-singleturn|p2b: Arnold|Protect\n|move|p2a: Frencch ration|Earthquake|p1a: Rotom|[spread] p1b\n|-activate|p2b: Arnold|move: Protect\n|-activate|p1a: Rotom|move: Protect\n|-supereffective|p1b: Slowbro|1\n|-damage|p1b: Slowbro|53/100\n|move|p1b: Slowbro|Yawn|p2a: Frencch ration\n|-start|p2a: Frencch ration|move: Yawn|[of] p1b: Slowbro\n|\n|upkeep\n|turn|4\n|\n|t:|1788449029\n|move|p1a: Rotom|Volt Switch|p2b: Arnold\n|-damage|p2b: Arnold|33/100\n|-damage|p1a: Rotom|80/100|[from] item: Life Orb\n|\n|t:|1788449033\n|switch|p1a: Volcarona|Volcarona, L50, M|100/100|[from] Volt Switch\n|move|p2a: Frencch ration|Iron Head|p1b: Slowbro\n|-damage|p1b: Slowbro|20/100y\n|-enditem|p1b: Slowbro|Sitrus Berry|[eat]\n|-heal|p1b: Slowbro|45/100|[from] item: Sitrus Berry\n|move|p2b: Arnold|Rock Slide|p1a: Volcarona|[spread] p1a,p1b\n|-supereffective|p1a: Volcarona|2\n|-damage|p1a: Volcarona|0 fnt\n|-damage|p1b: Slowbro|16/100\n|faint|p1a: Volcarona\n|cant|p1b: Slowbro|flinch\n|\n|-end|p2a: Frencch ration|move: Yawn|[silent]\n|-status|p2a: Frencch ration|slp\n|upkeep\n|\n|t:|1788449046\n|switch|p1a: Rotom|Rotom-Heat, L50|80/100\n|turn|5\n|\n|t:|1788449056\n|move|p2b: Arnold|Protect|p2b: Arnold\n|-singleturn|p2b: Arnold|Protect\n|move|p1a: Rotom|Thunderbolt|p2b: Arnold\n|-activate|p2b: Arnold|move: Protect\n|cant|p2a: Frencch ration|slp\n|move|p1b: Slowbro|Psychic|p2a: Frencch ration\n|-resisted|p2a: Frencch ration|1\n|-damage|p2a: Frencch ration|88/100 slp\n|\n|upkeep\n|turn|6\n|\n|t:|1788449072\n|move|p2b: Arnold|Mach Punch|p1b: Slowbro\n|-resisted|p1b: Slowbro|2\n|-damage|p1b: Slowbro|10/100\n|move|p1a: Rotom|Thunderbolt|p2a: Frencch ration\n|-resisted|p2a: Frencch ration|1\n|-damage|p2a: Frencch ration|70/100 slp\n|-damage|p1a: Rotom|71/100|[from] item: Life Orb\n|-curestatus|p2a: Frencch ration|slp|[msg]\n|move|p2a: Frencch ration|Life Dew|p2a: Frencch ration|[spread] p2a,p2b\n|-heal|p2a: Frencch ration|95/100\n|-heal|p2b: Arnold|58/100\n|move|p1b: Slowbro|Psychic|p2b: Arnold\n|-supereffective|p2b: Arnold|1\n|-damage|p2b: Arnold|0 fnt\n|faint|p2b: Arnold\n|\n|upkeep\n|\n|t:|1788449089\n|switch|p2b: Goat|Steelix, L50, M|100/100\n|turn|7\n|\n|t:|1788449109\n|move|p1a: Rotom|Overheat|p2b: Goat\n|-supereffective|p2b: Goat|1\n|-ability|p2b: Goat|Sturdy\n|-damage|p2b: Goat|1/100\n|-unboost|p1a: Rotom|spa|2\n|-damage|p1a: Rotom|61/100|[from] item: Life Orb\n|move|p2a: Frencch ration|Iron Head|p1b: Slowbro\n|-damage|p1b: Slowbro|0 fnt\n|faint|p1b: Slowbro\n|move|p2b: Goat|Gyro Ball|p1a: Rotom\n|-resisted|p1a: Rotom|2\n|-damage|p1a: Rotom|54/100\n|\n|upkeep\n|turn|8\n|\n|t:|1788449126\n|move|p2b: Goat|Protect|p2b: Goat\n|-singleturn|p2b: Goat|Protect\n|move|p1a: Rotom|Overheat|p2b: Goat\n|-activate|p2b: Goat|move: Protect\n|move|p2a: Frencch ration|Life Dew|p2a: Frencch ration|[spread] p2a,p2b\n|-heal|p2a: Frencch ration|100/100\n|-heal|p2b: Goat|25/100\n|\n|upkeep\n|turn|9\n|\n|t:|1788449141\n|move|p1a: Rotom|Overheat|p2b: Goat\n|-supereffective|p2b: Goat|1\n|-damage|p2b: Goat|0 fnt\n|-unboost|p1a: Rotom|spa|2\n|faint|p2b: Goat\n|-damage|p1a: Rotom|44/100|[from] item: Life Orb\n|move|p2a: Frencch ration|Iron Head|p1a: Rotom\n|-resisted|p1a: Rotom|2\n|-damage|p1a: Rotom|34/100\n|\n|upkeep\n|turn|10\n|\n|t:|1788449153\n|move|p1a: Rotom|Thunderbolt|p2a: Frencch ration\n|-resisted|p2a: Frencch ration|1\n|-damage|p2a: Frencch ration|93/100\n|-status|p2a: Frencch ration|par\n|-damage|p1a: Rotom|24/100|[from] item: Life Orb\n|move|p2a: Frencch ration|Iron Head|p1a: Rotom\n|-resisted|p1a: Rotom|2\n|-damage|p1a: Rotom|13/100\n|\n|upkeep\n|turn|11\n|\n|t:|1788449163\n|move|p1a: Rotom|Thunderbolt|p2a: Frencch ration\n|-resisted|p2a: Frencch ration|1\n|-damage|p2a: Frencch ration|86/100 par\n|-damage|p1a: Rotom|4/100|[from] item: Life Orb\n|cant|p2a: Frencch ration|par\n|\n|upkeep\n|turn|12\n|\n|t:|1788449171\n|move|p1a: Rotom|Overheat|p2a: Frencch ration\n|-damage|p2a: Frencch ration|68/100 par\n|-unboost|p1a: Rotom|spa|2\n|-damage|p1a: Rotom|0 fnt|[from] item: Life Orb\n|faint|p1a: Rotom\n|\n|win|gavve\n|inactive|MercyViper has 30 seconds to confirm battle start!\n|inactive|gavve has 30 seconds to confirm battle start!\n||gavve is ready for game 3.\n","uploadtime":1788449185,"views":"11","formatid":"gen9championsvgc2026regmb","rating":null,"private":0,"password":null}