{"id":"gen9championsvgc2026regmb-2674869980","format":"[Gen 9 Champions] VGC 2026 Reg M-B","players":["XxBilloBalloxX","calacadura"],"log":"|j|☆XxBilloBalloxX\n|j|☆calacadura\n|t:|1788425567\n|gametype|doubles\n|player|p1|XxBilloBalloxX|roughneck-gen4|1367\n|player|p2|calacadura|1|1342\n|gen|9\n|tier|[Gen 9 Champions] VGC 2026 Reg M-B\n|rated|\n|rule|Species Clause: Limit one of each Pokémon\n|rule|Item Clause: Limit 1 of each item\n|clearpoke\n|poke|p1|Froslass, L50, F|\n|poke|p1|Scovillain, L50, M|\n|poke|p1|Sneasler, L50, M|\n|poke|p1|Kingambit, L50, M|\n|poke|p1|Basculegion, L50, M|\n|poke|p1|Lycanroc-Dusk, L50, M|\n|poke|p2|Sinistcha, L50|\n|poke|p2|Archaludon, L50, F|\n|poke|p2|Grimmsnarl, L50, M|\n|poke|p2|Pelipper, L50, M|\n|poke|p2|Scovillain, L50, F|\n|poke|p2|Basculegion, L50, M|\n|teampreview|4\n|j| pundeh_1001\n|inactive|Battle timer is ON: inactive players will automatically lose when time's up. (requested by calacadura)\n|\n|t:|1788425628\n|teamsize|p1|4\n|teamsize|p2|4\n|start\n|switch|p1a: Sneasler|Sneasler, L50, M|100/100\n|switch|p1b: Lycanroc|Lycanroc-Dusk, L50, M|100/100\n|switch|p2a: Grimmsnarl|Grimmsnarl, L50, M|100/100\n|switch|p2b: Scovillain|Scovillain, L50, F|100/100\n|turn|1\n|l| pundeh_1001\n|inactive|XxBilloBalloxX has 30 seconds left.\n|inactive|calacadura has 30 seconds left.\n|inactive|XxBilloBalloxX has 20 seconds left.\n|inactive|XxBilloBalloxX has 15 seconds left.\n|inactive|XxBilloBalloxX has 10 seconds left.\n|\n|t:|1788425675\n|move|p2b: Scovillain|Protect|p2b: Scovillain\n|-singleturn|p2b: Scovillain|Protect\n|move|p1a: Sneasler|Fake Out|p2a: Grimmsnarl\n|-damage|p2a: Grimmsnarl|81/100\n|cant|p2a: Grimmsnarl|flinch\n|move|p1b: Lycanroc|Close Combat|p2a: Grimmsnarl\n|-damage|p2a: Grimmsnarl|11/100\n|-unboost|p1b: Lycanroc|def|1\n|-unboost|p1b: Lycanroc|spd|1\n|\n|-ability|p2b: Scovillain|Moody|boost\n|-boost|p2b: Scovillain|atk|2\n|-unboost|p2b: Scovillain|spa|1\n|upkeep\n|turn|2\n|\n|t:|1788425696\n|detailschange|p2b: Scovillain|Scovillain-Mega, L50, F\n|-mega|p2b: Scovillain|Scovillain|Scovillainite\n|move|p2b: Scovillain|Rage Powder|p2b: Scovillain\n|-singleturn|p2b: Scovillain|move: Rage Powder\n|move|p1b: Lycanroc|Accelerock|p2b: Scovillain\n|-supereffective|p2b: Scovillain|1\n|-crit|p2b: Scovillain\n|-damage|p2b: Scovillain|15/100\n|-status|p1b: Lycanroc|brn|[from] ability: Spicy Spray|[of] p2b: Scovillain\n|move|p2a: Grimmsnarl|Reflect|p2a: Grimmsnarl\n|-sidestart|p2: calacadura|Reflect\n|move|p1a: Sneasler|Dire Claw|p2b: Scovillain\n|-supereffective|p2b: Scovillain|1\n|-crit|p2b: Scovillain\n|-damage|p2b: Scovillain|0 fnt\n|-status|p1a: Sneasler|brn|[from] ability: Spicy Spray|[of] p2b: Scovillain\n|faint|p2b: Scovillain\n|\n|-damage|p1a: Sneasler|94/100 brn|[from] brn\n|-damage|p1b: Lycanroc|94/100 brn|[from] brn\n|upkeep\n|\n|t:|1788425699\n|switch|p2b: Sinistcha|Sinistcha, L50|100/100\n|-heal|p2a: Grimmsnarl|36/100|[from] ability: Hospitality|[of] p2b: Sinistcha\n|turn|3\n|\n|t:|1788425717\n|move|p1b: Lycanroc|Accelerock|p2a: Grimmsnarl\n|-damage|p2a: Grimmsnarl|25/100\n|move|p2a: Grimmsnarl|Parting Shot|p1b: Lycanroc\n|-unboost|p1b: Lycanroc|atk|1\n|-unboost|p1b: Lycanroc|spa|1\n|\n|t:|1788425719\n|switch|p2a: Pelipper|Pelipper, L50, M|100/100|[from] Parting Shot\n|-weather|RainDance|[from] ability: Drizzle|[of] p2a: Pelipper\n|move|p1a: Sneasler|Dire Claw|p2b: Sinistcha\n|-damage|p2b: Sinistcha|88/100\n|-status|p2b: Sinistcha|psn\n|move|p2b: Sinistcha|Calm Mind|p2b: Sinistcha\n|-boost|p2b: Sinistcha|spa|1\n|-boost|p2b: Sinistcha|spd|1\n|\n|-weather|RainDance|[upkeep]\n|-damage|p2b: Sinistcha|75/100 psn|[from] psn\n|-damage|p1a: Sneasler|88/100 brn|[from] brn\n|-damage|p1b: Lycanroc|88/100 brn|[from] brn\n|upkeep\n|turn|4\n|\n|t:|1788425736\n|switch|p1b: Basculegion|Basculegion, L50, M|100/100\n|move|p1a: Sneasler|Protect|p1a: Sneasler\n|-singleturn|p1a: Sneasler|Protect\n|move|p2a: Pelipper|Tailwind|p2a: Pelipper\n|-sidestart|p2: calacadura|move: Tailwind\n|move|p2b: Sinistcha|Calm Mind|p2b: Sinistcha\n|-boost|p2b: Sinistcha|spa|1\n|-boost|p2b: Sinistcha|spd|1\n|\n|-weather|RainDance|[upkeep]\n|-damage|p2b: Sinistcha|63/100 psn|[from] psn\n|-damage|p1a: Sneasler|82/100 brn|[from] brn\n|upkeep\n|turn|5\n|\n|t:|1788425750\n|move|p1b: Basculegion|Protect|p1b: Basculegion\n|-singleturn|p1b: Basculegion|Protect\n|move|p2a: Pelipper|Hurricane|p1b: Basculegion\n|-activate|p1b: Basculegion|move: Protect\n|move|p2b: Sinistcha|Matcha Gotcha|p1b: Basculegion|[spread] p1a\n|-activate|p1b: Basculegion|move: Protect\n|-resisted|p1a: Sneasler|1\n|-damage|p1a: Sneasler|49/100 brn\n|-heal|p2b: Sinistcha|78/100 psn|[from] drain|[of] p1a: Sneasler\n|move|p1a: Sneasler|Dire Claw|p2a: Pelipper\n|-damage|p2a: Pelipper|80/100\n|-status|p2a: Pelipper|slp\n|\n|-weather|RainDance|[upkeep]\n|-damage|p2b: Sinistcha|65/100 psn|[from] psn\n|-damage|p1a: Sneasler|43/100 brn|[from] brn\n|upkeep\n|turn|6\n|\n|t:|1788425772\n|cant|p2a: Pelipper|slp\n|move|p2b: Sinistcha|Matcha Gotcha|p1b: Basculegion|[spread] p1a\n|-miss|p2b: Sinistcha|p1b: Basculegion\n|-resisted|p1a: Sneasler|1\n|-damage|p1a: Sneasler|7/100 brn\n|-heal|p2b: Sinistcha|82/100 psn|[from] drain|[of] p1a: Sneasler\n|move|p1a: Sneasler|Dire Claw|p2b: Sinistcha\n|-damage|p2b: Sinistcha|69/100 psn\n|move|p1b: Basculegion|Last Respects|p2a: Pelipper\n|-damage|p2a: Pelipper|40/100 slp\n|-damage|p1b: Basculegion|90/100|[from] item: Life Orb\n|\n|-weather|RainDance|[upkeep]\n|-damage|p2b: Sinistcha|57/100 psn|[from] psn\n|-damage|p1a: Sneasler|1/100 brn|[from] brn\n|upkeep\n|turn|7\n|\n|t:|1788425797\n|-curestatus|p2a: Pelipper|slp|[msg]\n|move|p2a: Pelipper|Hurricane|p1b: Basculegion\n|-damage|p1b: Basculegion|36/100\n|-start|p1b: Basculegion|confusion\n|move|p2b: Sinistcha|Strength Sap|p2a: Pelipper\n|-unboost|p2a: Pelipper|atk|1\n|-heal|p2b: Sinistcha|92/100 psn\n|move|p1a: Sneasler|Dire Claw|p2a: Pelipper\n|-damage|p2a: Pelipper|19/100\n|-activate|p1b: Basculegion|confusion\n|move|p1b: Basculegion|Last Respects|p2b: Sinistcha|[miss]\n|-miss|p1b: Basculegion|p2b: Sinistcha\n|\n|-weather|none\n|-damage|p2b: Sinistcha|80/100 psn|[from] psn\n|-damage|p1a: Sneasler|0 fnt|[from] brn\n|faint|p1a: Sneasler\n|-sideend|p2: calacadura|move: Tailwind\n|upkeep\n|\n|t:|1788425822\n|switch|p1a: Scovillain|Scovillain, L50, M|100/100\n|turn|8\n|\n|t:|1788425843\n|switch|p2a: Grimmsnarl|Grimmsnarl, L50, M|25/100\n|detailschange|p1a: Scovillain|Scovillain-Mega, L50, M\n|-mega|p1a: Scovillain|Scovillain|Scovillainite\n|-activate|p1b: Basculegion|confusion\n|move|p1b: Basculegion|Aqua Jet|p2a: Grimmsnarl\n|-damage|p2a: Grimmsnarl|0 fnt\n|faint|p2a: Grimmsnarl\n|-damage|p1b: Basculegion|26/100|[from] item: Life Orb\n|move|p1a: Scovillain|Overheat|p2b: Sinistcha\n|-supereffective|p2b: Sinistcha|1\n|-damage|p2b: Sinistcha|0 fnt\n|-unboost|p1a: Scovillain|spa|2\n|faint|p2b: Sinistcha\n|\n|upkeep\n|\n|t:|1788425845\n|switch|p2b: Pelipper|Pelipper, L50, M|19/100\n|-weather|RainDance|[from] ability: Drizzle|[of] p2b: Pelipper\n|turn|9\n|inactive|XxBilloBalloxX has 30 seconds left.\n|\n|t:|1788425871\n|move|p1a: Scovillain|Rage Powder|p1a: Scovillain\n|-singleturn|p1a: Scovillain|move: Rage Powder\n|-end|p1b: Basculegion|confusion\n|move|p1b: Basculegion|Last Respects|p2b: Pelipper\n|-damage|p2b: Pelipper|0 fnt\n|faint|p2b: Pelipper\n|-damage|p1b: Basculegion|16/100|[from] item: Life Orb\n|\n|win|XxBilloBalloxX\n|raw|XxBilloBalloxX's rating: 1367 &rarr; <strong>1386</strong><br />(+19 for winning)\n|raw|calacadura's rating: 1342 &rarr; <strong>1323</strong><br />(-19 for losing)\n","uploadtime":1788425873,"views":"4","formatid":"gen9championsvgc2026regmb","rating":1323,"private":0,"password":null}