{"id":"gen9championsvgc2026regmb-2674565369","format":"[Gen 9 Champions] VGC 2026 Reg M-B","players":["mutthunter1","Dragon Vibes"],"log":"|j|☆mutthunter1\n|j|☆Dragon Vibes\n|t:|1788374581\n|gametype|doubles\n|player|p1|mutthunter1|ash-kalos|1322\n|player|p2|Dragon Vibes|n|1282\n|gen|9\n|tier|[Gen 9 Champions] VGC 2026 Reg M-B\n|rated|\n|rule|Species Clause: Limit one of each Pokémon\n|rule|Item Clause: Limit 1 of each item\n|clearpoke\n|poke|p1|Froslass, L50, F|\n|poke|p1|Glaceon, L50, M|\n|poke|p1|Talonflame, L50, M|\n|poke|p1|Glimmora, L50, F, shiny|\n|poke|p1|Sneasler, L50, M|\n|poke|p1|Kingambit, L50, M|\n|poke|p2|Floette-Eternal, L50, F|\n|poke|p2|Charizard, L50, F|\n|poke|p2|Sneasler, L50, F|\n|poke|p2|Garchomp, L50, F|\n|poke|p2|Whimsicott, L50, F|\n|poke|p2|Kingambit, L50, F, shiny|\n|teampreview|4\n|inactive|Battle timer is ON: inactive players will automatically lose when time's up. (requested by Dragon Vibes)\n|\n|t:|1788374605\n|teamsize|p1|4\n|teamsize|p2|4\n|start\n|switch|p1a: Froslass|Froslass, L50, F|100/100\n|switch|p1b: Talonflame|Talonflame, L50, M|100/100\n|switch|p2a: Garchomp|Garchomp, L50, F|100/100\n|switch|p2b: Whimsicott|Whimsicott, L50, F|100/100\n|turn|1\n|\n|t:|1788374615\n|detailschange|p1a: Froslass|Froslass-Mega, L50, F\n|-mega|p1a: Froslass|Froslass|Froslassite\n|-weather|Snowscape|[from] ability: Snow Warning|[of] p1a: Froslass\n|move|p1b: Talonflame|Tailwind|p1b: Talonflame\n|-sidestart|p1: mutthunter1|move: Tailwind\n|move|p2b: Whimsicott|Tailwind|p2b: Whimsicott\n|-sidestart|p2: Dragon Vibes|move: Tailwind\n|move|p2a: Garchomp|Rock Slide|p1a: Froslass|[spread] p1a,p1b\n|-supereffective|p1a: Froslass|1\n|-supereffective|p1b: Talonflame|2\n|-damage|p1a: Froslass|59/100\n|-damage|p1b: Talonflame|0 fnt\n|faint|p1b: Talonflame\n|move|p1a: Froslass|Blizzard|p2b: Whimsicott|[spread] p2a,p2b\n|-supereffective|p2a: Garchomp|2\n|-supereffective|p2b: Whimsicott|1\n|-damage|p2a: Garchomp|0 fnt\n|-damage|p2b: Whimsicott|1/100\n|faint|p2a: Garchomp\n|\n|-weather|Snowscape|[upkeep]\n|upkeep\n|inactive|Dragon Vibes has 30 seconds left.\n|\n|t:|1788374643\n|switch|p1b: Sneasler|Sneasler, L50, M|100/100\n|switch|p2a: Charizard|Charizard, L50, F|100/100\n|turn|2\n|\n|t:|1788374657\n|move|p2a: Charizard|Protect|p2a: Charizard\n|-singleturn|p2a: Charizard|Protect\n|move|p1b: Sneasler|Fake Out|p2a: Charizard\n|-activate|p2a: Charizard|move: Protect\n|move|p2b: Whimsicott|Encore|p1b: Sneasler\n|-start|p1b: Sneasler|Encore\n|move|p1a: Froslass|Blizzard|p2a: Charizard|[spread] p2b\n|-activate|p2a: Charizard|move: Protect\n|-supereffective|p2b: Whimsicott|1\n|-damage|p2b: Whimsicott|0 fnt\n|faint|p2b: Whimsicott\n|\n|-weather|Snowscape|[upkeep]\n|upkeep\n|\n|t:|1788374665\n|switch|p2b: Sneasler|Sneasler, L50, F|100/100\n|turn|3\n|\n|t:|1788374676\n|switch|p1b: Glimmora|Glimmora, L50, F, shiny|100/100\n|detailschange|p2a: Charizard|Charizard-Mega-Y, L50, F\n|-mega|p2a: Charizard|Charizard|Charizardite Y\n|-weather|SunnyDay|[from] ability: Drought|[of] p2a: Charizard\n|move|p1a: Froslass|Protect|p1a: Froslass\n|-singleturn|p1a: Froslass|Protect\n|move|p2b: Sneasler|Close Combat|p1b: Glimmora\n|-damage|p1b: Glimmora|25/100\n|-unboost|p2b: Sneasler|def|1\n|-unboost|p2b: Sneasler|spd|1\n|-activate|p1b: Glimmora|ability: Toxic Debris\n|-sidestart|p2: Dragon Vibes|move: Toxic Spikes\n|-enditem|p2b: Sneasler|White Herb\n|-clearnegativeboost|p2b: Sneasler|[silent]\n|move|p2a: Charizard|Ancient Power|p1a: Froslass\n|-activate|p1a: Froslass|move: Protect\n|\n|-weather|SunnyDay|[upkeep]\n|upkeep\n|turn|4\n|\n|t:|1788374691\n|switch|p1a: Sneasler|Sneasler, L50, M|100/100\n|move|p2b: Sneasler|Close Combat|p1b: Glimmora\n|-damage|p1b: Glimmora|0 fnt\n|-unboost|p2b: Sneasler|def|1\n|-unboost|p2b: Sneasler|spd|1\n|-activate|p1b: Glimmora|ability: Toxic Debris\n|-sidestart|p2: Dragon Vibes|move: Toxic Spikes\n|faint|p1b: Glimmora\n|move|p2a: Charizard|Ancient Power|p1a: Sneasler\n|-resisted|p1a: Sneasler|1\n|-damage|p1a: Sneasler|82/100\n|-boost|p2a: Charizard|atk|1\n|-boost|p2a: Charizard|def|1\n|-boost|p2a: Charizard|spa|1\n|-boost|p2a: Charizard|spd|1\n|-boost|p2a: Charizard|spe|1\n|\n|-weather|SunnyDay|[upkeep]\n|-sideend|p2: Dragon Vibes|move: Tailwind\n|-sideend|p1: mutthunter1|move: Tailwind\n|upkeep\n|\n|t:|1788374695\n|switch|p1b: Froslass|Froslass-Mega, L50, F|59/100\n|-weather|Snowscape|[from] ability: Snow Warning|[of] p1b: Froslass\n|turn|5\n|c|☆Dragon Vibes|yyyyyyyyyyyyeaaaaaaaaaaaaaahhhhhhhhhhh\n|c|☆Dragon Vibes|OMNIBOOOOOOOOOST\n|inactive|Dragon Vibes has 30 seconds left.\n|\n|t:|1788374724\n|move|p2a: Charizard|Protect|p2a: Charizard\n|-singleturn|p2a: Charizard|Protect\n|move|p1a: Sneasler|Fake Out|p2a: Charizard\n|-activate|p2a: Charizard|move: Protect\n|move|p2b: Sneasler|Dire Claw|p1b: Froslass\n|-resisted|p1b: Froslass|1\n|-damage|p1b: Froslass|37/100\n|move|p1b: Froslass|Blizzard|p2b: Sneasler|[spread] p2b\n|-activate|p2a: Charizard|move: Protect\n|-damage|p2b: Sneasler|0 fnt\n|faint|p2b: Sneasler\n|\n|-weather|Snowscape|[upkeep]\n|upkeep\n|turn|6\n|\n|t:|1788374743\n|move|p2a: Charizard|Heat Wave|p1a: Sneasler|[spread] p1a,p1b\n|-supereffective|p1b: Froslass|1\n|-damage|p1a: Sneasler|0 fnt\n|-damage|p1b: Froslass|0 fnt\n|faint|p1a: Sneasler\n|faint|p1b: Froslass\n|\n|win|Dragon Vibes\n|raw|mutthunter1's rating: 1322 &rarr; <strong>1300</strong><br />(-22 for losing)\n|raw|Dragon Vibes's rating: 1282 &rarr; <strong>1310</strong><br />(+28 for winning)\n|l|☆mutthunter1\n|player|p1|\n","uploadtime":1788374754,"views":"1","formatid":"gen9championsvgc2026regmb","rating":1300,"private":0,"password":null}