{"id":"gen9championsvgc2026regmbbo3-2674889066","format":"[Gen 9 Champions] VGC 2026 Reg M-B (Bo3)","players":["ethalem","fm.senior"],"log":"|j|☆ethalem\n|j|☆fm.senior\n|html|<table width=\"100%\"><tr><td align=\"left\">ethalem</td><td align=\"right\">fm.senior</tr><tr><td align=\"left\"><i class=\"fa fa-circle-o\"></i> <i class=\"fa fa-circle-o\"></i> </td><td align=\"right\"><i class=\"fa fa-circle-o\"></i> <i class=\"fa fa-circle\"></i> </tr></table>\n|uhtml|bestof|<h2><strong>Game 2</strong> of <a href=\"/game-bestof3-gen9championsvgc2026regmbbo3-2674887949\">a best-of-3</a></h2>\n|t:|1788429854\n|gametype|doubles\n|player|p1|ethalem|acetrainer-gen4dp|1174\n|player|p2|fm.senior|1|1176\n|gen|9\n|tier|[Gen 9 Champions] VGC 2026 Reg M-B (Bo3)\n|rated|\n|rule|Species Clause: Limit one of each Pokémon\n|rule|Item Clause: Limit 1 of each item\n|clearpoke\n|poke|p1|Dragonite, L50, F|\n|poke|p1|Sneasler, L50, M|\n|poke|p1|Basculegion, L50, M|\n|poke|p1|Kingambit, L50, F|\n|poke|p1|Garchomp, L50, F|\n|poke|p1|Floette-Eternal, L50, F|\n|poke|p2|Blastoise, L50, M|\n|poke|p2|Delphox, L50, M|\n|poke|p2|Sinistcha-Masterpiece, L50|\n|poke|p2|Sneasler, L50, F|\n|poke|p2|Kingambit, L50, M|\n|poke|p2|Incineroar, L50, M|\n|teampreview|4\n|showteam|p1|Dragonite||Dragoninite|Multiscale|DragonPulse,HeatWave,ExtremeSpeed,Protect|Modest||F|||50|]Sneasler||FocusSash|PoisonTouch|CloseCombat,DireClaw,FakeOut,Feint|Jolly||M|||50|]Basculegion||LifeOrb|Adaptability|WaveCrash,LastRespects,AquaJet,Protect|Adamant||M|||50|]Kingambit||ChopleBerry|Defiant|SuckerPunch,KowtowCleave,LowKick,IronHead|Adamant||F|||50|]Garchomp||ChoiceScarf|RoughSkin|DragonClaw,StompingTantrum,Earthquake,RockSlide|Adamant||F|||50|]Floette-Eternal||Floettite|FlowerVeil|Moonblast,DazzlingGleam,LightofRuin,Protect|Timid||F|||50|\n|showteam|p2|Blastoise||Blastoisinite|RainDish|WaterSpout,DarkPulse,ShellSmash,Protect|Modest||M|||50|]Delphox||Delphoxite|Blaze|HeatWave,Psychic,NastyPlot,Protect|Timid||M|||50|]Sinistcha-Masterpiece||ColburBerry|Hospitality|MatchaGotcha,RagePowder,TrickRoom,Protect|Bold|||||50|]Sneasler||FocusSash|PoisonTouch|FakeOut,PoisonJab,CloseCombat,QuickGuard|Jolly||F|||50|]Kingambit||LifeOrb|Defiant|KowtowCleave,SuckerPunch,SwordsDance,Protect|Adamant||M|||50|]Incineroar||SitrusBerry|Intimidate|FakeOut,FlareBlitz,ThroatChop,PartingShot|Careful||M|||50|\n|inactive|Battle timer is ON: inactive players will automatically lose when time's up. (requested by ethalem)\n|\n|t:|1788429879\n|teamsize|p1|4\n|teamsize|p2|4\n|start\n|switch|p1a: Dragonite|Dragonite, L50, F|100/100\n|switch|p1b: Sneasler|Sneasler, L50, M|100/100\n|switch|p2a: Sneasler|Sneasler, L50, F|100/100\n|switch|p2b: Blastoise|Blastoise, L50, M|100/100\n|turn|1\n|inactive|fm.senior has 30 seconds left.\n|\n|t:|1788429905\n|detailschange|p1a: Dragonite|Dragonite-Mega, L50, F\n|-mega|p1a: Dragonite|Dragonite|Dragoninite\n|move|p2b: Blastoise|Protect|p2b: Blastoise\n|-singleturn|p2b: Blastoise|Protect\n|move|p1b: Sneasler|Dire Claw|p2b: Blastoise\n|-activate|p2b: Blastoise|move: Protect\n|move|p2a: Sneasler|Poison Jab|p1a: Dragonite\n|-damage|p1a: Dragonite|78/100\n|move|p1a: Dragonite|Heat Wave|p2b: Blastoise|[spread] p2a\n|-activate|p2b: Blastoise|move: Protect\n|-crit|p2a: Sneasler\n|-damage|p2a: Sneasler|37/100\n|\n|upkeep\n|turn|2\n|inactive|fm.senior has 30 seconds left.\n|inactive|fm.senior has 20 seconds left.\n|inactive|fm.senior has 15 seconds left.\n|\n|t:|1788429946\n|switch|p2a: Sinistcha|Sinistcha-Masterpiece, L50|100/100\n|detailschange|p2b: Blastoise|Blastoise-Mega, L50, M\n|-mega|p2b: Blastoise|Blastoise|Blastoisinite\n|move|p1b: Sneasler|Dire Claw|p2b: Blastoise\n|-damage|p2b: Blastoise|63/100\n|-status|p2b: Blastoise|psn\n|move|p1a: Dragonite|Dragon Pulse|p2a: Sinistcha\n|-damage|p2a: Sinistcha|47/100\n|move|p2b: Blastoise|Shell Smash|p2b: Blastoise\n|-unboost|p2b: Blastoise|def|1\n|-unboost|p2b: Blastoise|spd|1\n|-boost|p2b: Blastoise|atk|2\n|-boost|p2b: Blastoise|spa|2\n|-boost|p2b: Blastoise|spe|2\n|\n|-damage|p2b: Blastoise|51/100 psn|[from] psn\n|upkeep\n|turn|3\n|inactive|fm.senior has 30 seconds left.\n|inactive|ethalem has 30 seconds left.\n|\n|t:|1788429981\n|move|p2a: Sinistcha|Rage Powder|p2a: Sinistcha\n|-singleturn|p2a: Sinistcha|move: Rage Powder\n|move|p2b: Blastoise|Dark Pulse|p1b: Sneasler\n|-resisted|p1b: Sneasler|1\n|-damage|p1b: Sneasler|37/100\n|move|p1b: Sneasler|Close Combat|p2a: Sinistcha\n|-immune|p2a: Sinistcha\n|move|p1a: Dragonite|Heat Wave|p2b: Blastoise|[spread] p2a,p2b\n|-supereffective|p2a: Sinistcha|1\n|-resisted|p2b: Blastoise|1\n|-damage|p2a: Sinistcha|0 fnt\n|-damage|p2b: Blastoise|31/100 psn\n|faint|p2a: Sinistcha\n|\n|-damage|p2b: Blastoise|19/100 psn|[from] psn\n|upkeep\n|\n|t:|1788429994\n|switch|p2a: Kingambit|Kingambit, L50, M|100/100\n|turn|4\n|\n|t:|1788430003\n|move|p2a: Kingambit|Sucker Punch|p1b: Sneasler\n|-resisted|p1b: Sneasler|1\n|-damage|p1b: Sneasler|0 fnt\n|faint|p1b: Sneasler\n|-damage|p2a: Kingambit|90/100|[from] item: Life Orb\n|move|p2b: Blastoise|Dark Pulse|p1a: Dragonite\n|-damage|p1a: Dragonite|0 fnt\n|faint|p1a: Dragonite\n|\n|-damage|p2b: Blastoise|6/100 psn|[from] psn\n|upkeep\n|\n|t:|1788430012\n|switch|p1b: Basculegion|Basculegion, L50, M|100/100\n|switch|p1a: Kingambit|Kingambit, L50, F|100/100\n|turn|5\n|inactive|fm.senior has 30 seconds left.\n|inactive|fm.senior has 20 seconds left.\n|inactive|fm.senior has 15 seconds left.\n|inactive|fm.senior has 10 seconds left.\n|\n|t:|1788430057\n|switch|p2b: Sneasler|Sneasler, L50, F|37/100\n|move|p1b: Basculegion|Aqua Jet|p2b: Sneasler\n|-damage|p2b: Sneasler|0 fnt\n|faint|p2b: Sneasler\n|-damage|p1b: Basculegion|90/100|[from] item: Life Orb\n|move|p2a: Kingambit|Kowtow Cleave|p1b: Basculegion\n|-supereffective|p1b: Basculegion|1\n|-damage|p1b: Basculegion|0 fnt\n|faint|p1b: Basculegion\n|-damage|p2a: Kingambit|80/100|[from] item: Life Orb\n|move|p1a: Kingambit|Low Kick|p2a: Kingambit\n|-supereffective|p2a: Kingambit|2\n|-damage|p2a: Kingambit|0 fnt\n|faint|p2a: Kingambit\n|\n|upkeep\n|\n|t:|1788430072\n|switch|p2b: Blastoise|Blastoise-Mega, L50, M|6/100 psn\n|turn|6\n|\n|t:|1788430079\n|move|p1a: Kingambit|Sucker Punch||[still]\n|-fail|p1a: Kingambit\n|move|p2b: Blastoise|Shell Smash|p2b: Blastoise\n|-unboost|p2b: Blastoise|def|1\n|-unboost|p2b: Blastoise|spd|1\n|-boost|p2b: Blastoise|atk|2\n|-boost|p2b: Blastoise|spa|2\n|-boost|p2b: Blastoise|spe|2\n|\n|-damage|p2b: Blastoise|0 fnt|[from] psn\n|faint|p2b: Blastoise\n|\n|win|ethalem\n","uploadtime":1788430084,"views":"4","formatid":"gen9championsvgc2026regmbbo3","rating":null,"private":0,"password":null}