{"id":"gen9championsvgc2026regmbbo3-2673907671","format":"[Gen 9 Champions] VGC 2026 Reg M-B (Bo3)","players":["nic0nic0nii","windhounds"],"log":"|j|☆nic0nic0nii\n|j|☆windhounds\n|html|<table width=\"100%\"><tr><td align=\"left\">nic0nic0nii</td><td align=\"right\">windhounds</tr><tr><td align=\"left\"><i class=\"fa fa-circle\"></i> <i class=\"fa fa-circle-o\"></i> </td><td align=\"right\"><i class=\"fa fa-circle-o\"></i> <i class=\"fa fa-circle\"></i> </tr></table>\n|uhtml|bestof|<h2><strong>Game 3</strong> of <a href=\"/game-bestof3-gen9championsvgc2026regmbbo3-2673905668\">a best-of-3</a></h2>\n|t:|1788275729\n|gametype|doubles\n|player|p1|nic0nic0nii|pokemonbreederf-gen4|1209\n|player|p2|windhounds|dancer|1169\n|gen|9\n|tier|[Gen 9 Champions] VGC 2026 Reg M-B (Bo3)\n|rated|\n|rule|Species Clause: Limit one of each Pokémon\n|rule|Item Clause: Limit 1 of each item\n|clearpoke\n|poke|p1|Incineroar, L50, M|\n|poke|p1|Kingambit, L50, F|\n|poke|p1|Sinistcha, L50|\n|poke|p1|Sneasler, L50, F|\n|poke|p1|Blastoise, L50, M|\n|poke|p1|Delphox, L50, F|\n|poke|p2|Gengar, L50, M, shiny|\n|poke|p2|Archaludon, L50, M|\n|poke|p2|Politoed, L50, F, shiny|\n|poke|p2|Swampert, L50, M, shiny|\n|poke|p2|Vivillon-Fancy, L50, M|\n|poke|p2|Incineroar, L50, F|\n|teampreview|4\n|showteam|p1|Incineroar||SitrusBerry|Intimidate|FakeOut,FlareBlitz,ThroatChop,PartingShot|Impish||M|||50|]Kingambit||LifeOrb|Defiant|KowtowCleave,SuckerPunch,Protect,SwordsDance|Adamant||F|||50|]Sinistcha||OccaBerry|Hospitality|MatchaGotcha,LifeDew,RagePowder,Protect|Bold|||||50|]Sneasler||FocusSash|PoisonTouch|FakeOut,CloseCombat,PoisonJab,QuickGuard|Jolly||F|||50|]Blastoise||Blastoisinite|RainDish|WaterSpout,DarkPulse,ShellSmash,Protect|Modest||M|||50|]Delphox||Delphoxite|Blaze|HeatWave,Psychic,NastyPlot,Protect|Timid||F|||50|\n|showteam|p2|Gengar||Gengarite|CursedBody|ShadowBall,SludgeBomb,PerishSong,Protect|Modest||M|||50|]Archaludon||Leftovers|Stamina|ElectroShot,DragonPulse,FlashCannon,Protect|Bold||M|||50|]Politoed||SitrusBerry|Drizzle|WeatherBall,Hypnosis,PerishSong,Protect|Calm||F|||50|]Swampert||Swampertite|Torrent|WaveCrash,Earthquake,IcePunch,Protect|Adamant||M|||50|]Vivillon-Fancy||FocusSash|CompoundEyes|Hurricane,SleepPowder,RagePowder,Protect|Timid||M|||50|]Incineroar||PasshoBerry|Intimidate|ThroatChop,FakeOut,PartingShot,Protect|Impish||F|||50|\n|inactive|Battle timer is ON: inactive players will automatically lose when time's up. (requested by windhounds)\n|\n|t:|1788275760\n|teamsize|p1|4\n|teamsize|p2|4\n|start\n|switch|p1a: Sneasler|Sneasler, L50, F|100/100\n|switch|p1b: Blastoise|Blastoise, L50, M|100/100\n|switch|p2a: Vivillon|Vivillon-Fancy, L50, M|100/100\n|switch|p2b: Incineroar|Incineroar, L50, F|100/100\n|-ability|p2b: Incineroar|Intimidate|boost\n|-unboost|p1a: Sneasler|atk|1\n|-unboost|p1b: Blastoise|atk|1\n|turn|1\n|\n|t:|1788275774\n|detailschange|p1b: Blastoise|Blastoise-Mega, L50, M\n|-mega|p1b: Blastoise|Blastoise|Blastoisinite\n|move|p1a: Sneasler|Fake Out|p2a: Vivillon\n|-damage|p2a: Vivillon|82/100\n|-status|p2a: Vivillon|psn|[from] ability: Poison Touch|[of] p1a: Sneasler\n|move|p2b: Incineroar|Fake Out|p1b: Blastoise\n|-damage|p1b: Blastoise|89/100\n|cant|p2a: Vivillon|flinch\n|cant|p1b: Blastoise|flinch\n|\n|-damage|p2a: Vivillon|70/100 psn|[from] psn\n|upkeep\n|turn|2\n|inactive|nic0nic0nii has 30 seconds left.\n|inactive|nic0nic0nii has 20 seconds left.\n|inactive|nic0nic0nii has 15 seconds left.\n|\n|t:|1788275819\n|switch|p1b: Incineroar|Incineroar, L50, M|100/100\n|-ability|p1b: Incineroar|Intimidate|boost\n|-unboost|p2a: Vivillon|atk|1\n|-unboost|p2b: Incineroar|atk|1\n|move|p2a: Vivillon|Protect|p2a: Vivillon\n|-singleturn|p2a: Vivillon|Protect\n|move|p1a: Sneasler|Poison Jab|p2a: Vivillon\n|-activate|p2a: Vivillon|move: Protect\n|move|p2b: Incineroar|Parting Shot|p1b: Incineroar\n|-unboost|p1b: Incineroar|atk|1\n|-unboost|p1b: Incineroar|spa|1\n|\n|t:|1788275828\n|switch|p2b: Swampert|Swampert, L50, M, shiny|100/100|[from] Parting Shot\n|\n|-damage|p2a: Vivillon|58/100 psn|[from] psn\n|upkeep\n|turn|3\n|\n|t:|1788275845\n|switch|p2a: Incineroar|Incineroar, L50, F|100/100\n|-ability|p2a: Incineroar|Intimidate|boost\n|-unboost|p1a: Sneasler|atk|1\n|-unboost|p1b: Incineroar|atk|1\n|detailschange|p2b: Swampert|Swampert-Mega, L50, M, shiny\n|-mega|p2b: Swampert|Swampert|Swampertite\n|move|p1b: Incineroar|Fake Out|p2b: Swampert\n|-damage|p2b: Swampert|94/100\n|move|p1a: Sneasler|Poison Jab|p2a: Incineroar\n|-damage|p2a: Incineroar|83/100\n|-status|p2a: Incineroar|psn\n|cant|p2b: Swampert|flinch\n|\n|-damage|p2a: Incineroar|70/100 psn|[from] psn\n|upkeep\n|turn|4\n|inactive|nic0nic0nii has 30 seconds left.\n|\n|t:|1788275878\n|switch|p1a: Sinistcha|Sinistcha, L50|100/100\n|switch|p2a: Vivillon|Vivillon-Fancy, L50, M|58/100 psn\n|move|p2b: Swampert|Earthquake|p1b: Incineroar|[spread] p1a,p1b\n|-immune|p2a: Vivillon\n|-resisted|p1a: Sinistcha|1\n|-supereffective|p1b: Incineroar|1\n|-damage|p1a: Sinistcha|82/100\n|-damage|p1b: Incineroar|21/100\n|-enditem|p1b: Incineroar|Sitrus Berry|[eat]\n|-heal|p1b: Incineroar|46/100|[from] item: Sitrus Berry\n|move|p1b: Incineroar|Parting Shot|p2b: Swampert\n|-unboost|p2b: Swampert|atk|1\n|-unboost|p2b: Swampert|spa|1\n|\n|t:|1788275891\n|switch|p1b: Blastoise|Blastoise-Mega, L50, M|89/100|[from] Parting Shot\n|\n|-damage|p2a: Vivillon|46/100 psn|[from] psn\n|upkeep\n|turn|5\n|\n|t:|1788275919\n|switch|p1b: Incineroar|Incineroar, L50, M|46/100\n|-ability|p1b: Incineroar|Intimidate|boost\n|-unboost|p2a: Vivillon|atk|1\n|-unboost|p2b: Swampert|atk|1\n|switch|p2b: Incineroar|Incineroar, L50, F|70/100 psn\n|-ability|p2b: Incineroar|Intimidate|boost\n|-unboost|p1a: Sinistcha|atk|1\n|-unboost|p1b: Incineroar|atk|1\n|move|p2a: Vivillon|Hurricane|p1b: Incineroar\n|-damage|p1b: Incineroar|7/100\n|move|p1a: Sinistcha|Life Dew|p1a: Sinistcha|[spread] p1a,p1b\n|-heal|p1a: Sinistcha|100/100\n|-heal|p1b: Incineroar|33/100\n|\n|-damage|p2a: Vivillon|34/100 psn|[from] psn\n|-damage|p2b: Incineroar|58/100 psn|[from] psn\n|upkeep\n|turn|6\n|inactive|nic0nic0nii has 30 seconds left.\n|inactive|windhounds has 30 seconds left.\n|\n|t:|1788275954\n|switch|p1a: Blastoise|Blastoise-Mega, L50, M|89/100\n|move|p1b: Incineroar|Fake Out|p2a: Vivillon\n|-damage|p2a: Vivillon|20/100y psn\n|cant|p2a: Vivillon|flinch\n|move|p2b: Incineroar|Parting Shot|p1a: Blastoise\n|-unboost|p1a: Blastoise|atk|1\n|-unboost|p1a: Blastoise|spa|1\n|\n|t:|1788275959\n|switch|p2b: Swampert|Swampert-Mega, L50, M, shiny|94/100|[from] Parting Shot\n|\n|-damage|p2a: Vivillon|8/100 psn|[from] psn\n|upkeep\n|turn|7\n|\n|t:|1788275983\n|switch|p2a: Incineroar|Incineroar, L50, F|58/100 psn\n|-ability|p2a: Incineroar|Intimidate|boost\n|-unboost|p1a: Blastoise|atk|1\n|-unboost|p1b: Incineroar|atk|1\n|switch|p1b: Sinistcha|Sinistcha, L50|100/100\n|-heal|p1a: Blastoise|100/100|[from] ability: Hospitality|[of] p1b: Sinistcha\n|move|p1a: Blastoise|Protect|p1a: Blastoise\n|-singleturn|p1a: Blastoise|Protect\n|move|p2b: Swampert|Wave Crash|p1a: Blastoise\n|-activate|p1a: Blastoise|move: Protect\n|\n|-damage|p2a: Incineroar|46/100 psn|[from] psn\n|upkeep\n|turn|8\n|inactive|windhounds has 30 seconds left.\n|\n|t:|1788276012\n|switch|p1a: Incineroar|Incineroar, L50, M|33/100\n|-ability|p1a: Incineroar|Intimidate|boost\n|-unboost|p2a: Incineroar|atk|1\n|-unboost|p2b: Swampert|atk|1\n|switch|p2b: Politoed|Politoed, L50, F, shiny|100/100\n|-weather|RainDance|[from] ability: Drizzle|[of] p2b: Politoed\n|move|p1b: Sinistcha|Matcha Gotcha|p2b: Politoed|[spread] p2a,p2b\n|-resisted|p2a: Incineroar|1\n|-supereffective|p2b: Politoed|1\n|-damage|p2a: Incineroar|36/100 psn\n|-damage|p2b: Politoed|63/100\n|move|p2a: Incineroar|Parting Shot|p1a: Incineroar\n|-unboost|p1a: Incineroar|atk|1\n|-unboost|p1a: Incineroar|spa|1\n|\n|t:|1788276028\n|switch|p2a: Swampert|Swampert-Mega, L50, M, shiny|94/100|[from] Parting Shot\n|\n|-weather|RainDance|[upkeep]\n|upkeep\n|turn|9\n|inactive|nic0nic0nii has 30 seconds left.\n|\n|t:|1788276061\n|switch|p2a: Incineroar|Incineroar, L50, F|36/100 psn\n|-ability|p2a: Incineroar|Intimidate|boost\n|-unboost|p1a: Incineroar|atk|1\n|-unboost|p1b: Sinistcha|atk|1\n|move|p1a: Incineroar|Fake Out|p2a: Incineroar\n|-damage|p2a: Incineroar|32/100 psn\n|move|p1b: Sinistcha|Matcha Gotcha|p2b: Politoed|[spread] p2a,p2b\n|-resisted|p2a: Incineroar|1\n|-supereffective|p2b: Politoed|1\n|-damage|p2a: Incineroar|22/100 psn\n|-damage|p2b: Politoed|23/100\n|-enditem|p2b: Politoed|Sitrus Berry|[eat]\n|-heal|p2b: Politoed|48/100|[from] item: Sitrus Berry\n|move|p2b: Politoed|Hypnosis|p1b: Sinistcha|[miss]\n|-miss|p2b: Politoed|p1b: Sinistcha\n|\n|-weather|RainDance|[upkeep]\n|-damage|p2a: Incineroar|9/100 psn|[from] psn\n|upkeep\n|turn|10\n|inactive|nic0nic0nii has 30 seconds left.\n|inactive|windhounds has 30 seconds left.\n|inactive|nic0nic0nii has 20 seconds left.\n|inactive|nic0nic0nii has 15 seconds left.\n|inactive|windhounds has 20 seconds left.\n|inactive|nic0nic0nii has 10 seconds left.\n|inactive|windhounds has 15 seconds left.\n|\n|t:|1788276107\n|move|p1a: Incineroar|Throat Chop|p2b: Politoed\n|-damage|p2b: Politoed|34/100\n|-start|p2b: Politoed|Throat Chop|[silent]\n|move|p1b: Sinistcha|Matcha Gotcha|p2a: Incineroar|[spread] p2a,p2b\n|-resisted|p2a: Incineroar|1\n|-supereffective|p2b: Politoed|1\n|-damage|p2a: Incineroar|1/100 psn\n|-damage|p2b: Politoed|0 fnt\n|faint|p2b: Politoed\n|move|p2a: Incineroar|Throat Chop|p1b: Sinistcha\n|-supereffective|p1b: Sinistcha|1\n|-damage|p1b: Sinistcha|51/100\n|-start|p1b: Sinistcha|Throat Chop|[silent]\n|\n|-weather|RainDance|[upkeep]\n|-damage|p2a: Incineroar|0 fnt|[from] psn\n|faint|p2a: Incineroar\n|upkeep\n|\n|t:|1788276113\n|switch|p2b: Swampert|Swampert-Mega, L50, M, shiny|94/100\n|switch|p2a: Vivillon|Vivillon-Fancy, L50, M|8/100 psn\n|turn|11\n|\n|t:|1788276132\n|switch|p1a: Sneasler|Sneasler, L50, F|100/100\n|move|p1b: Sinistcha|Protect|p1b: Sinistcha\n|-singleturn|p1b: Sinistcha|Protect\n|move|p2b: Swampert|Earthquake|p1a: Sneasler|[spread] p1a\n|-activate|p1b: Sinistcha|move: Protect\n|-immune|p2a: Vivillon\n|-supereffective|p1a: Sneasler|1\n|-enditem|p1a: Sneasler|Focus Sash\n|-damage|p1a: Sneasler|1/100\n|move|p2a: Vivillon|Hurricane|p1b: Sinistcha\n|-activate|p1b: Sinistcha|move: Protect\n|\n|-weather|RainDance|[upkeep]\n|-damage|p2a: Vivillon|0 fnt|[from] psn\n|faint|p2a: Vivillon\n|-end|p1b: Sinistcha|Throat Chop|[silent]\n|upkeep\n|turn|12\n|\n|t:|1788276150\n|switch|p1b: Incineroar|Incineroar, L50, M|33/100\n|-ability|p1b: Incineroar|Intimidate|boost\n|-unboost|p2b: Swampert|atk|1\n|move|p2b: Swampert|Protect|p2b: Swampert\n|-singleturn|p2b: Swampert|Protect\n|move|p1a: Sneasler|Fake Out|p2b: Swampert\n|-activate|p2b: Swampert|move: Protect\n|\n|-weather|none\n|upkeep\n|turn|13\n|-message|windhounds forfeited.\n|\n|win|nic0nic0nii\n|raw|nic0nic0nii's rating: 1209 &rarr; <strong>1231</strong><br />(+22 for winning)\n|raw|windhounds's rating: 1169 &rarr; <strong>1147</strong><br />(-22 for losing)\n|c|☆windhounds|gg\n|c|☆nic0nic0nii|gg\n|l|☆windhounds\n|player|p2|\n|l|☆nic0nic0nii\n|player|p1|\n|j|☆nic0nic0nii\n|player|p1|nic0nic0nii|pokemonbreederf-gen4|\n|n|☆nic0nic0nii|nic0nic0nii\n","uploadtime":1788276241,"views":"1","formatid":"gen9championsvgc2026regmbbo3","rating":1147,"private":0,"password":null}