{"id":"gen9championsvgc2026regmb-2673958976","format":"[Gen 9 Champions] VGC 2026 Reg M-B","players":["Rk Pokemons","RishiGreat1234"],"log":"|j|☆Rk Pokemons\n|j|☆RishiGreat1234\n|t:|1788281873\n|gametype|doubles\n|player|p1|Rk Pokemons|101|\n|player|p2|RishiGreat1234|leon|\n|gen|9\n|tier|[Gen 9 Champions] VGC 2026 Reg M-B\n|rule|Species Clause: Limit one of each Pokémon\n|rule|Item Clause: Limit 1 of each item\n|clearpoke\n|poke|p1|Charizard, L50, M|\n|poke|p1|Glimmora, L50, M|\n|poke|p1|Whimsicott, L50, F|\n|poke|p1|Ninetales-Alola, L50, F|\n|poke|p1|Kingambit, L50, M|\n|poke|p1|Kommo-o, L50, M|\n|poke|p2|Charizard, L50, M|\n|poke|p2|Floette-Eternal, L50, F|\n|poke|p2|Basculegion, L50, M|\n|poke|p2|Whimsicott, L50, M|\n|poke|p2|Garchomp, L50, M|\n|poke|p2|Kingambit, L50, F|\n|teampreview|4\n|inactive|Battle timer is ON: inactive players will automatically lose when time's up. (requested by RishiGreat1234)\n|inactive|Rk Pokemons also wants the timer to be on.\n|c|☆RishiGreat1234|bro\n|c|☆RishiGreat1234|hell nah\n|inactive|Rk Pokemons has 60 seconds left.\n|inactive|RishiGreat1234 has 60 seconds left.\n|\n|t:|1788281915\n|teamsize|p1|4\n|teamsize|p2|4\n|start\n|switch|p1a: Glimmora|Glimmora, L50, M|100/100\n|switch|p1b: Kingambit|Kingambit, L50, M|100/100\n|switch|p2a: Garchomp|Garchomp, L50, M|100/100\n|switch|p2b: Kingambit|Kingambit, L50, F|100/100\n|turn|1\n|inactive|Rk Pokemons has 30 seconds left.\n|\n|t:|1788281941\n|switch|p1b: Ninetales|Ninetales-Alola, L50, F|100/100\n|-weather|Snowscape|[from] ability: Snow Warning|[of] p1b: Ninetales\n|move|p1a: Glimmora|Spiky Shield|p1a: Glimmora\n|-singleturn|p1a: Glimmora|move: Protect\n|move|p2b: Kingambit|Protect|p2b: Kingambit\n|-singleturn|p2b: Kingambit|Protect\n|move|p2a: Garchomp|Stomping Tantrum|p1b: Ninetales\n|-damage|p1b: Ninetales|44/100\n|-damage|p2a: Garchomp|90/100|[from] item: Life Orb\n|\n|-weather|Snowscape|[upkeep]\n|upkeep\n|turn|2\n|c|☆RishiGreat1234|kitna daraoge\n|\n|t:|1788281961\n|switch|p1a: Kommo-o|Kommo-o, L50, M|100/100\n|move|p2a: Garchomp|Protect|p2a: Garchomp\n|-singleturn|p2a: Garchomp|Protect\n|move|p1b: Ninetales|Blizzard|p2a: Garchomp|[spread] p2b\n|-activate|p2a: Garchomp|move: Protect\n|-resisted|p2b: Kingambit|1\n|-damage|p2b: Kingambit|85/100\n|move|p2b: Kingambit|Iron Head|p1b: Ninetales\n|-supereffective|p1b: Ninetales|2\n|-crit|p1b: Ninetales\n|-damage|p1b: Ninetales|0 fnt\n|faint|p1b: Ninetales\n|\n|-weather|Snowscape|[upkeep]\n|upkeep\n|\n|t:|1788281967\n|switch|p1b: Kingambit|Kingambit, L50, M|100/100\n|turn|3\n|\n|t:|1788281991\n|switch|p2b: Whimsicott|Whimsicott, L50, M|100/100\n|move|p1a: Kommo-o|Vacuum Wave|p2b: Whimsicott\n|-resisted|p2b: Whimsicott|1\n|-damage|p2b: Whimsicott|81/100\n|-damage|p1a: Kommo-o|90/100|[from] item: Life Orb\n|move|p2a: Garchomp|Dragon Claw|p1a: Kommo-o\n|-supereffective|p1a: Kommo-o|1\n|-damage|p1a: Kommo-o|0 fnt\n|faint|p1a: Kommo-o\n|-damage|p2a: Garchomp|80/100|[from] item: Life Orb\n|move|p1b: Kingambit|Kowtow Cleave|p2a: Garchomp\n|-crit|p2a: Garchomp\n|-damage|p2a: Garchomp|0 fnt\n|-damage|p1b: Kingambit|87/100|[from] ability: Rough Skin|[of] p2a: Garchomp\n|faint|p2a: Garchomp\n|\n|-weather|Snowscape|[upkeep]\n|upkeep\n|c|☆Rk Pokemons|Bhai mein pahle baar khel raha his\n|c|☆RishiGreat1234|rip\n|\n|t:|1788282015\n|switch|p2a: Kingambit|Kingambit, L50, F|85/100\n|switch|p1a: Glimmora|Glimmora, L50, M|100/100\n|turn|4\n|\n|t:|1788282029\n|detailschange|p1a: Glimmora|Glimmora-Mega, L50, M\n|-mega|p1a: Glimmora|Glimmora|Glimmoranite\n|move|p2b: Whimsicott|Protect|p2b: Whimsicott\n|-singleturn|p2b: Whimsicott|Protect\n|move|p1b: Kingambit|Sucker Punch|p2a: Kingambit\n|-resisted|p2a: Kingambit|1\n|-damage|p2a: Kingambit|66/100\n|move|p1a: Glimmora|Earth Power|p2a: Kingambit\n|-supereffective|p2a: Kingambit|1\n|-crit|p2a: Kingambit\n|-damage|p2a: Kingambit|0 fnt\n|faint|p2a: Kingambit\n|\n|-weather|Snowscape|[upkeep]\n|upkeep\n|c|☆RishiGreat1234|lol ye to mega hai\n|\n|t:|1788282042\n|switch|p2a: Charizard|Charizard, L50, M|100/100\n|turn|5\n|c|☆Rk Pokemons|Ha\n|inactive|RishiGreat1234 has 30 seconds left.\n|inactive|RishiGreat1234 has 20 seconds left.\n|inactive|RishiGreat1234 has 15 seconds left.\n|\n|t:|1788282086\n|detailschange|p2a: Charizard|Charizard-Mega-Y, L50, M\n|-mega|p2a: Charizard|Charizard|Charizardite Y\n|-weather|SunnyDay|[from] ability: Drought|[of] p2a: Charizard\n|move|p2b: Whimsicott|Encore|p1a: Glimmora\n|-start|p1a: Glimmora|Encore\n|move|p1a: Glimmora|Earth Power|p2a: Charizard\n|-immune|p2a: Charizard\n|move|p2a: Charizard|Heat Wave|p1a: Glimmora|[spread] p1a,p1b\n|-resisted|p1a: Glimmora|1\n|-supereffective|p1b: Kingambit|1\n|-damage|p1a: Glimmora|59/100\n|-damage|p1b: Kingambit|0 fnt\n|faint|p1b: Kingambit\n|\n|-weather|SunnyDay|[upkeep]\n|upkeep\n|turn|6\n|c|☆Rk Pokemons|Oh\n|c|☆RishiGreat1234|last moment thinking\n|\n|t:|1788282110\n|move|p2b: Whimsicott|Moonblast|p1a: Glimmora\n|-resisted|p1a: Glimmora|1\n|-damage|p1a: Glimmora|37/100\n|move|p1a: Glimmora|Earth Power|p2b: Whimsicott\n|-resisted|p2b: Whimsicott|1\n|-damage|p2b: Whimsicott|48/100\n|move|p2a: Charizard|Solar Beam||[still]\n|-prepare|p2a: Charizard|Solar Beam\n|-anim|p2a: Charizard|Solar Beam|p1a: Glimmora\n|-damage|p1a: Glimmora|0 fnt\n|faint|p1a: Glimmora\n|\n|win|RishiGreat1234\n|c|☆RishiGreat1234|ggs gng\n|c|☆Rk Pokemons|Ggs\n|l|☆RishiGreat1234\n|player|p2|\n|l|☆Rk Pokemons\n|player|p1|\n|j|☆Rk Pokemons\n|player|p1|Rk Pokemons|101|\n|j| AyushXD\n","uploadtime":1788282234,"views":"0","formatid":"gen9championsvgc2026regmb","rating":null,"private":0,"password":null}