{"id":"gen9championsvgc2026regmb-2674351422","format":"[Gen 9 Champions] VGC 2026 Reg M-B","players":["Iamsupermegacool","alexismydog"],"log":"|j|☆Iamsupermegacool\n|j|☆alexismydog\n|t:|1788346988\n|gametype|doubles\n|player|p1|Iamsupermegacool|101|1504\n|player|p2|alexismydog|265|1672\n|gen|9\n|tier|[Gen 9 Champions] VGC 2026 Reg M-B\n|rated|\n|rule|Species Clause: Limit one of each Pokémon\n|rule|Item Clause: Limit 1 of each item\n|clearpoke\n|poke|p1|Froslass, L50, F|\n|poke|p1|Lycanroc-Dusk, L50, M|\n|poke|p1|Kingambit, L50, F|\n|poke|p1|Scovillain, L50, M|\n|poke|p1|Sneasler, L50, F|\n|poke|p1|Basculegion, L50, M|\n|poke|p2|Tyranitar, L50, M|\n|poke|p2|Excadrill, L50, M|\n|poke|p2|Sinistcha, L50|\n|poke|p2|Gholdengo, L50|\n|poke|p2|Staraptor, L50, F|\n|poke|p2|Milotic, L50, M|\n|teampreview|4\n|inactive|Battle timer is ON: inactive players will automatically lose when time's up. (requested by Iamsupermegacool)\n|l|☆alexismydog\n|inactive|alexismydog disconnected and has a minute to reconnect!\n|player|p2|\n|j|☆alexismydog\n|inactive|alexismydog reconnected.\n|player|p2|alexismydog|265|\n|inactive|Iamsupermegacool has 60 seconds left.\n|\n|t:|1788347029\n|teamsize|p1|4\n|teamsize|p2|4\n|start\n|switch|p1a: Scovillain|Scovillain, L50, M|100/100\n|switch|p1b: Sneasler|Sneasler, L50, F|100/100\n|switch|p2a: Staraptor|Staraptor, L50, F|100/100\n|switch|p2b: Gholdengo|Gholdengo, L50|100/100\n|-ability|p2a: Staraptor|Intimidate|boost\n|-unboost|p1a: Scovillain|atk|1\n|-unboost|p1b: Sneasler|atk|1\n|-enditem|p1b: Sneasler|White Herb\n|-clearnegativeboost|p1b: Sneasler|[silent]\n|turn|1\n|inactive|Iamsupermegacool has 30 seconds left.\n|inactive|alexismydog has 30 seconds left.\n|\n|t:|1788347063\n|detailschange|p2a: Staraptor|Staraptor-Mega, L50, F\n|-mega|p2a: Staraptor|Staraptor|Staraptite\n|detailschange|p1a: Scovillain|Scovillain-Mega, L50, M\n|-mega|p1a: Scovillain|Scovillain|Scovillainite\n|move|p1b: Sneasler|Fake Out|p2a: Staraptor\n|-crit|p2a: Staraptor\n|-damage|p2a: Staraptor|79/100\n|cant|p2a: Staraptor|flinch\n|move|p2b: Gholdengo|Nasty Plot|p2b: Gholdengo\n|-boost|p2b: Gholdengo|spa|2\n|move|p1a: Scovillain|Overheat|p2b: Gholdengo|[miss]\n|-miss|p1a: Scovillain|p2b: Gholdengo\n|\n|upkeep\n|turn|2\n|inactive|Iamsupermegacool has 30 seconds left.\n|\n|t:|1788347093\n|switch|p1b: Kingambit|Kingambit, L50, F|100/100\n|move|p2a: Staraptor|Brave Bird|p1a: Scovillain\n|-supereffective|p1a: Scovillain|1\n|-damage|p1a: Scovillain|0 fnt\n|-status|p2a: Staraptor|brn|[from] ability: Spicy Spray|[of] p1a: Scovillain\n|faint|p1a: Scovillain\n|-damage|p2a: Staraptor|49/100 brn|[from] Recoil\n|move|p2b: Gholdengo|Make It Rain|p1b: Kingambit\n|-resisted|p1b: Kingambit|1\n|-damage|p1b: Kingambit|31/100\n|-unboost|p2b: Gholdengo|spa|2\n|\n|-damage|p2a: Staraptor|43/100 brn|[from] brn\n|upkeep\n|\n|t:|1788347108\n|switch|p1a: Sneasler|Sneasler, L50, F|100/100\n|turn|3\n|\n|t:|1788347119\n|move|p1a: Sneasler|Dire Claw|p2a: Staraptor\n|-damage|p2a: Staraptor|3/100 brn\n|move|p2a: Staraptor|Tailwind|p2a: Staraptor\n|-sidestart|p2: alexismydog|move: Tailwind\n|move|p2b: Gholdengo|Make It Rain|p1a: Sneasler|[spread] p1a,p1b\n|-resisted|p1b: Kingambit|1\n|-damage|p1a: Sneasler|31/100\n|-damage|p1b: Kingambit|3/100\n|-unboost|p2b: Gholdengo|spa|2\n|move|p1b: Kingambit|Kowtow Cleave|p2b: Gholdengo\n|-supereffective|p2b: Gholdengo|1\n|-enditem|p2b: Gholdengo|Focus Sash\n|-damage|p2b: Gholdengo|1/100\n|\n|-damage|p2a: Staraptor|0 fnt|[from] brn\n|faint|p2a: Staraptor\n|upkeep\n|\n|t:|1788347138\n|switch|p2a: Excadrill|Excadrill, L50, M|100/100\n|turn|4\n|\n|t:|1788347150\n|move|p1b: Kingambit|Sucker Punch|p2b: Gholdengo\n|-supereffective|p2b: Gholdengo|1\n|-damage|p2b: Gholdengo|0 fnt\n|faint|p2b: Gholdengo\n|move|p2a: Excadrill|High Horsepower|p1a: Sneasler\n|-supereffective|p1a: Sneasler|1\n|-damage|p1a: Sneasler|0 fnt\n|faint|p1a: Sneasler\n|-damage|p2a: Excadrill|90/100|[from] item: Life Orb\n|\n|upkeep\n|\n|t:|1788347159\n|switch|p1a: Basculegion|Basculegion, L50, M|100/100\n|switch|p2b: Tyranitar|Tyranitar, L50, M|100/100\n|-weather|Sandstorm|[from] ability: Sand Stream|[of] p2b: Tyranitar\n|turn|5\n|inactive|Iamsupermegacool has 30 seconds left.\n|inactive|Iamsupermegacool has 20 seconds left.\n|inactive|Iamsupermegacool has 15 seconds left.\n|inactive|Iamsupermegacool has 10 seconds left.\n|inactive|Iamsupermegacool has 5 seconds left.\n|\n|t:|1788347214\n|move|p2a: Excadrill|Protect|p2a: Excadrill\n|-singleturn|p2a: Excadrill|Protect\n|move|p2b: Tyranitar|Rock Slide|p1b: Kingambit|[spread] p1a\n|-miss|p2b: Tyranitar|p1b: Kingambit\n|-damage|p1a: Basculegion|68/100\n|cant|p1a: Basculegion|flinch\n|move|p1b: Kingambit|Kowtow Cleave|p2b: Tyranitar\n|-resisted|p2b: Tyranitar|1\n|-damage|p2b: Tyranitar|77/100\n|\n|-weather|Sandstorm|[upkeep]\n|-damage|p1a: Basculegion|62/100|[from] Sandstorm\n|upkeep\n|turn|6\n|\n|t:|1788347235\n|move|p2a: Excadrill|Protect|p2a: Excadrill\n|-singleturn|p2a: Excadrill|Protect\n|move|p1a: Basculegion|Protect|p1a: Basculegion\n|-singleturn|p1a: Basculegion|Protect\n|move|p1b: Kingambit|Protect|p1b: Kingambit\n|-singleturn|p1b: Kingambit|Protect\n|move|p2b: Tyranitar|Knock Off|p1a: Basculegion\n|-activate|p1a: Basculegion|move: Protect\n|\n|-weather|Sandstorm|[upkeep]\n|-damage|p1a: Basculegion|56/100|[from] Sandstorm\n|-sideend|p2: alexismydog|move: Tailwind\n|upkeep\n|turn|7\n|\n|t:|1788347255\n|move|p2a: Excadrill|Protect||[still]\n|-fail|p2a: Excadrill\n|move|p2b: Tyranitar|Knock Off|p1a: Basculegion\n|-supereffective|p1a: Basculegion|1\n|-damage|p1a: Basculegion|0 fnt\n|-enditem|p1a: Basculegion|Sitrus Berry|[from] move: Knock Off|[of] p2b: Tyranitar\n|faint|p1a: Basculegion\n|move|p1b: Kingambit|Kowtow Cleave|p2a: Excadrill\n|-damage|p2a: Excadrill|24/100\n|\n|-weather|Sandstorm|[upkeep]\n|upkeep\n|turn|8\n|\n|t:|1788347268\n|move|p1b: Kingambit|Sucker Punch|p2a: Excadrill\n|-damage|p2a: Excadrill|0 fnt\n|faint|p2a: Excadrill\n|move|p2b: Tyranitar|Knock Off|p1b: Kingambit\n|-resisted|p1b: Kingambit|1\n|-damage|p1b: Kingambit|0 fnt\n|-enditem|p1b: Kingambit|Chople Berry|[from] move: Knock Off|[of] p2b: Tyranitar\n|faint|p1b: Kingambit\n|\n|win|alexismydog\n|raw|Iamsupermegacool's rating: 1504 &rarr; <strong>1493</strong><br />(-11 for losing)\n|raw|alexismydog's rating: 1672 &rarr; <strong>1683</strong><br />(+11 for winning)\n","uploadtime":1788347272,"views":"1","formatid":"gen9championsvgc2026regmb","rating":1493,"private":0,"password":null}