{"id":"gen9championsvgc2026regmb-2674048295","format":"[Gen 9 Champions] VGC 2026 Reg M-B","players":["igor vgc 22!","topougamer"],"log":"|j|☆igor vgc 22!\n|j|☆topougamer\n|html|<table width=\"100%\"><tr><td align=\"left\">igor vgc 22!</td><td align=\"right\">topougamer</tr><tr><td align=\"left\"><i class=\"fa fa-circle\"></i> <i class=\"fa fa-circle-o\"></i> </td><td align=\"right\"><i class=\"fa fa-circle-o\"></i> <i class=\"fa fa-circle-o\"></i> </tr></table>\n|uhtml|bestof|<h2><strong>Game 2</strong> of <a href=\"/game-bestof3-gen9championsvgc2026regmb-2674044991\">a best-of-3</a></h2>\n|t:|1788292384\n|gametype|doubles\n|player|p1|igor vgc 22!|clemont|\n|player|p2|topougamer|chuck|\n|gen|9\n|tier|[Gen 9 Champions] VGC 2026 Reg M-B\n|rated|Tournament battle\n|rule|Species Clause: Limit one of each Pokémon\n|rule|Item Clause: Limit 1 of each item\n|raw|<div class=\"infobox\"><details class=\"readmore\" open><summary><strong>2 custom rules:</strong></summary> Force Open Team Sheets, Best of = 3</details></div>\n|clearpoke\n|poke|p1|Floette-Eternal, L50, F|\n|poke|p1|Garchomp, L50, M, shiny|\n|poke|p1|Whimsicott, L50, M, shiny|\n|poke|p1|Basculegion, L50, M, shiny|\n|poke|p1|Charizard, L50, M, shiny|\n|poke|p1|Kingambit, L50, M, shiny|\n|poke|p2|Tyranitar, L50, F|\n|poke|p2|Staraptor, L50, M|\n|poke|p2|Whimsicott, L50, M|\n|poke|p2|Aegislash, L50, F|\n|poke|p2|Rotom-Wash, L50|\n|poke|p2|Garchomp, L50, M|\n|teampreview|4\n|showteam|p1|Floette-Eternal||Floettite|FlowerVeil|Moonblast,DazzlingGleam,LightofRuin,Protect|Timid||F|||50|]Garchomp||LifeOrb|RoughSkin|Protect,DragonClaw,RockSlide,Earthquake|Jolly||M|||50|]Whimsicott||FocusSash|Prankster|Tailwind,Encore,Moonblast,Protect|Timid||M|||50|]Basculegion||MysticWater|Adaptability|Protect,AquaJet,WaveCrash,LastRespects|Adamant||M|||50|]Charizard||CharizarditeY|Blaze|HeatWave,SolarBeam,WeatherBall,Protect|Modest||M|||50|]Kingambit||BlackGlasses|Defiant|Protect,SuckerPunch,KowtowCleave,IronHead|Adamant||M|||50|\n|showteam|p2|Tyranitar||Tyranitarite|SandStream|RockSlide,KnockOff,IcePunch,Protect|Adamant||F|||50|]Staraptor||Staraptite|Intimidate|CloseCombat,DualWingbeat,Roost,Protect|Jolly||M|||50|]Whimsicott||FocusSash|Prankster|Moonblast,Encore,Tailwind,Protect|Timid||M|||50|]Aegislash||Leftovers|StanceChange|FlashCannon,ShadowBall,KingsShield,WideGuard|Calm||F|||50|]Rotom-Wash||SitrusBerry|Levitate|HydroPump,Thunderbolt,WillOWisp,Discharge|Modest|||||50|]Garchomp||LifeOrb|RoughSkin|Earthquake,RockSlide,DragonClaw,Protect|Jolly||M|||50|\n|inactive|Battle timer is ON: inactive players will automatically lose when time's up. (requested by igor vgc 22!)\n|\n|t:|1788292406\n|teamsize|p1|4\n|teamsize|p2|4\n|start\n|switch|p1a: whimsy maxing|Whimsicott, L50, M, shiny|100/100\n|switch|p1b: global warming|Charizard, L50, M, shiny|100/100\n|switch|p2a: Aegislash|Aegislash, L50, F|100/100\n|switch|p2b: Garchomp|Garchomp, L50, M|100/100\n|turn|1\n|\n|t:|1788292429\n|move|p1b: global warming|Protect|p1b: global warming\n|-singleturn|p1b: global warming|Protect\n|move|p1a: whimsy maxing|Tailwind|p1a: whimsy maxing\n|-sidestart|p1: igor vgc 22!|move: Tailwind\n|move|p2b: Garchomp|Rock Slide|p1a: whimsy maxing|[spread] p1a\n|-activate|p1b: global warming|move: Protect\n|-damage|p1a: whimsy maxing|59/100\n|-damage|p2b: Garchomp|90/100|[from] item: Life Orb\n|-formechange|p2a: Aegislash|Aegislash-Blade|\n|move|p2a: Aegislash|Flash Cannon|p1a: whimsy maxing\n|-supereffective|p1a: whimsy maxing|1\n|-damage|p1a: whimsy maxing|0 fnt\n|faint|p1a: whimsy maxing\n|\n|upkeep\n|\n|t:|1788292438\n|switch|p1a: goatchomp|Garchomp, L50, M, shiny|100/100\n|turn|2\n|\n|t:|1788292456\n|switch|p2b: Whimsicott|Whimsicott, L50, M|100/100\n|-formechange|p2a: Aegislash|Aegislash|\n|move|p2a: Aegislash|King's Shield|p2a: Aegislash\n|-singleturn|p2a: Aegislash|Protect\n|move|p1a: goatchomp|Dragon Claw|p2b: Whimsicott\n|-immune|p2b: Whimsicott\n|move|p1b: global warming|Heat Wave|p2a: Aegislash|[spread] p2b\n|-activate|p2a: Aegislash|move: Protect\n|-supereffective|p2b: Whimsicott|1\n|-enditem|p2b: Whimsicott|Focus Sash\n|-damage|p2b: Whimsicott|1/100\n|\n|upkeep\n|turn|3\n|j| DSok_\n|inactive|topougamer has 30 seconds left.\n|\n|t:|1788292485\n|move|p2a: Aegislash|Wide Guard|p2a: Aegislash\n|-singleturn|p2a: Aegislash|Wide Guard\n|move|p2b: Whimsicott|Tailwind|p2b: Whimsicott\n|-sidestart|p2: topougamer|move: Tailwind\n|move|p1a: goatchomp|Earthquake|p2a: Aegislash|[spread] \n|-activate|p2a: Aegislash|move: Wide Guard\n|-activate|p2b: Whimsicott|move: Wide Guard\n|-immune|p1b: global warming\n|move|p1b: global warming|Weather Ball|p2b: Whimsicott\n|-damage|p2b: Whimsicott|0 fnt\n|faint|p2b: Whimsicott\n|\n|upkeep\n|\n|t:|1788292502\n|switch|p2b: Tyranitar|Tyranitar, L50, F|100/100\n|-weather|Sandstorm|[from] ability: Sand Stream|[of] p2b: Tyranitar\n|turn|4\n|inactive|topougamer has 30 seconds left.\n|\n|t:|1788292530\n|move|p1b: global warming|Protect|p1b: global warming\n|-singleturn|p1b: global warming|Protect\n|move|p2b: Tyranitar|Protect|p2b: Tyranitar\n|-singleturn|p2b: Tyranitar|Protect\n|move|p1a: goatchomp|Earthquake|p2b: Tyranitar|[spread] p2a\n|-activate|p1b: global warming|move: Protect\n|-activate|p2b: Tyranitar|move: Protect\n|-supereffective|p2a: Aegislash|1\n|-damage|p2a: Aegislash|16/100\n|-damage|p1a: goatchomp|90/100|[from] item: Life Orb\n|-formechange|p2a: Aegislash|Aegislash-Blade|\n|move|p2a: Aegislash|Shadow Ball|p1a: goatchomp\n|-damage|p1a: goatchomp|48/100\n|\n|-weather|Sandstorm|[upkeep]\n|-damage|p1b: global warming|94/100|[from] Sandstorm\n|-heal|p2a: Aegislash|22/100|[from] item: Leftovers\n|-sideend|p1: igor vgc 22!|move: Tailwind\n|upkeep\n|turn|5\n|inactive|topougamer has 30 seconds left.\n|inactive|topougamer has 20 seconds left.\n|\n|t:|1788292567\n|switch|p1b: fish|Basculegion, L50, M, shiny|100/100\n|detailschange|p2b: Tyranitar|Tyranitar-Mega, L50, F\n|-mega|p2b: Tyranitar|Tyranitar|Tyranitarite\n|move|p1a: goatchomp|Protect|p1a: goatchomp\n|-singleturn|p1a: goatchomp|Protect\n|move|p2a: Aegislash|Wide Guard|p2a: Aegislash\n|-singleturn|p2a: Aegislash|Wide Guard\n|move|p2b: Tyranitar|Ice Punch|p1a: goatchomp\n|-activate|p1a: goatchomp|move: Protect\n|\n|-weather|Sandstorm|[upkeep]\n|-damage|p1b: fish|94/100|[from] Sandstorm\n|-heal|p2a: Aegislash|28/100|[from] item: Leftovers\n|upkeep\n|turn|6\n|\n|t:|1788292581\n|switch|p1a: global warming|Charizard, L50, M, shiny|94/100\n|move|p1b: fish|Aqua Jet|p2a: Aegislash\n|-crit|p2a: Aegislash\n|-damage|p2a: Aegislash|0 fnt\n|faint|p2a: Aegislash\n|move|p2b: Tyranitar|Ice Punch|p1a: global warming\n|-damage|p1a: global warming|43/100\n|-status|p1a: global warming|frz\n|\n|-weather|Sandstorm|[upkeep]\n|-damage|p1a: global warming|37/100 frz|[from] Sandstorm\n|-damage|p1b: fish|88/100|[from] Sandstorm\n|-sideend|p2: topougamer|move: Tailwind\n|upkeep\n|\n|t:|1788292586\n|switch|p2a: Garchomp|Garchomp, L50, M|90/100\n|turn|7\n|inactive|topougamer has 30 seconds left.\n|\n|t:|1788292614\n|-curestatus|p1a: global warming|frz|[msg]\n|move|p1a: global warming|Protect|p1a: global warming\n|-singleturn|p1a: global warming|Protect\n|move|p2a: Garchomp|Rock Slide|p1b: fish|[spread] \n|-activate|p1a: global warming|move: Protect\n|-miss|p2a: Garchomp|p1b: fish\n|move|p1b: fish|Wave Crash|p2b: Tyranitar\n|-supereffective|p2b: Tyranitar|1\n|-damage|p2b: Tyranitar|0 fnt\n|faint|p2b: Tyranitar\n|-damage|p1b: fish|59/100|[from] Recoil\n|\n|-weather|Sandstorm|[upkeep]\n|-damage|p1a: global warming|32/100|[from] Sandstorm\n|-damage|p1b: fish|53/100|[from] Sandstorm\n|upkeep\n|turn|8\n|\n|t:|1788292626\n|detailschange|p1a: global warming|Charizard-Mega-Y, L50, M, shiny\n|-mega|p1a: global warming|Charizard|Charizardite Y\n|-weather|SunnyDay|[from] ability: Drought|[of] p1a: global warming\n|move|p2a: Garchomp|Rock Slide|p1a: global warming|[spread] p1a,p1b\n|-supereffective|p1a: global warming|2\n|-damage|p1a: global warming|0 fnt\n|-damage|p1b: fish|18/100\n|faint|p1a: global warming\n|-damage|p2a: Garchomp|80/100|[from] item: Life Orb\n|move|p1b: fish|Last Respects|p2a: Garchomp\n|-damage|p2a: Garchomp|0 fnt\n|faint|p2a: Garchomp\n|\n|win|igor vgc 22!\n","uploadtime":1788292626,"views":"0","formatid":"gen9championsvgc2026regmb","rating":null,"private":0,"password":null}