{"id":"gen9championsvgc2026regmbbo3-2674969044","format":"[Gen 9 Champions] VGC 2026 Reg M-B (Bo3)","players":["okkia3","Kevxit"],"log":"|j|☆okkia3\n|j|☆Kevxit\n|html|<table width=\"100%\"><tr><td align=\"left\">okkia3</td><td align=\"right\">Kevxit</tr><tr><td align=\"left\"><i class=\"fa fa-circle-o\"></i> <i class=\"fa fa-circle-o\"></i> </td><td align=\"right\"><i class=\"fa fa-circle-o\"></i> <i class=\"fa fa-circle-o\"></i> </tr></table>\n|uhtml|bestof|<h2><strong>Game 1</strong> of <a href=\"/game-bestof3-gen9championsvgc2026regmbbo3-2674969042\">a best-of-3</a></h2>\n|t:|1788443372\n|gametype|doubles\n|player|p1|okkia3|102|1061\n|player|p2|Kevxit|102|1000\n|gen|9\n|tier|[Gen 9 Champions] VGC 2026 Reg M-B (Bo3)\n|rated|\n|rule|Species Clause: Limit one of each Pokémon\n|rule|Item Clause: Limit 1 of each item\n|clearpoke\n|poke|p1|Charizard, L50, M|\n|poke|p1|Whimsicott, L50, M|\n|poke|p1|Basculegion, L50, M|\n|poke|p1|Farigiraf, L50, F|\n|poke|p1|Kangaskhan, L50, F|\n|poke|p1|Sneasler, L50, M|\n|poke|p2|Scrafty, L50, F|\n|poke|p2|Torkoal, L50, M|\n|poke|p2|Azumarill, L50, F|\n|poke|p2|Scovillain, L50, F|\n|poke|p2|Cofagrigus, L50, M|\n|poke|p2|Runerigus, L50, M|\n|teampreview|4\n|showteam|p1|Charizard||CharizarditeY|SolarPower|WeatherBall,HeatWave,SolarBeam,Protect|Timid||M|||50|]Whimsicott||FocusSash|Prankster|Moonblast,Tailwind,SunnyDay,Encore|Timid||M|||50|]Basculegion||ChoiceScarf|Adaptability|WaveCrash,AquaJet,LastRespects,FlipTurn|Adamant||M|||50|]Farigiraf||SitrusBerry|ArmorTail|Psychic,HyperVoice,HelpingHand,TrickRoom|Modest||F|||50|]Kangaskhan||Kangaskhanite|Scrappy|FakeOut,DoubleEdge,DrainPunch,SuckerPunch|Adamant||F|||50|]Sneasler||WhiteHerb|Unburden|FakeOut,CloseCombat,DireClaw,RockTomb|Adamant||M|||50|\n|showteam|p2|Scrafty||MuscleBand|Intimidate|KnockOff,DrainPunch,FakeOut,Protect|Adamant||F|||50|]Torkoal||WiseGlasses|Drought|Eruption,WeatherBall,Protect,HelpingHand|Modest||M|||50|]Azumarill||SitrusBerry|HugePower|Liquidation,PlayRough,Protect,BellyDrum|Adamant||F|||50|]Scovillain||Leftovers|Moody|Flamethrower,GigaDrain,Protect,LeechSeed|Modest||F|||50|]Cofagrigus||KasibBerry|Mummy|ShadowBall,WillOWisp,TrickRoom,CalmMind|Relaxed||M|||50|]Runerigus||FocusSash|WanderingSpirit|Earthquake,Poltergeist,Protect,TrickRoom|Brave||M|||50|\n|inactive|Battle timer is ON: inactive players will automatically lose when time's up. (requested by okkia3)\n|inactive|Kevxit has 60 seconds left.\n|\n|t:|1788443416\n|teamsize|p1|4\n|teamsize|p2|4\n|start\n|switch|p1a: Farigiraf|Farigiraf, L50, F|100/100\n|switch|p1b: Kangaskhan|Kangaskhan, L50, F|100/100\n|switch|p2a: Scrafty|Scrafty, L50, F|100/100\n|switch|p2b: Cofagrigus|Cofagrigus, L50, M|100/100\n|-ability|p2a: Scrafty|Intimidate|boost\n|-unboost|p1a: Farigiraf|atk|1\n|-fail|p1b: Kangaskhan|unboost|atk|[from] ability: Scrappy|[of] p1b: Kangaskhan\n|turn|1\n|\n|t:|1788443439\n|detailschange|p1b: Kangaskhan|Kangaskhan-Mega, L50, F\n|-mega|p1b: Kangaskhan|Kangaskhan|Kangaskhanite\n|move|p1b: Kangaskhan|Sucker Punch||[still]\n|-fail|p1b: Kangaskhan\n|move|p1a: Farigiraf|Psychic|p2b: Cofagrigus\n|-damage|p2b: Cofagrigus|59/100\n|move|p2a: Scrafty|Drain Punch|p1b: Kangaskhan\n|-supereffective|p1b: Kangaskhan|1\n|-damage|p1b: Kangaskhan|23/100\n|move|p2b: Cofagrigus|Trick Room|p2b: Cofagrigus\n|-fieldstart|move: Trick Room|[of] p2b: Cofagrigus\n|\n|upkeep\n|turn|2\n|\n|t:|1788443452\n|switch|p1b: Sneasler|Sneasler, L50, M|100/100\n|move|p2b: Cofagrigus|Will-O-Wisp|p1b: Sneasler\n|-status|p1b: Sneasler|brn\n|move|p2a: Scrafty|Drain Punch|p1b: Sneasler\n|-resisted|p1b: Sneasler|1\n|-damage|p1b: Sneasler|71/100 brn\n|move|p1a: Farigiraf|Psychic|p2b: Cofagrigus\n|-damage|p2b: Cofagrigus|19/100\n|\n|-damage|p1b: Sneasler|65/100 brn|[from] brn\n|upkeep\n|turn|3\n|\n|t:|1788443471\n|move|p2b: Cofagrigus|Shadow Ball|p1b: Sneasler\n|-damage|p1b: Sneasler|29/100 brn\n|move|p2a: Scrafty|Knock Off|p1a: Farigiraf\n|-supereffective|p1a: Farigiraf|1\n|-damage|p1a: Farigiraf|0 fnt\n|-enditem|p1a: Farigiraf|Sitrus Berry|[from] move: Knock Off|[of] p2a: Scrafty\n|faint|p1a: Farigiraf\n|move|p1b: Sneasler|Close Combat|p2a: Scrafty\n|-supereffective|p2a: Scrafty|1\n|-damage|p2a: Scrafty|34/100\n|-unboost|p1b: Sneasler|def|1\n|-unboost|p1b: Sneasler|spd|1\n|-enditem|p1b: Sneasler|White Herb\n|-clearnegativeboost|p1b: Sneasler|[silent]\n|\n|-damage|p1b: Sneasler|23/100 brn|[from] brn\n|upkeep\n|\n|t:|1788443473\n|switch|p1a: Kangaskhan|Kangaskhan-Mega, L50, F|23/100\n|turn|4\n|\n|t:|1788443494\n|move|p1a: Kangaskhan|Sucker Punch|p2b: Cofagrigus\n|-supereffective|p2b: Cofagrigus|1\n|-damage|p2b: Cofagrigus|0 fnt\n|-activate|p2b: Cofagrigus|ability: Mummy|p1a: Kangaskhan|[ability] Parental Bond\n|faint|p2b: Cofagrigus\n|move|p2a: Scrafty|Drain Punch|p1a: Kangaskhan\n|-supereffective|p1a: Kangaskhan|1\n|-damage|p1a: Kangaskhan|0 fnt\n|-heal|p2a: Scrafty|47/100|[from] drain|[of] p1a: Kangaskhan\n|-activate|p1a: Kangaskhan|ability: Mummy|p2a: Scrafty|[ability] Intimidate\n|faint|p1a: Kangaskhan\n|move|p1b: Sneasler|Close Combat|p2a: Scrafty\n|-supereffective|p2a: Scrafty|1\n|-damage|p2a: Scrafty|0 fnt\n|-unboost|p1b: Sneasler|def|1\n|-unboost|p1b: Sneasler|spd|1\n|-activate|p2a: Scrafty|ability: Mummy|p1b: Sneasler|[ability] Unburden\n|faint|p2a: Scrafty\n|\n|-damage|p1b: Sneasler|17/100 brn|[from] brn\n|upkeep\n|\n|t:|1788443518\n|switch|p2b: Scovillain|Scovillain, L50, F|100/100\n|switch|p2a: Torkoal|Torkoal, L50, M|100/100\n|switch|p1a: Basculegion|Basculegion, L50, M|100/100\n|-weather|SunnyDay|[from] ability: Drought|[of] p2a: Torkoal\n|turn|5\n|\n|t:|1788443528\n|move|p2a: Torkoal|Eruption|p1b: Sneasler|[spread] p1a,p1b\n|-resisted|p1a: Basculegion|1\n|-damage|p1a: Basculegion|55/100\n|-damage|p1b: Sneasler|0 fnt\n|faint|p1b: Sneasler\n|move|p2b: Scovillain|Giga Drain|p1a: Basculegion\n|-supereffective|p1a: Basculegion|1\n|-damage|p1a: Basculegion|0 fnt\n|faint|p1a: Basculegion\n|\n|win|Kevxit\n","uploadtime":1788443528,"views":"0","formatid":"gen9championsvgc2026regmbbo3","rating":null,"private":0,"password":null}