{"id":"gen9championsvgc2026regmb-2674161114","format":"[Gen 9 Champions] VGC 2026 Reg M-B","players":["Bskskdbd","draxsus"],"log":"|j|‽Bskskdbd\n|j|☆draxsus\n|t:|1788308276\n|gametype|doubles\n|player|p1|Bskskdbd|169|1028\n|player|p2|draxsus|1|1036\n|gen|9\n|tier|[Gen 9 Champions] VGC 2026 Reg M-B\n|rated|\n|rule|Species Clause: Limit one of each Pokémon\n|rule|Item Clause: Limit 1 of each item\n|clearpoke\n|poke|p1|Politoed, L50, F|\n|poke|p1|Venusaur, L50, M|\n|poke|p1|Tinkaton, L50, F|\n|poke|p1|Kommo-o, L50, M|\n|poke|p1|Ditto, L50|\n|poke|p1|Grimmsnarl, L50, M|\n|poke|p2|Incineroar, L50, F|\n|poke|p2|Grimmsnarl, L50, M|\n|poke|p2|Garchomp, L50, F|\n|poke|p2|Annihilape, L50, F|\n|poke|p2|Gholdengo, L50|\n|poke|p2|Hatterene, L50, F|\n|teampreview|4\n|inactive|Battle timer is ON: inactive players will automatically lose when time's up. (requested by draxsus)\ndraxsus rejected open team sheets.\n|\n|t:|1788308306\n|teamsize|p1|4\n|teamsize|p2|4\n|start\n|switch|p1a: Grimmsnarl|Grimmsnarl, L50, M|100/100\n|switch|p1b: Venusaur|Venusaur, L50, M|100/100\n|switch|p2a: Hatterene|Hatterene, L50, F|100/100\n|switch|p2b: Grimmsnarl|Grimmsnarl, L50, M|100/100\n|turn|1\n|\n|t:|1788308317\n|detailschange|p1b: Venusaur|Venusaur-Mega, L50, M\n|-mega|p1b: Venusaur|Venusaur|Venusaurite\n|move|p2b: Grimmsnarl|Fake Out|p1b: Venusaur\n|-damage|p1b: Venusaur|90/100\n|cant|p1b: Venusaur|flinch\n|move|p1a: Grimmsnarl|Spirit Break|p2a: Hatterene\n|-damage|p2a: Hatterene|57/100\n|-unboost|p2a: Hatterene|spa|1\n|move|p2a: Hatterene|Dazzling Gleam|p1a: Grimmsnarl|[spread] p1a,p1b\n|-supereffective|p1a: Grimmsnarl|1\n|-resisted|p1b: Venusaur|1\n|-damage|p1a: Grimmsnarl|52/100\n|-damage|p1b: Venusaur|81/100\n|\n|upkeep\n|turn|2\n|inactive|Bskskdbd has 30 seconds left.\n|inactive|Bskskdbd has 20 seconds left.\n|inactive|Bskskdbd has 15 seconds left.\n|inactive|Bskskdbd has 10 seconds left.\n|inactive|Bskskdbd has 5 seconds left.\n|\n|t:|1788308367\n|move|p1b: Venusaur|Giga Drain|p2a: Hatterene\n|-damage|p2a: Hatterene|14/100\n|-heal|p1b: Venusaur|98/100|[from] drain|[of] p2a: Hatterene\n|move|p2b: Grimmsnarl|Spirit Break|p1b: Venusaur\n|-resisted|p1b: Venusaur|1\n|-damage|p1b: Venusaur|86/100\n|-unboost|p1b: Venusaur|spa|1\n|move|p1a: Grimmsnarl|Spirit Break|p2a: Hatterene\n|-damage|p2a: Hatterene|0 fnt\n|faint|p2a: Hatterene\n|\n|upkeep\n|\n|t:|1788308367\n|switch|p2a: Incineroar|Incineroar, L50, F|100/100\n|-ability|p2a: Incineroar|Intimidate|boost\n|-unboost|p1a: Grimmsnarl|atk|1\n|-unboost|p1b: Venusaur|atk|1\n|turn|3\n|\n|t:|1788308388\n|switch|p1b: Ditto|Ditto, L50|100/100\n|-transform|p1b: Ditto|p2a: Incineroar|[from] ability: Imposter\n|-ability|p1b: Ditto|Intimidate|boost\n|-unboost|p2a: Incineroar|atk|1\n|-unboost|p2b: Grimmsnarl|atk|1\n|switch|p1a: Politoed|Politoed, L50, F|100/100\n|-weather|RainDance|[from] ability: Drizzle|[of] p1a: Politoed\n|move|p2a: Incineroar|Protect|p2a: Incineroar\n|-singleturn|p2a: Incineroar|Protect\n|move|p2b: Grimmsnarl|Spirit Break|p1b: Ditto\n|-damage|p1b: Ditto|74/100\n|-unboost|p1b: Ditto|spa|1\n|\n|-weather|RainDance|[upkeep]\n|upkeep\n|turn|4\n|inactive|Bskskdbd has 30 seconds left.\n|\n|t:|1788308416\n|move|p1b: Ditto|Fake Out|p2b: Grimmsnarl\n|-damage|p2b: Grimmsnarl|84/100\n|move|p1a: Politoed|Weather Ball|p2a: Incineroar\n|-supereffective|p2a: Incineroar|1\n|-damage|p2a: Incineroar|29/100\n|-enditem|p2a: Incineroar|Sitrus Berry|[eat]\n|-heal|p2a: Incineroar|54/100|[from] item: Sitrus Berry\n|move|p2a: Incineroar|Flare Blitz|p1a: Politoed\n|-resisted|p1a: Politoed|1\n|-damage|p1a: Politoed|92/100\n|-damage|p2a: Incineroar|51/100|[from] Recoil\n|cant|p2b: Grimmsnarl|flinch\n|\n|-weather|RainDance|[upkeep]\n|upkeep\n|turn|5\n|\n|t:|1788308431\n|switch|p1b: Grimmsnarl|Grimmsnarl, L50, M|52/100\n|move|p1a: Politoed|Weather Ball|p2a: Incineroar\n|-supereffective|p2a: Incineroar|1\n|-damage|p2a: Incineroar|0 fnt\n|faint|p2a: Incineroar\n|move|p2b: Grimmsnarl|Spirit Break|p1a: Politoed\n|-damage|p1a: Politoed|73/100\n|-unboost|p1a: Politoed|spa|1\n|\n|-weather|RainDance|[upkeep]\n|upkeep\n|\n|t:|1788308431\n|switch|p2a: Gholdengo|Gholdengo, L50|100/100\n|turn|6\n|\n|t:|1788308454\n|move|p2a: Gholdengo|Shadow Ball|p1b: Grimmsnarl\n|-resisted|p1b: Grimmsnarl|1\n|-damage|p1b: Grimmsnarl|30/100\n|move|p1a: Politoed|Weather Ball|p2b: Grimmsnarl\n|-damage|p2b: Grimmsnarl|55/100\n|move|p2b: Grimmsnarl|Spirit Break|p1b: Grimmsnarl\n|-supereffective|p1b: Grimmsnarl|1\n|-damage|p1b: Grimmsnarl|0 fnt\n|faint|p1b: Grimmsnarl\n|\n|-weather|RainDance|[upkeep]\n|upkeep\n|\n|t:|1788308468\n|switch|p1b: Venusaur|Venusaur-Mega, L50, M|86/100\n|turn|7\n|\n|t:|1788308474\n|move|p2a: Gholdengo|Make It Rain|p1b: Venusaur|[spread] p1a,p1b\n|-resisted|p1a: Politoed|1\n|-damage|p1a: Politoed|52/100\n|-damage|p1b: Venusaur|50/100g\n|-unboost|p2a: Gholdengo|spa|2\n|-enditem|p2a: Gholdengo|White Herb\n|-clearnegativeboost|p2a: Gholdengo|[silent]\n|move|p1b: Venusaur|Sludge Bomb|p2b: Grimmsnarl\n|-supereffective|p2b: Grimmsnarl|1\n|-damage|p2b: Grimmsnarl|0 fnt\n|faint|p2b: Grimmsnarl\n|move|p1a: Politoed|Weather Ball|p2a: Gholdengo\n|-damage|p2a: Gholdengo|62/100\n|\n|-weather|none\n|upkeep\n|turn|8\n|inactive|Bskskdbd has 30 seconds left.\n|\n|t:|1788308499\n|move|p1a: Politoed|Protect|p1a: Politoed\n|-singleturn|p1a: Politoed|Protect\n|move|p2a: Gholdengo|Shadow Ball|p1b: Venusaur\n|-damage|p1b: Venusaur|16/100\n|move|p1b: Venusaur|Earth Power|p2a: Gholdengo\n|-supereffective|p2a: Gholdengo|1\n|-damage|p2a: Gholdengo|0 fnt\n|faint|p2a: Gholdengo\n|\n|win|Bskskdbd\n|raw|Bskskdbd's rating: 1028 &rarr; <strong>1065</strong><br />(+37 for winning)\n|raw|draxsus's rating: 1036 &rarr; <strong>1020</strong><br />(-16 for losing)\n","uploadtime":1788308508,"views":"0","formatid":"gen9championsvgc2026regmb","rating":1020,"private":0,"password":null}