{"id":"gen9championsvgc2026regmbbo3-2673394914","format":"[Gen 9 Champions] VGC 2026 Reg M-B (Bo3)","players":["aerodactylhater","walaye"],"log":"|j|☆aerodactylhater\n|j|☆walaye\n|html|<table width=\"100%\"><tr><td align=\"left\">aerodactylhater</td><td align=\"right\">walaye</tr><tr><td align=\"left\"><i class=\"fa fa-circle\"></i> <i class=\"fa fa-circle-o\"></i> </td><td align=\"right\"><i class=\"fa fa-circle-o\"></i> <i class=\"fa fa-circle-o\"></i> </tr></table>\n|uhtml|bestof|<h2><strong>Game 2</strong> of <a href=\"/game-bestof3-gen9championsvgc2026regmbbo3-2673393566\">a best-of-3</a></h2>\n|t:|1788192554\n|gametype|doubles\n|player|p1|aerodactylhater|cowgirl|1361\n|player|p2|walaye|chuck|1303\n|gen|9\n|tier|[Gen 9 Champions] VGC 2026 Reg M-B (Bo3)\n|rated|\n|rule|Species Clause: Limit one of each Pokémon\n|rule|Item Clause: Limit 1 of each item\n|clearpoke\n|poke|p1|Froslass, L50, F|\n|poke|p1|Sneasler, L50, M|\n|poke|p1|Lycanroc-Dusk, L50, F|\n|poke|p1|Basculegion, L50, M|\n|poke|p1|Kingambit, L50, M|\n|poke|p1|Scovillain, L50, F|\n|poke|p2|Venusaur, L50, M|\n|poke|p2|Sneasler, L50, F|\n|poke|p2|Pelipper, L50, M|\n|poke|p2|Swampert, L50, F|\n|poke|p2|Archaludon, L50, M|\n|poke|p2|Meowstic, L50, M|\n|teampreview|4\n|showteam|p1|Froslass||Froslassite|CursedBody|Blizzard,ShadowBall,AuroraVeil,Protect|Timid||F|||50|]Sneasler||WhiteHerb|Unburden|CloseCombat,GunkShot,FakeOut,Protect|Adamant||M|||50|]Lycanroc-Dusk||FocusSash|ToughClaws|RockSlide,CloseCombat,Accelerock,Protect|Adamant||F|||50|]Basculegion||LifeOrb|Adaptability|WaveCrash,LastRespects,AquaJet,Protect|Jolly||M|||50|]Kingambit||BlackGlasses|Defiant|KowtowCleave,SuckerPunch,SwordsDance,Protect|Adamant||M|||50|]Scovillain||Scovillainite|Moody|Overheat,GigaDrain,RagePowder,Protect|Bold||F|||50|\n|showteam|p2|Venusaur||Venusaurite|Chlorophyll|SludgeBomb,EarthPower,Protect,GigaDrain|Modest||M|||50|]Sneasler||FocusSash|PoisonTouch|PoisonJab,CloseCombat,RockSlide,FakeOut|Jolly||F|||50|]Pelipper||SitrusBerry|Drizzle|Hurricane,WeatherBall,Tailwind,HelpingHand|Bold||M|||50|]Swampert||Swampertite|Torrent|WaveCrash,IcePunch,Earthquake,Protect|Adamant||F|||50|]Archaludon||Leftovers|Stamina|DragonPulse,FlashCannon,ElectroShot,Protect|Modest||M|||50|]Meowstic||LightClay|Prankster|Reflect,LightScreen,Yawn,RainDance|Calm||M|||50|\n|inactive|Battle timer is ON: inactive players will automatically lose when time's up. (requested by aerodactylhater)\n|\n|t:|1788192582\n|teamsize|p1|4\n|teamsize|p2|4\n|start\n|switch|p1a: Froslass|Froslass, L50, F|100/100\n|switch|p1b: Sneasler|Sneasler, L50, M|100/100\n|switch|p2a: Swampert|Swampert, L50, F|100/100\n|switch|p2b: Meowstic|Meowstic, L50, M|100/100\n|turn|1\n|\n|t:|1788192598\n|switch|p2b: Archaludon|Archaludon, L50, M|100/100\n|detailschange|p1a: Froslass|Froslass-Mega, L50, F\n|-mega|p1a: Froslass|Froslass|Froslassite\n|-weather|Snowscape|[from] ability: Snow Warning|[of] p1a: Froslass\n|detailschange|p2a: Swampert|Swampert-Mega, L50, F\n|-mega|p2a: Swampert|Swampert|Swampertite\n|move|p1a: Froslass|Aurora Veil|p1a: Froslass\n|-sidestart|p1: aerodactylhater|move: Aurora Veil\n|move|p1b: Sneasler|Close Combat|p2a: Swampert\n|-damage|p2a: Swampert|37/100\n|-unboost|p1b: Sneasler|def|1\n|-unboost|p1b: Sneasler|spd|1\n|-enditem|p1b: Sneasler|White Herb\n|-clearnegativeboost|p1b: Sneasler|[silent]\n|move|p2a: Swampert|Wave Crash|p1b: Sneasler\n|-damage|p1b: Sneasler|16/100\n|-damage|p2a: Swampert|14/100|[from] Recoil\n|\n|-weather|Snowscape|[upkeep]\n|upkeep\n|turn|2\n|inactive|walaye has 30 seconds left.\n|inactive|walaye has 20 seconds left.\n|\n|t:|1788192634\n|move|p1b: Sneasler|Protect|p1b: Sneasler\n|-singleturn|p1b: Sneasler|Protect\n|move|p2a: Swampert|Protect|p2a: Swampert\n|-singleturn|p2a: Swampert|Protect\n|move|p1a: Froslass|Blizzard|p2b: Archaludon|[spread] p2b\n|-activate|p2a: Swampert|move: Protect\n|-damage|p2b: Archaludon|54/100\n|-ability|p2b: Archaludon|Stamina|boost\n|-boost|p2b: Archaludon|def|1\n|move|p2b: Archaludon|Flash Cannon|p1a: Froslass\n|-supereffective|p1a: Froslass|1\n|-damage|p1a: Froslass|40/100\n|\n|-weather|Snowscape|[upkeep]\n|-heal|p2b: Archaludon|60/100|[from] item: Leftovers\n|upkeep\n|turn|3\n|\n|t:|1788192651\n|switch|p1a: Basculegion|Basculegion, L50, M|100/100\n|switch|p2b: Pelipper|Pelipper, L50, M|100/100\n|-weather|RainDance|[from] ability: Drizzle|[of] p2b: Pelipper\n|move|p1b: Sneasler|Close Combat|p2b: Pelipper\n|-resisted|p2b: Pelipper|1\n|-damage|p2b: Pelipper|71/100\n|-unboost|p1b: Sneasler|def|1\n|-unboost|p1b: Sneasler|spd|1\n|move|p2a: Swampert|Earthquake|p1b: Sneasler|[spread] p1a,p1b\n|-immune|p2b: Pelipper\n|-supereffective|p1b: Sneasler|1\n|-damage|p1a: Basculegion|62/100\n|-damage|p1b: Sneasler|0 fnt\n|faint|p1b: Sneasler\n|\n|-weather|RainDance|[upkeep]\n|upkeep\n|\n|t:|1788192657\n|switch|p1b: Froslass|Froslass-Mega, L50, F|40/100\n|-weather|Snowscape|[from] ability: Snow Warning|[of] p1b: Froslass\n|turn|4\n|inactive|walaye has 30 seconds left.\n|inactive|walaye has 20 seconds left.\n|\n|t:|1788192692\n|switch|p2b: Meowstic|Meowstic, L50, M|100/100\n|move|p1b: Froslass|Blizzard|p2a: Swampert|[spread] p2a,p2b\n|-crit|p2a: Swampert\n|-crit|p2b: Meowstic\n|-damage|p2a: Swampert|0 fnt\n|-damage|p2b: Meowstic|41/100\n|faint|p2a: Swampert\n|move|p1a: Basculegion|Last Respects|p2b: Meowstic\n|-supereffective|p2b: Meowstic|1\n|-damage|p2b: Meowstic|0 fnt\n|faint|p2b: Meowstic\n|-damage|p1a: Basculegion|52/100|[from] item: Life Orb\n|\n|-weather|Snowscape|[upkeep]\n|upkeep\n|\n|t:|1788192704\n|switch|p2b: Archaludon|Archaludon, L50, M|60/100\n|switch|p2a: Pelipper|Pelipper, L50, M|71/100\n|-weather|RainDance|[from] ability: Drizzle|[of] p2a: Pelipper\n|turn|5\n|\n|t:|1788192714\n|move|p1b: Froslass|Blizzard|p2a: Pelipper|[spread] p2a,p2b\n|-damage|p2a: Pelipper|18/100\n|-damage|p2b: Archaludon|16/100\n|-status|p2b: Archaludon|frz\n|-ability|p2b: Archaludon|Stamina|boost\n|-boost|p2b: Archaludon|def|1\n|-enditem|p2a: Pelipper|Sitrus Berry|[eat]\n|-heal|p2a: Pelipper|43/100|[from] item: Sitrus Berry\n|move|p1a: Basculegion|Last Respects|p2b: Archaludon\n|-damage|p2b: Archaludon|0 fnt\n|faint|p2b: Archaludon\n|-damage|p1a: Basculegion|43/100|[from] item: Life Orb\n|move|p2a: Pelipper|Tailwind|p2a: Pelipper\n|-sidestart|p2: walaye|move: Tailwind\n|\n|-weather|RainDance|[upkeep]\n|-sideend|p1: aerodactylhater|move: Aurora Veil\n|upkeep\n|turn|6\n|-message|walaye forfeited.\n|\n|win|aerodactylhater\n|raw|aerodactylhater's rating: 1361 &rarr; <strong>1378</strong><br />(+17 for winning)\n|raw|walaye's rating: 1303 &rarr; <strong>1286</strong><br />(-17 for losing)\n|l|☆walaye\n|player|p2|\n","uploadtime":1788192727,"views":"9","formatid":"gen9championsvgc2026regmbbo3","rating":1286,"private":0,"password":null}