{"id":"gen9championsvgc2026regmb-2674237597","format":"[Gen 9 Champions] VGC 2026 Reg M-B","players":["Alphahunter2000","verd1squo"],"log":"|j|☆Alphahunter2000\n|j|☆verd1squo\n|t:|1788320762\n|gametype|doubles\n|player|p1|Alphahunter2000|102|1067\n|player|p2|verd1squo|steven|1087\n|gen|9\n|tier|[Gen 9 Champions] VGC 2026 Reg M-B\n|rated|\n|rule|Species Clause: Limit one of each Pokémon\n|rule|Item Clause: Limit 1 of each item\n|clearpoke\n|poke|p1|Mawile, L50, M|\n|poke|p1|Maushold-Four, L50|\n|poke|p1|Sneasler, L50, M|\n|poke|p1|Talonflame, L50, F|\n|poke|p1|Absol, L50, M|\n|poke|p1|Sinistcha, L50|\n|poke|p2|Dragonite, L50, M, shiny|\n|poke|p2|Floette-Eternal, L50, F|\n|poke|p2|Basculegion, L50, M, shiny|\n|poke|p2|Garchomp, L50, M, shiny|\n|poke|p2|Kingambit, L50, M, shiny|\n|poke|p2|Sneasler, L50, M, shiny|\n|teampreview|4\nverd1squo rejected open team sheets.\n|inactive|Battle timer is ON: inactive players will automatically lose when time's up. (requested by verd1squo)\n|\n|t:|1788320795\n|teamsize|p1|4\n|teamsize|p2|4\n|start\n|switch|p1a: Mawile|Mawile, L50, M|100/100\n|switch|p1b: Sneasler|Sneasler, L50, M|100/100\n|switch|p2a: Floette|Floette-Eternal, L50, F|100/100\n|switch|p2b: Garchomp|Garchomp, L50, M, shiny|100/100\n|-ability|p1a: Mawile|Intimidate|boost\n|-unboost|p2a: Floette|atk|1\n|-unboost|p2b: Garchomp|atk|1\n|turn|1\n|\n|t:|1788320812\n|detailschange|p2a: Floette|Floette-Mega, L50, F\n|-mega|p2a: Floette|Floette|Floettite\n|-ability|p2a: Floette|Fairy Aura\n|detailschange|p1a: Mawile|Mawile-Mega, L50, M\n|-mega|p1a: Mawile|Mawile|Mawilite\n|move|p2a: Floette|Protect|p2a: Floette\n|-singleturn|p2a: Floette|Protect\n|move|p1b: Sneasler|Fake Out|p2b: Garchomp\n|-damage|p2b: Garchomp|87/100\n|-damage|p1b: Sneasler|87/100|[from] ability: Rough Skin|[of] p2b: Garchomp\n|cant|p2b: Garchomp|flinch\n|move|p1a: Mawile|Iron Head|p2a: Floette\n|-activate|p2a: Floette|move: Protect\n|\n|upkeep\n|turn|2\n|\n|t:|1788320832\n|switch|p1a: Talonflame|Talonflame, L50, F|100/100\n|move|p2a: Floette|Protect||[still]\n|-fail|p2a: Floette\n|move|p2b: Garchomp|Earthquake|p1b: Sneasler|[spread] p2a,p1b\n|-immune|p1a: Talonflame\n|-supereffective|p1b: Sneasler|1\n|-damage|p2a: Floette|68/100\n|-damage|p1b: Sneasler|0 fnt\n|faint|p1b: Sneasler\n|\n|upkeep\n|\n|t:|1788320839\n|switch|p1b: Maushold|Maushold-Four, L50|100/100\n|turn|3\n|\n|t:|1788320853\n|switch|p2b: Kingambit|Kingambit, L50, M, shiny|100/100\n|move|p1b: Maushold|Helping Hand|p1a: Talonflame\n|-singleturn|p1a: Talonflame|Helping Hand|[of] p1b: Maushold\n|move|p1a: Talonflame|Brave Bird|p2b: Kingambit\n|-resisted|p2b: Kingambit|1\n|-damage|p2b: Kingambit|71/100\n|-damage|p1a: Talonflame|87/100|[from] Recoil\n|move|p2a: Floette|Dazzling Gleam|p1a: Talonflame|[spread] p1a,p1b\n|-resisted|p1a: Talonflame|1\n|-damage|p1a: Talonflame|61/100\n|-damage|p1b: Maushold|58/100\n|\n|upkeep\n|turn|4\n|\n|t:|1788320870\n|move|p1b: Maushold|Helping Hand|p1a: Talonflame\n|-singleturn|p1a: Talonflame|Helping Hand|[of] p1b: Maushold\n|move|p2a: Floette|Protect|p2a: Floette\n|-singleturn|p2a: Floette|Protect\n|move|p1a: Talonflame|Flare Blitz|p2b: Kingambit\n|-supereffective|p2b: Kingambit|1\n|-damage|p2b: Kingambit|0 fnt\n|faint|p2b: Kingambit\n|-damage|p1a: Talonflame|29/100|[from] Recoil\n|\n|upkeep\n|\n|t:|1788320880\n|switch|p2b: Sneasler|Sneasler, L50, M, shiny|100/100\n|turn|5\n|\n|t:|1788320889\n|move|p1a: Talonflame|Protect|p1a: Talonflame\n|-singleturn|p1a: Talonflame|Protect\n|move|p2b: Sneasler|Fake Out|p1b: Maushold\n|-damage|p1b: Maushold|40/100\n|-enditem|p1b: Maushold|Sitrus Berry|[eat]\n|-heal|p1b: Maushold|65/100|[from] item: Sitrus Berry\n|move|p2a: Floette|Dazzling Gleam|p1a: Talonflame|[spread] p1b\n|-activate|p1a: Talonflame|move: Protect\n|-damage|p1b: Maushold|24/100\n|cant|p1b: Maushold|flinch\n|\n|upkeep\n|turn|6\n|\n|t:|1788320908\n|move|p1b: Maushold|Helping Hand|p1a: Talonflame\n|-singleturn|p1a: Talonflame|Helping Hand|[of] p1b: Maushold\n|move|p2b: Sneasler|Close Combat|p1b: Maushold\n|-supereffective|p1b: Maushold|1\n|-crit|p1b: Maushold\n|-damage|p1b: Maushold|0 fnt\n|-unboost|p2b: Sneasler|def|1\n|-unboost|p2b: Sneasler|spd|1\n|faint|p1b: Maushold\n|move|p1a: Talonflame|Flare Blitz|p2a: Floette\n|-damage|p2a: Floette|0 fnt\n|faint|p2a: Floette\n|-damage|p1a: Talonflame|7/100|[from] Recoil\n|\n|upkeep\n|\n|t:|1788320919\n|switch|p2a: Garchomp|Garchomp, L50, M, shiny|87/100\n|switch|p1b: Mawile|Mawile-Mega, L50, M|100/100\n|turn|7\n|\n|t:|1788320933\n|move|p1b: Mawile|Sucker Punch|p2a: Garchomp\n|-damage|p2a: Garchomp|49/100\n|-damage|p1b: Mawile|87/100|[from] ability: Rough Skin|[of] p2a: Garchomp\n|move|p2a: Garchomp|Rock Slide|p1a: Talonflame|[spread] p1b\n|-miss|p2a: Garchomp|p1a: Talonflame\n|-resisted|p1b: Mawile|1\n|-damage|p1b: Mawile|76/100\n|move|p2b: Sneasler|Dire Claw|p1b: Mawile\n|-immune|p1b: Mawile\n|move|p1a: Talonflame|Brave Bird|p2b: Sneasler\n|-supereffective|p2b: Sneasler|1\n|-enditem|p2b: Sneasler|Focus Sash\n|-damage|p2b: Sneasler|1/100\n|-damage|p1a: Talonflame|0 fnt|[from] Recoil\n|faint|p1a: Talonflame\n|\n|upkeep\n|turn|8\n|\n|t:|1788320956\n|move|p1b: Mawile|Protect|p1b: Mawile\n|-singleturn|p1b: Mawile|Protect\n|move|p2a: Garchomp|Rock Slide|p1b: Mawile\n|-activate|p1b: Mawile|move: Protect\n|move|p2b: Sneasler|Close Combat|p1b: Mawile\n|-activate|p1b: Mawile|move: Protect\n|\n|upkeep\n|turn|9\n|\n|t:|1788320966\n|move|p1b: Mawile|Sucker Punch|p2a: Garchomp\n|-damage|p2a: Garchomp|13/100\n|-damage|p1b: Mawile|64/100|[from] ability: Rough Skin|[of] p2a: Garchomp\n|move|p2a: Garchomp|Rock Slide|p1b: Mawile\n|-resisted|p1b: Mawile|1\n|-damage|p1b: Mawile|50/100y\n|move|p2b: Sneasler|Close Combat|p1b: Mawile\n|-damage|p1b: Mawile|0 fnt\n|-unboost|p2b: Sneasler|def|1\n|-unboost|p2b: Sneasler|spd|1\n|faint|p1b: Mawile\n|\n|win|verd1squo\n|raw|Alphahunter2000's rating: 1067 &rarr; <strong>1048</strong><br />(-19 for losing)\n|raw|verd1squo's rating: 1087 &rarr; <strong>1112</strong><br />(+25 for winning)\n|l|☆Alphahunter2000\n|player|p1|\n|c|☆verd1squo|gg\n","uploadtime":1788320981,"views":"3","formatid":"gen9championsvgc2026regmb","rating":1048,"private":0,"password":null}