{"id":"gen9championsvgc2026regmbbo3-2674224567","format":"[Gen 9 Champions] VGC 2026 Reg M-B (Bo3)","players":["dummydowner","undermourningstar"],"log":"|j|☆dummydowner\n|j|☆undermourningstar\n|html|<table width=\"100%\"><tr><td align=\"left\">dummydowner</td><td align=\"right\">undermourningstar</tr><tr><td align=\"left\"><i class=\"fa fa-circle\"></i> <i class=\"fa fa-circle-o\"></i> </td><td align=\"right\"><i class=\"fa fa-circle-o\"></i> <i class=\"fa fa-circle-o\"></i> </tr></table>\n|uhtml|bestof|<h2><strong>Game 2</strong> of <a href=\"/game-bestof3-gen9championsvgc2026regmbbo3-2674223263\">a best-of-3</a></h2>\n|t:|1788318395\n|gametype|doubles\n|player|p1|dummydowner|cynthia-gen4|\n|player|p2|undermourningstar|unknownf|\n|gen|9\n|tier|[Gen 9 Champions] VGC 2026 Reg M-B (Bo3)\n|rule|Species Clause: Limit one of each Pokémon\n|rule|Item Clause: Limit 1 of each item\n|clearpoke\n|poke|p1|Tyranitar, L50, F|\n|poke|p1|Kangaskhan, L50, F|\n|poke|p1|Aerodactyl, L50, F|\n|poke|p1|Garchomp, L50, F|\n|poke|p1|Steelix, L50, F|\n|poke|p1|Serperior, L50, F|\n|poke|p2|Sinistcha, L50|\n|poke|p2|Pelipper, L50, M, shiny|\n|poke|p2|Archaludon, L50, M|\n|poke|p2|Swampert, L50, M|\n|poke|p2|Gholdengo, L50|\n|poke|p2|Slowbro, L50, M, shiny|\n|teampreview|4\n|showteam|p1|Tyranitar||LifeOrb|SandStream|PowerGem,DarkPulse,Thunderbolt,Protect|Modest||F|||50|]Kangaskhan||SilkScarf|Scrappy|FakeOut,LastResort|Brave||F|||50|]Aerodactyl||Aerodactylite|Pressure|RockSlide,DualWingbeat,Protect,Tailwind|Adamant||F|||50|]Garchomp||ChoiceScarf|RoughSkin|Earthquake,RockSlide,DragonClaw,StompingTantrum|Adamant||F|||50|]Steelix||Leftovers|Sturdy|WideGuard,HeavySlam,IronDefense,BodyPress|Careful||F|||50|]Serperior||WideLens|Contrary|LeafStorm,Protect,LeechSeed,DragonPulse|Timid||F|||50|\n|showteam|p2|Sinistcha||SitrusBerry|Hospitality|MatchaGotcha,TrickRoom,RagePowder,Protect|Serious|||||50|]Pelipper||DampRock|Drizzle|Tailwind,WideGuard,WeatherBall,Hurricane|Modest||M|||50|]Archaludon||Leftovers|Stamina|ElectroShot,DragonPulse,FlashCannon,Protect|Modest||M|||50|]Swampert||Swampertite|Torrent|WaveCrash,HighHorsepower,IcePunch,Protect|Adamant||M|||50|]Gholdengo||LifeOrb|GoodasGold|MakeItRain,ShadowBall,NastyPlot,Protect|Modest|||||50|]Slowbro||Slowbronite|Oblivious|ChillingWater,Psyshock,Protect,BodyPress|Quiet||M|||50|\n|\n|t:|1788318425\n|teamsize|p1|4\n|teamsize|p2|4\n|start\n|switch|p1a: Aerodactyl|Aerodactyl, L50, F|100/100\n|switch|p1b: Garchomp|Garchomp, L50, F|100/100\n|switch|p2a: Staples|Archaludon, L50, M|100/100\n|switch|p2b: Bluey!|Swampert, L50, M|100/100\n|-ability|p1a: Aerodactyl|Pressure\n|turn|1\n|\n|t:|1788318441\n|detailschange|p1a: Aerodactyl|Aerodactyl-Mega, L50, F\n|-mega|p1a: Aerodactyl|Aerodactyl|Aerodactylite\n|detailschange|p2b: Bluey!|Swampert-Mega, L50, M\n|-mega|p2b: Bluey!|Swampert|Swampertite\n|move|p1a: Aerodactyl|Protect|p1a: Aerodactyl\n|-singleturn|p1a: Aerodactyl|Protect\n|move|p1b: Garchomp|Earthquake|p2b: Bluey!|[spread] p2a,p2b\n|-activate|p1a: Aerodactyl|move: Protect\n|-supereffective|p2a: Staples|1\n|-damage|p2a: Staples|39/100\n|-damage|p2b: Bluey!|60/100\n|-ability|p2a: Staples|Stamina|boost\n|-boost|p2a: Staples|def|1\n|move|p2b: Bluey!|Ice Punch|p1b: Garchomp\n|-supereffective|p1b: Garchomp|2\n|-damage|p1b: Garchomp|0 fnt\n|-damage|p2b: Bluey!|48/100|[from] ability: Rough Skin|[of] p1b: Garchomp\n|faint|p1b: Garchomp\n|move|p2a: Staples|Flash Cannon|p1a: Aerodactyl\n|-activate|p1a: Aerodactyl|move: Protect\n|\n|-heal|p2a: Staples|45/100|[from] item: Leftovers\n|upkeep\n|\n|t:|1788318456\n|switch|p1b: Serperior|Serperior, L50, F|100/100\n|turn|2\n|\n|t:|1788318469\n|switch|p2b: penelope|Pelipper, L50, M, shiny|100/100\n|-weather|RainDance|[from] ability: Drizzle|[of] p2b: penelope\n|move|p1a: Aerodactyl|Dual Wingbeat|p2b: penelope\n|-damage|p2b: penelope|69/100\n|-damage|p2b: penelope|34/100\n|-hitcount|p2b: penelope|2\n|move|p1b: Serperior|Dragon Pulse|p2a: Staples\n|-damage|p2a: Staples|25/100\n|-ability|p2a: Staples|Stamina|boost\n|-boost|p2a: Staples|def|1\n|move|p2a: Staples|Electro Shot||[still]\n|-prepare|p2a: Staples|Electro Shot\n|-boost|p2a: Staples|spa|1\n|-anim|p2a: Staples|Electro Shot|p1a: Aerodactyl\n|-supereffective|p1a: Aerodactyl|1\n|-damage|p1a: Aerodactyl|0 fnt\n|faint|p1a: Aerodactyl\n|\n|-weather|RainDance|[upkeep]\n|-heal|p2a: Staples|31/100|[from] item: Leftovers\n|upkeep\n|\n|t:|1788318472\n|switch|p1a: Tyranitar|Tyranitar, L50, F|100/100\n|-weather|Sandstorm|[from] ability: Sand Stream|[of] p1a: Tyranitar\n|turn|3\n|\n|t:|1788318498\n|switch|p2b: matcha gotcha|Sinistcha, L50|100/100\n|-heal|p2a: Staples|56/100|[from] ability: Hospitality|[of] p2b: matcha gotcha\n|move|p2a: Staples|Protect|p2a: Staples\n|-singleturn|p2a: Staples|Protect\n|move|p1b: Serperior|Leaf Storm|p2b: matcha gotcha\n|-resisted|p2b: matcha gotcha|1\n|-damage|p2b: matcha gotcha|82/100\n|-boost|p1b: Serperior|spa|2\n|move|p1a: Tyranitar|Dark Pulse|p2a: Staples\n|-activate|p2a: Staples|move: Protect\n|\n|-weather|Sandstorm|[upkeep]\n|-damage|p1b: Serperior|93/100|[from] Sandstorm\n|-damage|p2b: matcha gotcha|76/100|[from] Sandstorm\n|-heal|p2a: Staples|62/100|[from] item: Leftovers\n|upkeep\n|turn|4\n|\n|t:|1788318521\n|move|p1a: Tyranitar|Protect|p1a: Tyranitar\n|-singleturn|p1a: Tyranitar|Protect\n|move|p1b: Serperior|Leaf Storm|p2b: matcha gotcha\n|-resisted|p2b: matcha gotcha|1\n|-damage|p2b: matcha gotcha|43/100\n|-boost|p1b: Serperior|spa|2\n|-enditem|p2b: matcha gotcha|Sitrus Berry|[eat]\n|-heal|p2b: matcha gotcha|67/100|[from] item: Sitrus Berry\n|move|p2a: Staples|Flash Cannon|p1a: Tyranitar\n|-activate|p1a: Tyranitar|move: Protect\n|move|p2b: matcha gotcha|Matcha Gotcha|p1a: Tyranitar|[spread] \n|-activate|p1a: Tyranitar|move: Protect\n|-miss|p2b: matcha gotcha|p1b: Serperior\n|\n|-weather|Sandstorm|[upkeep]\n|-damage|p1b: Serperior|87/100|[from] Sandstorm\n|-damage|p2b: matcha gotcha|61/100|[from] Sandstorm\n|-heal|p2a: Staples|69/100|[from] item: Leftovers\n|upkeep\n|turn|5\n|\n|t:|1788318546\n|switch|p2b: penelope|Pelipper, L50, M, shiny|34/100\n|-weather|RainDance|[from] ability: Drizzle|[of] p2b: penelope\n|move|p1b: Serperior|Dragon Pulse|p2a: Staples\n|-damage|p2a: Staples|5/100\n|-ability|p2a: Staples|Stamina|boost\n|-boost|p2a: Staples|def|1\n|move|p2a: Staples|Flash Cannon|p1a: Tyranitar\n|-supereffective|p1a: Tyranitar|1\n|-damage|p1a: Tyranitar|0 fnt\n|faint|p1a: Tyranitar\n|\n|-weather|RainDance|[upkeep]\n|-heal|p2a: Staples|11/100|[from] item: Leftovers\n|upkeep\n|turn|6\n|\n|t:|1788318566\n|move|p2a: Staples|Protect|p2a: Staples\n|-singleturn|p2a: Staples|Protect\n|move|p1b: Serperior|Dragon Pulse|p2b: penelope\n|-damage|p2b: penelope|0 fnt\n|faint|p2b: penelope\n|\n|-weather|RainDance|[upkeep]\n|-heal|p2a: Staples|17/100|[from] item: Leftovers\n|upkeep\n|\n|t:|1788318581\n|switch|p2b: Bluey!|Swampert-Mega, L50, M|48/100\n|turn|7\n|\n|t:|1788318591\n|move|p2b: Bluey!|Ice Punch|p1b: Serperior\n|-supereffective|p1b: Serperior|1\n|-damage|p1b: Serperior|25/100\n|move|p1b: Serperior|Dragon Pulse|p2b: Bluey!\n|-damage|p2b: Bluey!|1/100\n|move|p2a: Staples|Dragon Pulse|p1b: Serperior\n|-damage|p1b: Serperior|0 fnt\n|faint|p1b: Serperior\n|\n|win|undermourningstar\n","uploadtime":1788318596,"views":"0","formatid":"gen9championsvgc2026regmbbo3","rating":null,"private":0,"password":null}