{"id":"gen9championsvgc2026regmbbo3-2674004831","format":"[Gen 9 Champions] VGC 2026 Reg M-B (Bo3)","players":["LT134TT Name","humania1"],"log":"|j|☆LT134TT Name\n|j|☆humania1\n|html|<table width=\"100%\"><tr><td align=\"left\">LT134TT Name</td><td align=\"right\">humania1</tr><tr><td align=\"left\"><i class=\"fa fa-circle\"></i> <i class=\"fa fa-circle-o\"></i> </td><td align=\"right\"><i class=\"fa fa-circle-o\"></i> <i class=\"fa fa-circle\"></i> </tr></table>\n|uhtml|bestof|<h2><strong>Game 3</strong> of <a href=\"/game-bestof3-gen9championsvgc2026regmbbo3-2674001906\">a best-of-3</a></h2>\n|t:|1788287211\n|gametype|doubles\n|player|p1|LT134TT Name|cyclistf|1130\n|player|p2|humania1|266|1022\n|gen|9\n|tier|[Gen 9 Champions] VGC 2026 Reg M-B (Bo3)\n|rated|\n|rule|Species Clause: Limit one of each Pokémon\n|rule|Item Clause: Limit 1 of each item\n|clearpoke\n|poke|p1|Whimsicott, L50, F|\n|poke|p1|Gholdengo, L50|\n|poke|p1|Staraptor, L50, M|\n|poke|p1|Garchomp, L50, M|\n|poke|p1|Delphox, L50, F|\n|poke|p1|Rotom-Wash, L50|\n|poke|p2|Blastoise, L50, F|\n|poke|p2|Delphox, L50, F, shiny|\n|poke|p2|Incineroar, L50, F|\n|poke|p2|Sinistcha, L50|\n|poke|p2|Sneasler, L50, M|\n|poke|p2|Vivillon, L50, F|\n|teampreview|4\n|showteam|p1|Whimsicott||FocusSash|Prankster|Tailwind,Encore,Protect,Moonblast|Timid||F|||50|]Gholdengo||ShucaBerry|GoodasGold|PowerGem,Protect,MakeItRain,ShadowBall|Modest|||||50|]Staraptor||Staraptite|Intimidate|Tailwind,Protect,CloseCombat,BraveBird|Jolly||M|||50|]Garchomp||LifeOrb|RoughSkin|RockSlide,StompingTantrum,Protect,DragonClaw|Jolly||M|||50|]Delphox||Delphoxite|Blaze|HeatWave,Psyshock,Protect,NastyPlot|Timid||F|||50|]Rotom-Wash||SitrusBerry|Levitate|Protect,WillOWisp,HydroPump,Thunderbolt|Calm|||||50|\n|showteam|p2|Blastoise||Blastoisinite|Torrent|Protect,ShellSmash,WaterSpout,DarkPulse|Modest||F|||50|]Delphox||Delphoxite|Blaze|Protect,HeatWave,Psyshock,NastyPlot|Timid||F|||50|]Incineroar||PasshoBerry|Intimidate|FakeOut,PartingShot,FlareBlitz,ThroatChop|Impish||F|||50|]Sinistcha||SitrusBerry|Hospitality|Protect,MatchaGotcha,TrickRoom,RagePowder|Bold|||||50|]Sneasler||FocusSash|PoisonTouch|QuickGuard,FakeOut,CloseCombat,DireClaw|Jolly||M|||50|]Vivillon||ChoiceScarf|CompoundEyes|Hurricane,SleepPowder,RagePowder,Uturn|Timid||F|||50|\n|inactive|Battle timer is ON: inactive players will automatically lose when time's up. (requested by humania1)\n|\n|t:|1788287240\n|teamsize|p1|4\n|teamsize|p2|4\n|start\n|switch|p1a: Staraptor|Staraptor, L50, M|100/100\n|switch|p1b: Rotom|Rotom-Wash, L50|100/100\n|switch|p2a: Blastoise|Blastoise, L50, F|100/100\n|switch|p2b: Incineroar|Incineroar, L50, F|100/100\n|-ability|p1a: Staraptor|Intimidate|boost\n|-unboost|p2a: Blastoise|atk|1\n|-unboost|p2b: Incineroar|atk|1\n|-ability|p2b: Incineroar|Intimidate|boost\n|-unboost|p1a: Staraptor|atk|1\n|-unboost|p1b: Rotom|atk|1\n|turn|1\n|\n|t:|1788287246\n|switch|p2b: Sinistcha|Sinistcha, L50|100/100\n|detailschange|p1a: Staraptor|Staraptor-Mega, L50, M\n|-mega|p1a: Staraptor|Staraptor|Staraptite\n|detailschange|p2a: Blastoise|Blastoise-Mega, L50, F\n|-mega|p2a: Blastoise|Blastoise|Blastoisinite\n|move|p1a: Staraptor|Protect|p1a: Staraptor\n|-singleturn|p1a: Staraptor|Protect\n|move|p1b: Rotom|Protect|p1b: Rotom\n|-singleturn|p1b: Rotom|Protect\n|move|p2a: Blastoise|Water Spout|p1a: Staraptor|[spread] \n|-activate|p1a: Staraptor|move: Protect\n|-activate|p1b: Rotom|move: Protect\n|\n|upkeep\n|turn|2\n|\n|t:|1788287254\n|move|p2b: Sinistcha|Protect|p2b: Sinistcha\n|-singleturn|p2b: Sinistcha|Protect\n|move|p1a: Staraptor|Brave Bird|p2b: Sinistcha\n|-activate|p2b: Sinistcha|move: Protect\n|move|p2a: Blastoise|Water Spout|p1b: Rotom|[spread] p1a,p1b\n|-resisted|p1b: Rotom|1\n|-damage|p1a: Staraptor|18/100\n|-damage|p1b: Rotom|75/100\n|move|p1b: Rotom|Thunderbolt|p2a: Blastoise\n|-supereffective|p2a: Blastoise|1\n|-damage|p2a: Blastoise|32/100\n|\n|upkeep\n|turn|3\n|\n|t:|1788287275\n|move|p1a: Staraptor|Brave Bird|p2b: Sinistcha\n|-supereffective|p2b: Sinistcha|1\n|-damage|p2b: Sinistcha|28/100\n|-enditem|p2b: Sinistcha|Sitrus Berry|[eat]\n|-heal|p2b: Sinistcha|53/100|[from] item: Sitrus Berry\n|-damage|p1a: Staraptor|0 fnt|[from] Recoil\n|faint|p1a: Staraptor\n|move|p2a: Blastoise|Water Spout|p1b: Rotom\n|-resisted|p1b: Rotom|1\n|-damage|p1b: Rotom|63/100\n|move|p1b: Rotom|Thunderbolt|p2a: Blastoise\n|-supereffective|p2a: Blastoise|1\n|-damage|p2a: Blastoise|0 fnt\n|faint|p2a: Blastoise\n|move|p2b: Sinistcha|Trick Room|p2b: Sinistcha\n|-fieldstart|move: Trick Room|[of] p2b: Sinistcha\n|\n|upkeep\n|\n|t:|1788287290\n|switch|p2a: Incineroar|Incineroar, L50, F|100/100\n|switch|p1a: Garchomp|Garchomp, L50, M|100/100\n|-ability|p2a: Incineroar|Intimidate|boost\n|-unboost|p1a: Garchomp|atk|1\n|-unboost|p1b: Rotom|atk|1\n|turn|4\n|\n|t:|1788287304\n|switch|p1b: Gholdengo|Gholdengo, L50|100/100\n|move|p2b: Sinistcha|Matcha Gotcha|p1b: Gholdengo|[spread] p1a\n|-miss|p2b: Sinistcha|p1b: Gholdengo\n|-damage|p1a: Garchomp|74/100\n|-heal|p2b: Sinistcha|67/100|[from] drain|[of] p1a: Garchomp\n|move|p2a: Incineroar|Throat Chop|p1b: Gholdengo\n|-supereffective|p1b: Gholdengo|1\n|-damage|p1b: Gholdengo|29/100\n|-start|p1b: Gholdengo|Throat Chop|[silent]\n|move|p1a: Garchomp|Rock Slide|p2b: Sinistcha|[spread] p2a,p2b\n|-supereffective|p2a: Incineroar|1\n|-damage|p2a: Incineroar|70/100\n|-damage|p2b: Sinistcha|52/100\n|-damage|p1a: Garchomp|64/100|[from] item: Life Orb\n|\n|upkeep\n|turn|5\n|\n|t:|1788287324\n|move|p2b: Sinistcha|Protect|p2b: Sinistcha\n|-singleturn|p2b: Sinistcha|Protect\n|move|p1b: Gholdengo|Protect|p1b: Gholdengo\n|-singleturn|p1b: Gholdengo|Protect\n|move|p2a: Incineroar|Throat Chop|p1b: Gholdengo\n|-activate|p1b: Gholdengo|move: Protect\n|move|p1a: Garchomp|Stomping Tantrum|p2a: Incineroar\n|-supereffective|p2a: Incineroar|1\n|-damage|p2a: Incineroar|16/100\n|-damage|p1a: Garchomp|54/100|[from] item: Life Orb\n|\n|-end|p1b: Gholdengo|Throat Chop|[silent]\n|upkeep\n|turn|6\n|\n|t:|1788287346\n|switch|p1b: Rotom|Rotom-Wash, L50|63/100\n|move|p2b: Sinistcha|Matcha Gotcha|p1b: Rotom|[spread] p1a,p1b\n|-supereffective|p1b: Rotom|1\n|-damage|p1a: Garchomp|25/100\n|-heal|p2b: Sinistcha|68/100|[from] drain|[of] p1a: Garchomp\n|-damage|p1b: Rotom|23/100\n|-heal|p2b: Sinistcha|85/100|[from] drain|[of] p1b: Rotom\n|-status|p1a: Garchomp|brn\n|-enditem|p1b: Rotom|Sitrus Berry|[eat]\n|-heal|p1b: Rotom|48/100|[from] item: Sitrus Berry\n|move|p2a: Incineroar|Throat Chop|p1b: Rotom\n|-damage|p1b: Rotom|12/100\n|-start|p1b: Rotom|Throat Chop|[silent]\n|move|p1a: Garchomp|Stomping Tantrum|p2a: Incineroar\n|-supereffective|p2a: Incineroar|1\n|-damage|p2a: Incineroar|0 fnt\n|faint|p2a: Incineroar\n|-damage|p1a: Garchomp|15/100 brn|[from] item: Life Orb\n|\n|-damage|p1a: Garchomp|9/100 brn|[from] brn\n|upkeep\n|\n|t:|1788287347\n|switch|p2a: Sneasler|Sneasler, L50, M|100/100\n|turn|7\n|\n|t:|1788287361\n|move|p2b: Sinistcha|Rage Powder|p2b: Sinistcha\n|-singleturn|p2b: Sinistcha|move: Rage Powder\n|move|p1b: Rotom|Will-O-Wisp|p2b: Sinistcha\n|-status|p2b: Sinistcha|brn\n|move|p1a: Garchomp|Stomping Tantrum|p2b: Sinistcha\n|-resisted|p2b: Sinistcha|1\n|-damage|p2b: Sinistcha|78/100 brn\n|-damage|p1a: Garchomp|0 fnt|[from] item: Life Orb\n|faint|p1a: Garchomp\n|move|p2a: Sneasler|Dire Claw|p1b: Rotom\n|-damage|p1b: Rotom|0 fnt\n|faint|p1b: Rotom\n|\n|-damage|p2b: Sinistcha|72/100 brn|[from] brn\n|-fieldend|move: Trick Room\n|upkeep\n|\n|t:|1788287368\n|switch|p1b: Gholdengo|Gholdengo, L50|29/100\n|turn|8\n|\n|t:|1788287373\n|move|p2b: Sinistcha|Protect|p2b: Sinistcha\n|-singleturn|p2b: Sinistcha|Protect\n|move|p2a: Sneasler|Quick Guard|p2a: Sneasler\n|-singleturn|p2a: Sneasler|Quick Guard\n|move|p1b: Gholdengo|Make It Rain|p2a: Sneasler|[spread] p2a\n|-activate|p2b: Sinistcha|move: Protect\n|-damage|p2a: Sneasler|22/100\n|-unboost|p1b: Gholdengo|spa|2\n|\n|-damage|p2b: Sinistcha|66/100 brn|[from] brn\n|upkeep\n|turn|9\n|\n|t:|1788287382\n|move|p2a: Sneasler|Quick Guard|p2a: Sneasler\n|-singleturn|p2a: Sneasler|Quick Guard\n|move|p1b: Gholdengo|Shadow Ball|p2b: Sinistcha\n|-supereffective|p2b: Sinistcha|1\n|-damage|p2b: Sinistcha|22/100 brn\n|move|p2b: Sinistcha|Matcha Gotcha|p1b: Gholdengo\n|-resisted|p1b: Gholdengo|1\n|-damage|p1b: Gholdengo|9/100\n|-heal|p2b: Sinistcha|31/100 brn|[from] drain|[of] p1b: Gholdengo\n|\n|-damage|p2b: Sinistcha|25/100 brn|[from] brn\n|upkeep\n|turn|10\n|\n|t:|1788287390\n|move|p2a: Sneasler|Quick Guard|p2a: Sneasler\n|-singleturn|p2a: Sneasler|Quick Guard\n|move|p1b: Gholdengo|Shadow Ball|p2b: Sinistcha\n|-supereffective|p2b: Sinistcha|1\n|-damage|p2b: Sinistcha|0 fnt\n|faint|p2b: Sinistcha\n|\n|upkeep\n|turn|11\n|\n|t:|1788287395\n|move|p2a: Sneasler|Quick Guard|p2a: Sneasler\n|-singleturn|p2a: Sneasler|Quick Guard\n|move|p1b: Gholdengo|Shadow Ball|p2a: Sneasler\n|-damage|p2a: Sneasler|0 fnt\n|faint|p2a: Sneasler\n|\n|win|LT134TT Name\n|raw|LT134TT Name's rating: 1130 &rarr; <strong>1147</strong><br />(+17 for winning)\n|raw|humania1's rating: 1022 &rarr; <strong>1013</strong><br />(-9 for losing)\n","uploadtime":1788287396,"views":"0","formatid":"gen9championsvgc2026regmbbo3","rating":1013,"private":0,"password":null}