{"id":"gen9championsvgc2026regmbbo3-2673900898","format":"[Gen 9 Champions] VGC 2026 Reg M-B (Bo3)","players":["MetaphorCrazyMonk","void25o"],"log":"|j|☆MetaphorCrazyMonk\n|j|☆void25o\n|html|<table width=\"100%\"><tr><td align=\"left\">MetaphorCrazyMonk</td><td align=\"right\">void25o</tr><tr><td align=\"left\"><i class=\"fa fa-circle\"></i> <i class=\"fa fa-circle-o\"></i> </td><td align=\"right\"><i class=\"fa fa-circle-o\"></i> <i class=\"fa fa-circle\"></i> </tr></table>\n|uhtml|bestof|<h2><strong>Game 3</strong> of <a href=\"/game-bestof3-gen9championsvgc2026regmbbo3-2673898328\">a best-of-3</a></h2>\n|t:|1788274899\n|gametype|doubles\n|player|p1|MetaphorCrazyMonk|expert-gen6|1437\n|player|p2|void25o|raihan-masters|1333\n|gen|9\n|tier|[Gen 9 Champions] VGC 2026 Reg M-B (Bo3)\n|rated|\n|rule|Species Clause: Limit one of each Pokémon\n|rule|Item Clause: Limit 1 of each item\n|clearpoke\n|poke|p1|Delphox, L50, M|\n|poke|p1|Sinistcha, L50|\n|poke|p1|Incineroar, L50, M|\n|poke|p1|Blastoise, L50, M|\n|poke|p1|Kingambit, L50, M|\n|poke|p1|Sneasler, L50, M|\n|poke|p2|Delphox, L50, M|\n|poke|p2|Basculegion, L50, M|\n|poke|p2|Farigiraf, L50, M, shiny|\n|poke|p2|Whimsicott, L50, M|\n|poke|p2|Sneasler, L50, F|\n|poke|p2|Blastoise, L50, F|\n|teampreview|4\n|showteam|p1|Delphox||Delphoxite|Blaze|HeatWave,Psyshock,NastyPlot,Protect|Timid||M|||50|]Sinistcha||ColburBerry|Hospitality|MatchaGotcha,RagePowder,Protect,TrickRoom|Bold|||||50|]Incineroar||SitrusBerry|Intimidate|FlareBlitz,PartingShot,FakeOut,HelpingHand|Impish||M|||50|]Blastoise||Blastoisinite|RainDish|WaterSpout,DarkPulse,ShellSmash,Protect|Modest||M|||50|]Kingambit||BlackGlasses|Defiant|KowtowCleave,SuckerPunch,SwordsDance,Protect|Adamant||M|||50|]Sneasler||FocusSash|Unburden|CloseCombat,DireClaw,FakeOut,QuickGuard|Jolly||M|||50|\n|showteam|p2|Delphox||Delphoxite|Blaze|Psyshock,HeatWave,NastyPlot,Protect|Timid||M|||50|]Basculegion||LifeOrb|Adaptability|WaveCrash,LastRespects,AquaJet,Protect|Adamant||M|||50|]Farigiraf||ColburBerry|ArmorTail|FoulPlay,Psychic,HelpingHand,TrickRoom|Modest||M|||50|]Whimsicott||FocusSash|Prankster|Moonblast,Encore,Tailwind,Protect|Timid||M|||50|]Sneasler||WhiteHerb|Unburden|CloseCombat,DireClaw,FakeOut,Protect|Jolly||F|||50|]Blastoise||Blastoisinite|RainDish|ShellSmash,WaterSpout,DarkPulse,Protect|Modest||F|||50|\n|\n|t:|1788274924\n|teamsize|p1|4\n|teamsize|p2|4\n|start\n|switch|p1a: Unipol|Blastoise, L50, M|100/100\n|switch|p1b: Il Conto?|Sinistcha, L50|100/100\n|switch|p2a: Delphox|Delphox, L50, M|100/100\n|switch|p2b: Blastoise|Blastoise, L50, F|100/100\n|turn|1\n|\n|t:|1788274938\n|detailschange|p2b: Blastoise|Blastoise-Mega, L50, F\n|-mega|p2b: Blastoise|Blastoise|Blastoisinite\n|detailschange|p1a: Unipol|Blastoise-Mega, L50, M\n|-mega|p1a: Unipol|Blastoise|Blastoisinite\n|move|p2a: Delphox|Heat Wave|p1b: Il Conto?|[spread] p1a,p1b\n|-resisted|p1a: Unipol|1\n|-supereffective|p1b: Il Conto?|1\n|-damage|p1a: Unipol|86/100\n|-damage|p1b: Il Conto?|51/100\n|-status|p1b: Il Conto?|brn\n|move|p2b: Blastoise|Water Spout|p1b: Il Conto?|[spread] p1a,p1b\n|-resisted|p1a: Unipol|1\n|-resisted|p1b: Il Conto?|1\n|-damage|p1a: Unipol|51/100\n|-damage|p1b: Il Conto?|22/100 brn\n|move|p1a: Unipol|Shell Smash|p1a: Unipol\n|-unboost|p1a: Unipol|def|1\n|-unboost|p1a: Unipol|spd|1\n|-boost|p1a: Unipol|atk|2\n|-boost|p1a: Unipol|spa|2\n|-boost|p1a: Unipol|spe|2\n|move|p1b: Il Conto?|Matcha Gotcha|p2a: Delphox|[spread] p2a,p2b\n|-resisted|p2a: Delphox|1\n|-supereffective|p2b: Blastoise|1\n|-damage|p2a: Delphox|85/100\n|-heal|p1b: Il Conto?|28/100 brn|[from] drain|[of] p2a: Delphox\n|-damage|p2b: Blastoise|53/100\n|-heal|p1b: Il Conto?|49/100 brn|[from] drain|[of] p2b: Blastoise\n|\n|-damage|p1b: Il Conto?|42/100 brn|[from] brn\n|upkeep\n|turn|2\n|\n|t:|1788274970\n|move|p1b: Il Conto?|Rage Powder|p1b: Il Conto?\n|-singleturn|p1b: Il Conto?|move: Rage Powder\n|move|p1a: Unipol|Dark Pulse|p2b: Blastoise\n|-damage|p2b: Blastoise|0 fnt\n|faint|p2b: Blastoise\n|move|p2a: Delphox|Heat Wave|p1a: Unipol|[spread] p1a,p1b\n|-resisted|p1a: Unipol|1\n|-supereffective|p1b: Il Conto?|1\n|-damage|p1a: Unipol|32/100\n|-damage|p1b: Il Conto?|0 fnt\n|faint|p1b: Il Conto?\n|\n|upkeep\n|\n|t:|1788274979\n|switch|p2b: Sneasler|Sneasler, L50, F|100/100\n|switch|p1b: Apache Kid|Kingambit, L50, M|100/100\n|turn|3\n|\n|t:|1788275022\n|move|p1a: Unipol|Protect|p1a: Unipol\n|-singleturn|p1a: Unipol|Protect\n|move|p1b: Apache Kid|Sucker Punch|p2b: Sneasler\n|-resisted|p2b: Sneasler|1\n|-damage|p2b: Sneasler|55/100\n|move|p2b: Sneasler|Close Combat|p1b: Apache Kid\n|-supereffective|p1b: Apache Kid|2\n|-damage|p1b: Apache Kid|0 fnt\n|-unboost|p2b: Sneasler|def|1\n|-unboost|p2b: Sneasler|spd|1\n|faint|p1b: Apache Kid\n|-enditem|p2b: Sneasler|White Herb\n|-clearnegativeboost|p2b: Sneasler|[silent]\n|move|p2a: Delphox|Nasty Plot|p2a: Delphox\n|-boost|p2a: Delphox|spa|2\n|\n|upkeep\n|\n|t:|1788275030\n|switch|p1b: Vigile|Sneasler, L50, M|100/100\n|turn|4\n|\n|t:|1788275038\n|move|p2b: Sneasler|Protect|p2b: Sneasler\n|-singleturn|p2b: Sneasler|Protect\n|move|p2a: Delphox|Protect|p2a: Delphox\n|-singleturn|p2a: Delphox|Protect\n|move|p1b: Vigile|Fake Out|p2a: Delphox\n|-activate|p2a: Delphox|move: Protect\n|move|p1a: Unipol|Shell Smash|p1a: Unipol\n|-unboost|p1a: Unipol|def|1\n|-unboost|p1a: Unipol|spd|1\n|-boost|p1a: Unipol|atk|2\n|-boost|p1a: Unipol|spa|2\n|-boost|p1a: Unipol|spe|2\n|\n|upkeep\n|turn|5\n|\n|t:|1788275058\n|move|p1a: Unipol|Water Spout|p2a: Delphox|[spread] p2a,p2b\n|-supereffective|p2a: Delphox|1\n|-damage|p2a: Delphox|0 fnt\n|-damage|p2b: Sneasler|0 fnt\n|faint|p2a: Delphox\n|faint|p2b: Sneasler\n|move|p1b: Vigile|Close Combat|p2: Delphox|[notarget]\n|-fail|p1b: Vigile\n|\n|upkeep\n|\n|t:|1788275062\n|switch|p2b: Basculegion|Basculegion, L50, M|100/100\n|turn|6\n|\n|t:|1788275075\n|move|p1b: Vigile|Quick Guard|p1b: Vigile\n|-singleturn|p1b: Vigile|Quick Guard\n|move|p2b: Basculegion|Aqua Jet|p1a: Unipol\n|-activate|p1a: Unipol|move: Quick Guard\n|move|p1a: Unipol|Dark Pulse|p2b: Basculegion\n|-supereffective|p2b: Basculegion|1\n|-damage|p2b: Basculegion|0 fnt\n|faint|p2b: Basculegion\n|\n|win|MetaphorCrazyMonk\n|raw|MetaphorCrazyMonk's rating: 1437 &rarr; <strong>1451</strong><br />(+14 for winning)\n|raw|void25o's rating: 1333 &rarr; <strong>1319</strong><br />(-14 for losing)\n","uploadtime":1788275081,"views":"14","formatid":"gen9championsvgc2026regmbbo3","rating":1319,"private":0,"password":null}