{"id":"gen9championsvgc2026regmbbo3-2673664947","format":"[Gen 9 Champions] VGC 2026 Reg M-B (Bo3)","players":["Unemployed Homie","JakAttack626"],"log":"|j|☆Unemployed Homie\n|j|☆JakAttack626\n|html|<table width=\"100%\"><tr><td align=\"left\">Unemployed Homie</td><td align=\"right\">JakAttack626</tr><tr><td align=\"left\"><i class=\"fa fa-circle-o\"></i> <i class=\"fa fa-circle-o\"></i> </td><td align=\"right\"><i class=\"fa fa-circle-o\"></i> <i class=\"fa fa-circle-o\"></i> </tr></table>\n|uhtml|bestof|<h2><strong>Game 1</strong> of <a href=\"/game-bestof3-gen9championsvgc2026regmbbo3-2673664946\">a best-of-3</a></h2>\n|t:|1788229493\n|gametype|doubles\n|player|p1|Unemployed Homie|emmet|1112\n|player|p2|JakAttack626|pryce|1178\n|gen|9\n|tier|[Gen 9 Champions] VGC 2026 Reg M-B (Bo3)\n|rated|\n|rule|Species Clause: Limit one of each Pokémon\n|rule|Item Clause: Limit 1 of each item\n|clearpoke\n|poke|p1|Blaziken, L50, F|\n|poke|p1|Milotic, L50, M|\n|poke|p1|Kingambit, L50, F|\n|poke|p1|Ninetales-Alola, L50, M|\n|poke|p1|Aerodactyl, L50, M|\n|poke|p1|Sinistcha, L50|\n|poke|p2|Scovillain, L50, M, shiny|\n|poke|p2|Basculegion, L50, M|\n|poke|p2|Kingambit, L50, F|\n|poke|p2|Sneasler, L50, M|\n|poke|p2|Lycanroc-Dusk, L50, F|\n|poke|p2|Froslass, L50, F|\n|teampreview|4\n|showteam|p1|Blaziken||Blazikenite|SpeedBoost|Detect,BulkUp,FlareBlitz,CloseCombat|Adamant||F|||50|]Milotic||Leftovers|Competitive|Coil,MuddyWater,Hypnosis,Protect|Quiet||M|||50|]Kingambit||FocusSash|Defiant|Assurance,Protect,IronHead,SuckerPunch|Adamant||F|||50|]Ninetales-Alola||LifeOrb|SnowWarning|AuroraVeil,Blizzard,DazzlingGleam,Protect|Timid||M|||50|]Aerodactyl||Aerodactylite|Unnerve|Tailwind,Protect,DualWingbeat,RockSlide|Jolly||M|||50|]Sinistcha||SitrusBerry|Hospitality|MatchaGotcha,TrickRoom,Imprison,Protect|Relaxed|||||50|\n|showteam|p2|Scovillain||Scovillainite|Moody|GigaDrain,Overheat,RagePowder,Protect|Bold||M|||50|]Basculegion||LifeOrb|Adaptability|WaveCrash,AquaJet,LastRespects,Protect|Adamant||M|||50|]Kingambit||BlackGlasses|Defiant|KowtowCleave,SuckerPunch,SwordsDance,Protect|Adamant||F|||50|]Sneasler||WhiteHerb|Unburden|DireClaw,CloseCombat,FakeOut,Protect|Adamant||M|||50|]Lycanroc-Dusk||FocusSash|ToughClaws|RockSlide,CloseCombat,Accelerock,Protect|Adamant||F|||50|]Froslass||Froslassite|CursedBody|Blizzard,ShadowBall,AuroraVeil,Protect|Timid||F|||50|\n|inactive|Battle timer is ON: inactive players will automatically lose when time's up. (requested by JakAttack626)\n|inactive|Unemployed Homie has 60 seconds left.\n|\n|t:|1788229545\n|teamsize|p1|4\n|teamsize|p2|4\n|start\n|switch|p1a: Kingambit|Kingambit, L50, F|100/100\n|switch|p1b: Milotic|Milotic, L50, M|100/100\n|switch|p2a: Kachow|Sneasler, L50, M|100/100\n|switch|p2b: Dirt road|Lycanroc-Dusk, L50, F|100/100\n|turn|1\n|\n|t:|1788229568\n|switch|p1a: Ninetales|Ninetales-Alola, L50, M|100/100\n|-weather|Snowscape|[from] ability: Snow Warning|[of] p1a: Ninetales\n|move|p2a: Kachow|Close Combat|p1a: Ninetales\n|-damage|p1a: Ninetales|35/100\n|-unboost|p2a: Kachow|def|1\n|-unboost|p2a: Kachow|spd|1\n|-enditem|p2a: Kachow|White Herb\n|-clearnegativeboost|p2a: Kachow|[silent]\n|move|p2b: Dirt road|Rock Slide|p1a: Ninetales|[spread] p1a,p1b\n|-supereffective|p1a: Ninetales|1\n|-damage|p1a: Ninetales|0 fnt\n|-damage|p1b: Milotic|65/100\n|faint|p1a: Ninetales\n|move|p1b: Milotic|Coil|p1b: Milotic\n|-boost|p1b: Milotic|atk|1\n|-boost|p1b: Milotic|def|1\n|-boost|p1b: Milotic|accuracy|1\n|\n|-weather|Snowscape|[upkeep]\n|-heal|p1b: Milotic|71/100|[from] item: Leftovers\n|upkeep\n|\n|t:|1788229586\n|switch|p1a: Blaziken|Blaziken, L50, F|100/100\n|turn|2\n|\n|t:|1788229593\n|detailschange|p1a: Blaziken|Blaziken-Mega, L50, F\n|-mega|p1a: Blaziken|Blaziken|Blazikenite\n|move|p2a: Kachow|Dire Claw|p1b: Milotic\n|-damage|p1b: Milotic|42/100\n|move|p2b: Dirt road|Rock Slide|p1a: Blaziken|[spread] p1a\n|-miss|p2b: Dirt road|p1b: Milotic\n|-damage|p1a: Blaziken|61/100\n|move|p1a: Blaziken|Bulk Up|p1a: Blaziken\n|-boost|p1a: Blaziken|atk|1\n|-boost|p1a: Blaziken|def|1\n|move|p1b: Milotic|Muddy Water|p2b: Dirt road|[spread] p2a,p2b\n|-supereffective|p2b: Dirt road|1\n|-damage|p2a: Kachow|61/100\n|-enditem|p2b: Dirt road|Focus Sash\n|-damage|p2b: Dirt road|1/100\n|\n|-weather|Snowscape|[upkeep]\n|-heal|p1b: Milotic|48/100|[from] item: Leftovers\n|-ability|p1a: Blaziken|Speed Boost|boost\n|-boost|p1a: Blaziken|spe|1\n|upkeep\n|turn|3\n|inactive|Unemployed Homie has 30 seconds left.\n|\n|t:|1788229619\n|move|p1a: Blaziken|Detect|p1a: Blaziken\n|-singleturn|p1a: Blaziken|Protect\n|move|p2b: Dirt road|Accelerock|p1a: Blaziken\n|-activate|p1a: Blaziken|move: Protect\n|move|p2a: Kachow|Dire Claw|p1a: Blaziken\n|-activate|p1a: Blaziken|move: Protect\n|move|p1b: Milotic|Muddy Water|p2b: Dirt road|[spread] p2a,p2b\n|-supereffective|p2b: Dirt road|1\n|-damage|p2a: Kachow|19/100\n|-damage|p2b: Dirt road|0 fnt\n|faint|p2b: Dirt road\n|\n|-weather|Snowscape|[upkeep]\n|-heal|p1b: Milotic|53/100|[from] item: Leftovers\n|-ability|p1a: Blaziken|Speed Boost|boost\n|-boost|p1a: Blaziken|spe|1\n|upkeep\n|\n|t:|1788229642\n|switch|p2b: Hot One|Scovillain, L50, M, shiny|100/100\n|turn|4\n|inactive|Unemployed Homie has 30 seconds left.\n|\n|t:|1788229670\n|switch|p1b: Kingambit|Kingambit, L50, F|100/100\n|detailschange|p2b: Hot One|Scovillain-Mega, L50, M, shiny\n|-mega|p2b: Hot One|Scovillain|Scovillainite\n|move|p2a: Kachow|Protect|p2a: Kachow\n|-singleturn|p2a: Kachow|Protect\n|move|p1a: Blaziken|Flare Blitz|p2a: Kachow\n|-activate|p2a: Kachow|move: Protect\n|move|p2b: Hot One|Giga Drain|p1b: Kingambit\n|-resisted|p1b: Kingambit|1\n|-damage|p1b: Kingambit|82/100\n|\n|-weather|Snowscape|[upkeep]\n|-ability|p1a: Blaziken|Speed Boost|boost\n|-boost|p1a: Blaziken|spe|1\n|upkeep\n|turn|5\n|inactive|Unemployed Homie has 30 seconds left.\n|inactive|JakAttack626 has 30 seconds left.\n|inactive|Unemployed Homie has 20 seconds left.\n|inactive|JakAttack626 has 20 seconds left.\n|inactive|JakAttack626 has 15 seconds left.\n|inactive|JakAttack626 has 10 seconds left.\n|\n|t:|1788229719\n|move|p2b: Hot One|Rage Powder|p2b: Hot One\n|-singleturn|p2b: Hot One|move: Rage Powder\n|move|p1a: Blaziken|Close Combat|p2b: Hot One\n|-damage|p2b: Hot One|0 fnt\n|-unboost|p1a: Blaziken|def|1\n|-unboost|p1a: Blaziken|spd|1\n|faint|p2b: Hot One\n|move|p2a: Kachow|Close Combat|p1b: Kingambit\n|-supereffective|p1b: Kingambit|2\n|-damage|p1b: Kingambit|0 fnt\n|-unboost|p2a: Kachow|def|1\n|-unboost|p2a: Kachow|spd|1\n|faint|p1b: Kingambit\n|\n|-weather|none\n|-ability|p1a: Blaziken|Speed Boost|boost\n|-boost|p1a: Blaziken|spe|1\n|upkeep\n|\n|t:|1788229733\n|switch|p2b: Beetle|Kingambit, L50, F|100/100\n|switch|p1b: Milotic|Milotic, L50, M|53/100\n|turn|6\n|inactive|Unemployed Homie has 30 seconds left.\n|\n|t:|1788229763\n|move|p2b: Beetle|Protect|p2b: Beetle\n|-singleturn|p2b: Beetle|Protect\n|move|p1a: Blaziken|Flare Blitz|p2a: Kachow\n|-damage|p2a: Kachow|0 fnt\n|faint|p2a: Kachow\n|-damage|p1a: Blaziken|54/100|[from] Recoil\n|move|p1b: Milotic|Muddy Water|p2b: Beetle\n|-activate|p2b: Beetle|move: Protect\n|\n|-heal|p1b: Milotic|59/100|[from] item: Leftovers\n|-ability|p1a: Blaziken|Speed Boost|boost\n|-boost|p1a: Blaziken|spe|1\n|upkeep\n|turn|7\n|\n|t:|1788229785\n|move|p2b: Beetle|Sucker Punch|p1a: Blaziken\n|-resisted|p1a: Blaziken|1\n|-crit|p1a: Blaziken\n|-damage|p1a: Blaziken|1/100\n|move|p1a: Blaziken|Close Combat|p2b: Beetle\n|-supereffective|p2b: Beetle|2\n|-damage|p2b: Beetle|0 fnt\n|-unboost|p1a: Blaziken|def|1\n|-unboost|p1a: Blaziken|spd|1\n|faint|p2b: Beetle\n|\n|win|Unemployed Homie\n","uploadtime":1788229785,"views":"1","formatid":"gen9championsvgc2026regmbbo3","rating":null,"private":0,"password":null}