{"id":"gen9championsvgc2026regmbbo3-2673821789","format":"[Gen 9 Champions] VGC 2026 Reg M-B (Bo3)","players":["werzzu","derainer"],"log":"|j|☆werzzu\n|j|☆derainer\n|html|<table width=\"100%\"><tr><td align=\"left\">werzzu</td><td align=\"right\">derainer</tr><tr><td align=\"left\"><i class=\"fa fa-circle-o\"></i> <i class=\"fa fa-circle-o\"></i> </td><td align=\"right\"><i class=\"fa fa-circle-o\"></i> <i class=\"fa fa-circle\"></i> </tr></table>\n|uhtml|bestof|<h2><strong>Game 2</strong> of <a href=\"/game-bestof3-gen9championsvgc2026regmbbo3-2673820461\">a best-of-3</a></h2>\n|t:|1788263689\n|gametype|doubles\n|player|p1|werzzu|102|1050\n|player|p2|derainer|brawly|1101\n|gen|9\n|tier|[Gen 9 Champions] VGC 2026 Reg M-B (Bo3)\n|rated|\n|rule|Species Clause: Limit one of each Pokémon\n|rule|Item Clause: Limit 1 of each item\n|clearpoke\n|poke|p1|Incineroar, L50, M|\n|poke|p1|Milotic, L50, M|\n|poke|p1|Raichu, L50, M|\n|poke|p1|Charizard, L50, F|\n|poke|p1|Garchomp, L50, F|\n|poke|p1|Whimsicott, L50, M|\n|poke|p2|Pelipper, L50, M|\n|poke|p2|Charizard, L50, M|\n|poke|p2|Venusaur, L50, M|\n|poke|p2|Incineroar, L50, M|\n|poke|p2|Ninetales-Alola, L50, F|\n|poke|p2|Farigiraf, L50, F|\n|teampreview|4\n|showteam|p1|Incineroar||SitrusBerry|Intimidate|FakeOut,ThroatChop,FlareBlitz,PartingShot|Adamant||M|||50|]Milotic||Leftovers|Competitive|Scald,Recover,IcyWind,Protect|Bold||M|||50|]Raichu||RaichuniteY|LightningRod|FakeOut,ZapCannon,FocusBlast,Protect|Hasty||M|||50|]Charizard||CharizarditeY|Blaze|HeatWave,AncientPower,Protect,WeatherBall|Timid||F|||50|]Garchomp||LifeOrb|RoughSkin|StompingTantrum,DragonClaw,Protect,RockSlide|Jolly||F|||50|]Whimsicott||FocusSash|Prankster|EnergyBall,Moonblast,Tailwind,Encore|Timid||M|||50|\n|showteam|p2|Pelipper||FocusSash|Drizzle|Tailwind,WeatherBall,Hurricane,Protect|Bold||M|||50|]Charizard||CharizarditeY|Blaze|WeatherBall,HeatWave,Protect,SolarBeam|Timid||M|||50|]Venusaur||LifeOrb|Chlorophyll|GigaDrain,WeatherBall,Protect,SludgeBomb|Modest||M|||50|]Incineroar||WhiteHerb|Intimidate|FakeOut,PartingShot,DarkestLariat,CloseCombat|Adamant||M|||50|]Ninetales-Alola||ChoiceScarf|SnowWarning|Blizzard,IcyWind,Moonblast,WeatherBall|Modest||F|||50|]Farigiraf||ColburBerry|ArmorTail|Imprison,Protect,Psychic,TrickRoom|Sassy||F|||50|\n|inactive|Battle timer is ON: inactive players will automatically lose when time's up. (requested by werzzu)\n|\n|t:|1788263706\n|teamsize|p1|4\n|teamsize|p2|4\n|start\n|switch|p1a: Charizard|Charizard, L50, F|100/100\n|switch|p1b: Garchomp|Garchomp, L50, F|100/100\n|switch|p2a: Ninetales|Ninetales-Alola, L50, F|100/100\n|switch|p2b: Incineroar|Incineroar, L50, M|100/100\n|-weather|Snowscape|[from] ability: Snow Warning|[of] p2a: Ninetales\n|-ability|p2b: Incineroar|Intimidate|boost\n|-unboost|p1a: Charizard|atk|1\n|-unboost|p1b: Garchomp|atk|1\n|turn|1\n|\n|t:|1788263726\n|switch|p1b: Milotic|Milotic, L50, M|100/100\n|detailschange|p1a: Charizard|Charizard-Mega-Y, L50, F\n|-mega|p1a: Charizard|Charizard|Charizardite Y\n|-weather|SunnyDay|[from] ability: Drought|[of] p1a: Charizard\n|move|p2b: Incineroar|Fake Out|p1a: Charizard\n|-damage|p1a: Charizard|80/100\n|move|p2a: Ninetales|Blizzard|p1b: Milotic|[spread] p1b\n|-miss|p2a: Ninetales|p1a: Charizard\n|-resisted|p1b: Milotic|1\n|-damage|p1b: Milotic|88/100\n|cant|p1a: Charizard|flinch\n|\n|-weather|SunnyDay|[upkeep]\n|-heal|p1b: Milotic|94/100|[from] item: Leftovers\n|upkeep\n|turn|2\n|\n|t:|1788263746\n|switch|p2a: Farigiraf|Farigiraf, L50, F|100/100\n|switch|p1b: Garchomp|Garchomp, L50, F|100/100\n|move|p1a: Charizard|Heat Wave|p2b: Incineroar|[spread] p2a,p2b\n|-resisted|p2b: Incineroar|1\n|-damage|p2a: Farigiraf|45/100\n|-damage|p2b: Incineroar|71/100\n|move|p2b: Incineroar|Parting Shot|p1a: Charizard\n|-unboost|p1a: Charizard|atk|1\n|-unboost|p1a: Charizard|spa|1\n|\n|t:|1788263750\n|switch|p2b: Ninetales|Ninetales-Alola, L50, F|100/100|[from] Parting Shot\n|-weather|Snowscape|[from] ability: Snow Warning|[of] p2b: Ninetales\n|\n|-weather|Snowscape|[upkeep]\n|upkeep\n|turn|3\n|\n|t:|1788263772\n|switch|p1a: Milotic|Milotic, L50, M|94/100\n|switch|p2a: Incineroar|Incineroar, L50, M|71/100\n|-ability|p2a: Incineroar|Intimidate|boost\n|-unboost|p1a: Milotic|atk|1\n|-ability|p1a: Milotic|Competitive|boost\n|-boost|p1a: Milotic|spa|2\n|-unboost|p1b: Garchomp|atk|1\n|move|p1b: Garchomp|Protect|p1b: Garchomp\n|-singleturn|p1b: Garchomp|Protect\n|move|p2b: Ninetales|Blizzard|p1b: Garchomp|[spread] p1a\n|-activate|p1b: Garchomp|move: Protect\n|-resisted|p1a: Milotic|1\n|-damage|p1a: Milotic|82/100\n|\n|-weather|Snowscape|[upkeep]\n|-heal|p1a: Milotic|88/100|[from] item: Leftovers\n|upkeep\n|turn|4\n|\n|t:|1788263795\n|switch|p2b: Charizard|Charizard, L50, M|100/100\n|switch|p1b: Charizard|Charizard-Mega-Y, L50, F|80/100\n|-weather|SunnyDay|[from] ability: Drought|[of] p1b: Charizard\n|move|p2a: Incineroar|Fake Out|p1a: Milotic\n|-damage|p1a: Milotic|76/100\n|cant|p1a: Milotic|flinch\n|\n|-weather|SunnyDay|[upkeep]\n|-heal|p1a: Milotic|82/100|[from] item: Leftovers\n|upkeep\n|turn|5\n|\n|t:|1788263806\n|switch|p1b: Garchomp|Garchomp, L50, F|100/100\n|detailschange|p2b: Charizard|Charizard-Mega-Y, L50, M\n|-mega|p2b: Charizard|Charizard|Charizardite Y\n|move|p2b: Charizard|Solar Beam||[still]\n|-prepare|p2b: Charizard|Solar Beam\n|-anim|p2b: Charizard|Solar Beam|p1a: Milotic\n|-supereffective|p1a: Milotic|1\n|-damage|p1a: Milotic|11/100\n|move|p1a: Milotic|Scald|p2b: Charizard\n|-supereffective|p2b: Charizard|1\n|-damage|p2b: Charizard|44/100\n|move|p2a: Incineroar|Darkest Lariat|p1b: Garchomp\n|-damage|p1b: Garchomp|57/100\n|-damage|p2a: Incineroar|58/100|[from] ability: Rough Skin|[of] p1b: Garchomp\n|\n|-weather|SunnyDay|[upkeep]\n|-heal|p1a: Milotic|17/100|[from] item: Leftovers\n|upkeep\n|turn|6\n|\n|t:|1788263821\n|switch|p2a: Ninetales|Ninetales-Alola, L50, F|100/100\n|-weather|Snowscape|[from] ability: Snow Warning|[of] p2a: Ninetales\n|move|p2b: Charizard|Protect|p2b: Charizard\n|-singleturn|p2b: Charizard|Protect\n|move|p1a: Milotic|Protect|p1a: Milotic\n|-singleturn|p1a: Milotic|Protect\n|move|p1b: Garchomp|Rock Slide|p2a: Ninetales|[spread] \n|-activate|p2b: Charizard|move: Protect\n|-miss|p1b: Garchomp|p2a: Ninetales\n|\n|-weather|Snowscape|[upkeep]\n|-heal|p1a: Milotic|23/100|[from] item: Leftovers\n|upkeep\n|turn|7\n|\n|t:|1788263841\n|switch|p1b: Charizard|Charizard-Mega-Y, L50, F|80/100\n|-weather|SunnyDay|[from] ability: Drought|[of] p1b: Charizard\n|move|p2a: Ninetales|Icy Wind|p1a: Milotic|[spread] p1a,p1b\n|-resisted|p1a: Milotic|1\n|-damage|p1a: Milotic|17/100\n|-damage|p1b: Charizard|61/100\n|-unboost|p1a: Milotic|spe|1\n|-ability|p1a: Milotic|Competitive|boost\n|-boost|p1a: Milotic|spa|2\n|-unboost|p1b: Charizard|spe|1\n|move|p2b: Charizard|Weather Ball|p1a: Milotic\n|-resisted|p1a: Milotic|1\n|-damage|p1a: Milotic|0 fnt\n|faint|p1a: Milotic\n|\n|-weather|SunnyDay|[upkeep]\n|upkeep\n|\n|t:|1788263853\n|switch|p1a: Raichu|Raichu, L50, M|100/100\n|turn|8\n|\n|t:|1788263863\n|switch|p2a: Farigiraf|Farigiraf, L50, F|45/100\n|move|p1a: Raichu|Fake Out||[still]\n|cant|p2a: Farigiraf|ability: Armor Tail|Fake Out|[of] p1a: Raichu\n|move|p2b: Charizard|Weather Ball|p1a: Raichu\n|-damage|p1a: Raichu|0 fnt\n|faint|p1a: Raichu\n|move|p1b: Charizard|Heat Wave|p2a: Farigiraf|[spread] p2a,p2b\n|-resisted|p2b: Charizard|1\n|-damage|p2a: Farigiraf|0 fnt\n|-damage|p2b: Charizard|10/100\n|faint|p2a: Farigiraf\n|\n|-weather|SunnyDay|[upkeep]\n|upkeep\n|\n|t:|1788263875\n|switch|p1a: Garchomp|Garchomp, L50, F|57/100\n|switch|p2a: Ninetales|Ninetales-Alola, L50, F|100/100\n|-weather|Snowscape|[from] ability: Snow Warning|[of] p2a: Ninetales\n|turn|9\n|\n|t:|1788263895\n|move|p1a: Garchomp|Protect|p1a: Garchomp\n|-singleturn|p1a: Garchomp|Protect\n|move|p2a: Ninetales|Icy Wind|p1b: Charizard|[spread] p1b\n|-activate|p1a: Garchomp|move: Protect\n|-damage|p1b: Charizard|41/100\n|-unboost|p1b: Charizard|spe|1\n|move|p2b: Charizard|Weather Ball|p1b: Charizard\n|-damage|p1b: Charizard|0 fnt\n|faint|p1b: Charizard\n|\n|-weather|Snowscape|[upkeep]\n|upkeep\n|turn|10\n|c|☆derainer|Gg\n|-message|werzzu forfeited.\n|\n|win|derainer\n|raw|werzzu's rating: 1050 &rarr; <strong>1035</strong><br />(-15 for losing)\n|raw|derainer's rating: 1101 &rarr; <strong>1122</strong><br />(+21 for winning)\n|l|☆werzzu\n|player|p1|\n","uploadtime":1788263917,"views":"28","formatid":"gen9championsvgc2026regmbbo3","rating":1035,"private":0,"password":null}