{"id":"gen9championsvgc2026regmb-2674519117","format":"[Gen 9 Champions] VGC 2026 Reg M-B","players":["bruhdnigerian","VonDxgs"],"log":"|j|☆bruhdnigerian\n|j|☆VonDxgs\n|t:|1788369322\n|gametype|doubles\n|player|p1|bruhdnigerian|lance|1110\n|player|p2|VonDxgs|2|1159\n|gen|9\n|tier|[Gen 9 Champions] VGC 2026 Reg M-B\n|rated|\n|rule|Species Clause: Limit one of each Pokémon\n|rule|Item Clause: Limit 1 of each item\n|clearpoke\n|poke|p1|Pangoro, L50, M|\n|poke|p1|Chandelure, L50, M|\n|poke|p1|Spiritomb, L50, M|\n|poke|p1|Sneasler, L50, F|\n|poke|p1|Araquanid, L50, F|\n|poke|p1|Gliscor, L50, F|\n|poke|p2|Garchomp, L50, M|\n|poke|p2|Venusaur, L50, F|\n|poke|p2|Incineroar, L50, F|\n|poke|p2|Charizard, L50, M|\n|poke|p2|Toxapex, L50, M|\n|poke|p2|Annihilape, L50, F|\n|teampreview|4\n|inactive|Battle timer is ON: inactive players will automatically lose when time's up. (requested by bruhdnigerian)\n|\n|t:|1788369352\n|teamsize|p1|4\n|teamsize|p2|4\n|start\n|switch|p1a: Spiritomb|Spiritomb, L50, M|100/100\n|switch|p1b: Chandelure|Chandelure, L50, M|100/100\n|switch|p2a: Incineroar|Incineroar, L50, F|100/100\n|switch|p2b: Annihilape|Annihilape, L50, F|100/100\n|-ability|p2a: Incineroar|Intimidate|boost\n|-unboost|p1a: Spiritomb|atk|1\n|-unboost|p1b: Chandelure|atk|1\n|turn|1\n|inactive|VonDxgs has 30 seconds left.\n|\n|t:|1788369379\n|detailschange|p1b: Chandelure|Chandelure-Mega, L50, M\n|-mega|p1b: Chandelure|Chandelure|Chandelurite\n|move|p2b: Annihilape|Protect|p2b: Annihilape\n|-singleturn|p2b: Annihilape|Protect\n|move|p1b: Chandelure|Shadow Ball|p2b: Annihilape\n|-activate|p2b: Annihilape|move: Protect\n|move|p2a: Incineroar|Throat Chop|p1b: Chandelure\n|-supereffective|p1b: Chandelure|1\n|-damage|p1b: Chandelure|38/100\n|-start|p1b: Chandelure|Throat Chop|[silent]\n|move|p1a: Spiritomb|Will-O-Wisp|p2b: Annihilape\n|-activate|p2b: Annihilape|move: Protect\n|\n|upkeep\n|turn|2\n|inactive|VonDxgs has 30 seconds left.\n|\n|t:|1788369409\n|switch|p2b: Toxapex|Toxapex, L50, M|100/100\n|move|p1b: Chandelure|Protect|p1b: Chandelure\n|-singleturn|p1b: Chandelure|Protect\n|move|p2a: Incineroar|Throat Chop|p1b: Chandelure\n|-activate|p1b: Chandelure|move: Protect\n|move|p1a: Spiritomb|Trick Room|p1a: Spiritomb\n|-fieldstart|move: Trick Room|[of] p1a: Spiritomb\n|\n|-end|p1b: Chandelure|Throat Chop|[silent]\n|upkeep\n|turn|3\n|\n|t:|1788369431\n|switch|p1b: Gliscor|Gliscor, L50, F|100/100\n|move|p1a: Spiritomb|Will-O-Wisp|p2b: Toxapex\n|-status|p2b: Toxapex|brn\n|move|p2b: Toxapex|Toxic|p1a: Spiritomb\n|-status|p1a: Spiritomb|tox\n|move|p2a: Incineroar|Throat Chop|p1a: Spiritomb\n|-damage|p1a: Spiritomb|65/100 tox\n|-start|p1a: Spiritomb|Throat Chop|[silent]\n|\n|-damage|p1a: Spiritomb|59/100 tox|[from] psn\n|-damage|p2b: Toxapex|94/100 brn|[from] brn\n|upkeep\n|turn|4\n|inactive|VonDxgs has 30 seconds left.\n|\n|t:|1788369458\n|move|p1a: Spiritomb|Hex|p2b: Toxapex\n|-damage|p2b: Toxapex|64/100 brn\n|move|p2b: Toxapex|Infestation|p1b: Gliscor\n|-resisted|p1b: Gliscor|1\n|-damage|p1b: Gliscor|98/100\n|-activate|p1b: Gliscor|move: Infestation|[of] p2b: Toxapex\n|move|p2a: Incineroar|Parting Shot|p1b: Gliscor\n|-fail|p1b: Gliscor|unboost|atk|[from] ability: Hyper Cutter|[of] p1b: Gliscor\n|-unboost|p1b: Gliscor|spa|1\n|\n|t:|1788369472\n|switch|p2a: Annihilape|Annihilape, L50, F|100/100|[from] Parting Shot\n|move|p1b: Gliscor|High Horsepower|p2b: Toxapex\n|-supereffective|p2b: Toxapex|1\n|-damage|p2b: Toxapex|6/100 brn\n|\n|-heal|p2b: Toxapex|12/100 brn|[from] item: Leftovers\n|-damage|p1a: Spiritomb|48/100 tox|[from] psn\n|-damage|p2b: Toxapex|6/100 brn|[from] brn\n|-damage|p1b: Gliscor|86/100|[from] move: Infestation|[partiallytrapped]\n|-end|p1a: Spiritomb|Throat Chop|[silent]\n|upkeep\n|turn|5\n|\n|t:|1788369490\n|move|p2a: Annihilape|Protect|p2a: Annihilape\n|-singleturn|p2a: Annihilape|Protect\n|move|p1a: Spiritomb|Hex|p2a: Annihilape\n|-activate|p2a: Annihilape|move: Protect\n|move|p2b: Toxapex|Toxic|p1b: Gliscor\n|-status|p1b: Gliscor|tox\n|move|p1b: Gliscor|Acrobatics|p2a: Annihilape\n|-activate|p2a: Annihilape|move: Protect\n|\n|-heal|p2b: Toxapex|12/100 brn|[from] item: Leftovers\n|-damage|p1a: Spiritomb|31/100 tox|[from] psn\n|-damage|p1b: Gliscor|80/100 tox|[from] psn\n|-damage|p2b: Toxapex|6/100 brn|[from] brn\n|-damage|p1b: Gliscor|68/100 tox|[from] move: Infestation|[partiallytrapped]\n|upkeep\n|turn|6\n|inactive|VonDxgs has 30 seconds left.\n|inactive|VonDxgs has 20 seconds left.\n|\n|t:|1788369526\n|switch|p2a: Incineroar|Incineroar, L50, F|100/100\n|-ability|p2a: Incineroar|Intimidate|boost\n|-unboost|p1a: Spiritomb|atk|1\n|-fail|p1b: Gliscor|unboost|atk|[from] ability: Hyper Cutter|[of] p1b: Gliscor\n|move|p2b: Toxapex|Baneful Bunker|p2b: Toxapex\n|-singleturn|p2b: Toxapex|move: Protect\n|move|p1a: Spiritomb|Destiny Bond|p1a: Spiritomb\n|-singlemove|p1a: Spiritomb|Destiny Bond\n|move|p1b: Gliscor|Acrobatics|p2a: Incineroar\n|-damage|p2a: Incineroar|65/100\n|\n|-heal|p2b: Toxapex|12/100 brn|[from] item: Leftovers\n|-damage|p1a: Spiritomb|8/100 tox|[from] psn\n|-damage|p1b: Gliscor|56/100 tox|[from] psn\n|-damage|p2b: Toxapex|6/100 brn|[from] brn\n|-damage|p1b: Gliscor|43/100 tox|[from] move: Infestation|[partiallytrapped]\n|-fieldend|move: Trick Room\n|upkeep\n|turn|7\n|\n|t:|1788369550\n|move|p2a: Incineroar|Fake Out|p1a: Spiritomb\n|-immune|p1a: Spiritomb\n|move|p2b: Toxapex|Wide Guard|p2b: Toxapex\n|-singleturn|p2b: Toxapex|Wide Guard\n|move|p1b: Gliscor|Rock Slide|p2b: Toxapex|[spread] \n|-activate|p2a: Incineroar|move: Wide Guard\n|-activate|p2b: Toxapex|move: Wide Guard\n|move|p1a: Spiritomb|Trick Room|p1a: Spiritomb\n|-fieldstart|move: Trick Room|[of] p1a: Spiritomb\n|\n|-heal|p2b: Toxapex|12/100 brn|[from] item: Leftovers\n|-damage|p1a: Spiritomb|0 fnt|[from] psn\n|faint|p1a: Spiritomb\n|-damage|p1b: Gliscor|25/100 tox|[from] psn\n|-damage|p2b: Toxapex|6/100 brn|[from] brn\n|-damage|p1b: Gliscor|13/100 tox|[from] move: Infestation|[partiallytrapped]\n|upkeep\n|\n|t:|1788369557\n|switch|p1a: Pangoro|Pangoro, L50, M|100/100\n|turn|8\n|\n|t:|1788369572\n|move|p2b: Toxapex|Baneful Bunker|p2b: Toxapex\n|-singleturn|p2b: Toxapex|move: Protect\n|move|p1a: Pangoro|Storm Throw|p2a: Incineroar\n|-supereffective|p2a: Incineroar|1\n|-crit|p2a: Incineroar\n|-damage|p2a: Incineroar|0 fnt\n|faint|p2a: Incineroar\n|move|p1b: Gliscor|High Horsepower|p2b: Toxapex\n|-activate|p2b: Toxapex|move: Protect\n|\n|-heal|p2b: Toxapex|12/100 brn|[from] item: Leftovers\n|-damage|p1b: Gliscor|0 fnt|[from] psn\n|faint|p1b: Gliscor\n|-damage|p2b: Toxapex|6/100 brn|[from] brn\n|upkeep\n|\n|t:|1788369580\n|switch|p2a: Garchomp|Garchomp, L50, M|100/100\n|switch|p1b: Chandelure|Chandelure-Mega, L50, M|38/100\n|turn|9\n|\n|t:|1788369603\n|move|p2b: Toxapex|Toxic|p1a: Pangoro\n|-status|p1a: Pangoro|tox\n|move|p1a: Pangoro|Knock Off|p2a: Garchomp\n|-damage|p2a: Garchomp|49/100\n|-damage|p1a: Pangoro|87/100 tox|[from] ability: Rough Skin|[of] p2a: Garchomp\n|-enditem|p2a: Garchomp|Choice Scarf|[from] move: Knock Off|[of] p1a: Pangoro\n|move|p1b: Chandelure|Shadow Ball|p2a: Garchomp\n|-damage|p2a: Garchomp|0 fnt\n|faint|p2a: Garchomp\n|\n|-heal|p2b: Toxapex|12/100 brn|[from] item: Leftovers\n|-damage|p1a: Pangoro|81/100 tox|[from] psn\n|-damage|p2b: Toxapex|6/100 brn|[from] brn\n|upkeep\n|\n|t:|1788369613\n|switch|p2a: Annihilape|Annihilape, L50, F|100/100\n|turn|10\n|\n|t:|1788369634\n|move|p2b: Toxapex|Baneful Bunker|p2b: Toxapex\n|-singleturn|p2b: Toxapex|move: Protect\n|move|p1a: Pangoro|Knock Off|p2a: Annihilape\n|-damage|p2a: Annihilape|40/100\n|-enditem|p2a: Annihilape|Focus Sash|[from] move: Knock Off|[of] p1a: Pangoro\n|move|p1b: Chandelure|Shadow Ball|p2a: Annihilape\n|-supereffective|p2a: Annihilape|1\n|-damage|p2a: Annihilape|0 fnt\n|faint|p2a: Annihilape\n|\n|-heal|p2b: Toxapex|12/100 brn|[from] item: Leftovers\n|-damage|p1a: Pangoro|69/100 tox|[from] psn\n|-damage|p2b: Toxapex|6/100 brn|[from] brn\n|upkeep\n|turn|11\n|-message|VonDxgs forfeited.\n|\n|win|bruhdnigerian\n|raw|bruhdnigerian's rating: 1110 &rarr; <strong>1139</strong><br />(+29 for winning)\n|raw|VonDxgs's rating: 1159 &rarr; <strong>1130</strong><br />(-29 for losing)\n|l|☆VonDxgs\n|player|p2|\n","uploadtime":1788369649,"views":"0","formatid":"gen9championsvgc2026regmb","rating":1130,"private":0,"password":null}