{"id":"gen9championsvgc2026regmb-2674082630","format":"[Gen 9 Champions] VGC 2026 Reg M-B","players":["SpadesHS","oatey99"],"log":"|j|☆SpadesHS\n|j|☆oatey99\n|html|<table width=\"100%\"><tr><td align=\"left\">SpadesHS</td><td align=\"right\">oatey99</tr><tr><td align=\"left\"><i class=\"fa fa-circle-o\"></i> <i class=\"fa fa-circle-o\"></i> </td><td align=\"right\"><i class=\"fa fa-circle-o\"></i> <i class=\"fa fa-circle-o\"></i> </tr></table>\n|uhtml|bestof|<h2><strong>Game 1</strong> of <a href=\"/game-bestof3-gen9championsvgc2026regmb-2674082629\">a best-of-3</a></h2>\n|t:|1788296722\n|gametype|doubles\n|player|p1|SpadesHS|n|\n|player|p2|oatey99|101|\n|gen|9\n|tier|[Gen 9 Champions] VGC 2026 Reg M-B\n|rule|Species Clause: Limit one of each Pokémon\n|rule|Item Clause: Limit 1 of each item\n|raw|<div class=\"infobox\"><details class=\"readmore\" open><summary><strong>1 custom rule:</strong></summary> Best of = 3</details></div>\n|clearpoke\n|poke|p1|Scovillain, L50, M|\n|poke|p1|Gholdengo, L50|\n|poke|p1|Staraptor, L50, M|\n|poke|p1|Raichu, L50, M|\n|poke|p1|Swampert, L50, M|\n|poke|p1|Lycanroc-Midnight, L50, F|\n|poke|p2|Floette-Eternal, L50, F|\n|poke|p2|Incineroar, L50, F|\n|poke|p2|Rotom-Wash, L50|\n|poke|p2|Annihilape, L50, F|\n|poke|p2|Alakazam, L50, M|\n|poke|p2|Torterra, L50, M|\n|teampreview|4\nSpadesHS rejected open team sheets.\n|c|☆oatey99|glhf\n|c|☆SpadesHS|gl\n|\n|t:|1788296765\n|teamsize|p1|4\n|teamsize|p2|4\n|start\n|switch|p1a: Gholdengo|Gholdengo, L50|100/100\n|switch|p1b: Raichu|Raichu, L50, M|100/100\n|switch|p2a: Floette|Floette-Eternal, L50, F|100/100\n|switch|p2b: Alakazam|Alakazam, L50, M|100/100\n|turn|1\n|j| raidersvgc\n|\n|t:|1788296819\n|switch|p2a: Incineroar|Incineroar, L50, F|100/100\n|-ability|p2a: Incineroar|Intimidate|boost\n|-unboost|p1a: Gholdengo|atk|1\n|-unboost|p1b: Raichu|atk|1\n|move|p2b: Alakazam|Shadow Ball|p1a: Gholdengo\n|-supereffective|p1a: Gholdengo|1\n|-damage|p1a: Gholdengo|37/100\n|-enditem|p1a: Gholdengo|Sitrus Berry|[eat]\n|-heal|p1a: Gholdengo|61/100|[from] item: Sitrus Berry\n|move|p1b: Raichu|Nuzzle|p2b: Alakazam\n|-damage|p2b: Alakazam|88/100\n|-status|p2b: Alakazam|par\n|move|p1a: Gholdengo|Nasty Plot|p1a: Gholdengo\n|-boost|p1a: Gholdengo|spa|2\n|\n|upkeep\n|turn|2\n|\n|t:|1788296853\n|move|p1a: Gholdengo|Protect|p1a: Gholdengo\n|-singleturn|p1a: Gholdengo|Protect\n|move|p1b: Raichu|Volt Switch|p2a: Incineroar\n|-damage|p2a: Incineroar|76/100\n|\n|t:|1788296861\n|switch|p1b: Lycanroc|Lycanroc-Midnight, L50, F|100/100|[from] Volt Switch\n|move|p2b: Alakazam|Psychic|p1b: Lycanroc\n|-damage|p1b: Lycanroc|39/100\n|move|p2a: Incineroar|Flare Blitz|p1a: Gholdengo\n|-activate|p1a: Gholdengo|move: Protect\n|\n|upkeep\n|turn|3\n|\n|t:|1788296906\n|switch|p2a: Annihilape|Annihilape, L50, F|100/100\n|move|p2b: Alakazam|Protect|p2b: Alakazam\n|-singleturn|p2b: Alakazam|Protect\n|move|p1b: Lycanroc|Rock Slide|p2b: Alakazam|[spread] p2a\n|-activate|p2b: Alakazam|move: Protect\n|-resisted|p2a: Annihilape|1\n|-damage|p2a: Annihilape|86/100\n|move|p1a: Gholdengo|Make It Rain|p2a: Annihilape|[spread] p2a\n|-activate|p2b: Alakazam|move: Protect\n|-damage|p2a: Annihilape|0 fnt\n|-unboost|p1a: Gholdengo|spa|2\n|faint|p2a: Annihilape\n|\n|upkeep\n|\n|t:|1788296922\n|switch|p2a: Incineroar|Incineroar, L50, F|76/100\n|-ability|p2a: Incineroar|Intimidate|boost\n|-unboost|p1a: Gholdengo|atk|1\n|-unboost|p1b: Lycanroc|atk|1\n|turn|4\n|\n|t:|1788296952\n|switch|p1b: Raichu|Raichu, L50, M|100/100\n|move|p1a: Gholdengo|Protect|p1a: Gholdengo\n|-singleturn|p1a: Gholdengo|Protect\n|move|p2a: Incineroar|Fake Out|p1b: Raichu\n|-damage|p1b: Raichu|76/100\n|move|p2b: Alakazam|Shadow Ball|p1a: Gholdengo\n|-activate|p1a: Gholdengo|move: Protect\n|\n|upkeep\n|turn|5\n|\n|t:|1788296972\n|move|p1b: Raichu|Fake Out|p2a: Incineroar\n|-crit|p2a: Incineroar\n|-damage|p2a: Incineroar|64/100\n|move|p1a: Gholdengo|Shadow Ball|p2b: Alakazam\n|-supereffective|p2b: Alakazam|1\n|-damage|p2b: Alakazam|0 fnt\n|faint|p2b: Alakazam\n|cant|p2a: Incineroar|flinch\n|\n|upkeep\n|\n|t:|1788296980\n|switch|p2b: Floette|Floette-Eternal, L50, F|100/100\n|turn|6\n|\n|t:|1788296995\n|detailschange|p2b: Floette|Floette-Mega, L50, F\n|-mega|p2b: Floette|Floette|Floettite\n|-ability|p2b: Floette|Fairy Aura\n|move|p1a: Gholdengo|Protect|p1a: Gholdengo\n|-singleturn|p1a: Gholdengo|Protect\n|move|p1b: Raichu|Nuzzle|p2b: Floette\n|-damage|p2b: Floette|90/100\n|-status|p2b: Floette|par\n|move|p2b: Floette|Dazzling Gleam|p1b: Raichu|[spread] p1b\n|-activate|p1a: Gholdengo|move: Protect\n|-damage|p1b: Raichu|5/100\n|move|p2a: Incineroar|Throat Chop|p1a: Gholdengo\n|-activate|p1a: Gholdengo|move: Protect\n|\n|upkeep\n|turn|7\n|\n|t:|1788297027\n|switch|p1a: Scovillain|Scovillain, L50, M|100/100\n|move|p2b: Floette|Protect|p2b: Floette\n|-singleturn|p2b: Floette|Protect\n|move|p1b: Raichu|Volt Switch|p2a: Incineroar\n|-damage|p2a: Incineroar|43/100\n|-enditem|p2a: Incineroar|Sitrus Berry|[eat]\n|-heal|p2a: Incineroar|67/100|[from] item: Sitrus Berry\n|\n|t:|1788297033\n|switch|p1b: Gholdengo|Gholdengo, L50|61/100|[from] Volt Switch\n|move|p2a: Incineroar|Flare Blitz|p1a: Scovillain\n|-damage|p1a: Scovillain|38/100\n|-damage|p2a: Incineroar|50/100g|[from] Recoil\n|\n|upkeep\n|turn|8\n|\n|t:|1788297048\n|detailschange|p1a: Scovillain|Scovillain-Mega, L50, M\n|-mega|p1a: Scovillain|Scovillain|Scovillainite\n|move|p1a: Scovillain|Rage Powder|p1a: Scovillain\n|-singleturn|p1a: Scovillain|move: Rage Powder\n|move|p1b: Gholdengo|Make It Rain|p2b: Floette|[spread] p2a,p2b\n|-resisted|p2a: Incineroar|1\n|-supereffective|p2b: Floette|1\n|-damage|p2a: Incineroar|32/100\n|-damage|p2b: Floette|18/100 par\n|-unboost|p1b: Gholdengo|spa|2\n|move|p2b: Floette|Dazzling Gleam|p1b: Gholdengo|[spread] p1a,p1b\n|-resisted|p1a: Scovillain|1\n|-resisted|p1b: Gholdengo|1\n|-damage|p1a: Scovillain|17/100\n|-damage|p1b: Gholdengo|39/100\n|move|p2a: Incineroar|Flare Blitz|p1a: Scovillain\n|-damage|p1a: Scovillain|0 fnt\n|faint|p1a: Scovillain\n|-damage|p2a: Incineroar|27/100|[from] Recoil\n|\n|upkeep\n|\n|t:|1788297059\n|switch|p1a: Lycanroc|Lycanroc-Midnight, L50, F|39/100\n|turn|9\n|\n|t:|1788297077\n|move|p1a: Lycanroc|Rock Slide|p2b: Floette|[spread] p2a,p2b\n|-supereffective|p2a: Incineroar|1\n|-damage|p2a: Incineroar|0 fnt\n|-damage|p2b: Floette|0 fnt\n|faint|p2a: Incineroar\n|faint|p2b: Floette\n|\n|win|SpadesHS\n||oatey99 is ready for game 2.\n||SpadesHS is ready for game 2.\n|uhtml|next|Next: <a href=\"/battle-gen9championsvgc2026regmb-2674085143\"><strong>Game 2 of 3</strong></a>\n|c|☆oatey99|gg\n","uploadtime":1788297429,"views":"33","formatid":"gen9championsvgc2026regmb","rating":null,"private":0,"password":null}