{"id":"gen9championsvgc2026regmb-2674262524","format":"[Gen 9 Champions] VGC 2026 Reg M-B","players":["RPGman1627","Thornlace48812"],"log":"|j|☆RPGman1627\n|j|☆Thornlace48812\n|t:|1788326120\n|gametype|doubles\n|player|p1|RPGman1627|266|1147\n|player|p2|Thornlace48812|1|1095\n|gen|9\n|tier|[Gen 9 Champions] VGC 2026 Reg M-B\n|rated|\n|rule|Species Clause: Limit one of each Pokémon\n|rule|Item Clause: Limit 1 of each item\n|clearpoke\n|poke|p1|Blaziken, L50, F|\n|poke|p1|Kangaskhan, L50, F|\n|poke|p1|Whimsicott, L50, M|\n|poke|p1|Metagross, L50|\n|poke|p1|Basculegion, L50, M|\n|poke|p1|Hydreigon, L50, M|\n|poke|p2|Garchomp, L50, F|\n|poke|p2|Charizard, L50, F|\n|poke|p2|Whimsicott, L50, M|\n|poke|p2|Sylveon, L50, M|\n|poke|p2|Kingambit, L50, M|\n|poke|p2|Basculegion, L50, M|\n|teampreview|4\n|inactive|Battle timer is ON: inactive players will automatically lose when time's up. (requested by Thornlace48812)\nThornlace48812 rejected open team sheets.\n|\n|t:|1788326138\n|teamsize|p1|4\n|teamsize|p2|4\n|start\n|switch|p1a: Blaziken|Blaziken, L50, F|100/100\n|switch|p1b: Kangaskhan|Kangaskhan, L50, F|100/100\n|switch|p2a: Charizard|Charizard, L50, F|100/100\n|switch|p2b: Whimsicott|Whimsicott, L50, M|100/100\n|turn|1\n|\n|t:|1788326155\n|detailschange|p2a: Charizard|Charizard-Mega-Y, L50, F\n|-mega|p2a: Charizard|Charizard|Charizardite Y\n|-weather|SunnyDay|[from] ability: Drought|[of] p2a: Charizard\n|detailschange|p1b: Kangaskhan|Kangaskhan-Mega, L50, F\n|-mega|p1b: Kangaskhan|Kangaskhan|Kangaskhanite\n|move|p1b: Kangaskhan|Fake Out|p2b: Whimsicott\n|-damage|p2b: Whimsicott|66/100\n|-damage|p2b: Whimsicott|59/100\n|-hitcount|p2b: Whimsicott|2\n|cant|p2b: Whimsicott|flinch\n|move|p2a: Charizard|Heat Wave|p1b: Kangaskhan|[spread] p1a\n|-miss|p2a: Charizard|p1b: Kangaskhan\n|-resisted|p1a: Blaziken|1\n|-damage|p1a: Blaziken|49/100\n|move|p1a: Blaziken|Heat Wave|p2a: Charizard|[spread] p2b\n|-miss|p1a: Blaziken|p2a: Charizard\n|-supereffective|p2b: Whimsicott|1\n|-damage|p2b: Whimsicott|0 fnt\n|faint|p2b: Whimsicott\n|\n|-weather|SunnyDay|[upkeep]\n|-ability|p1a: Blaziken|Speed Boost|boost\n|-boost|p1a: Blaziken|spe|1\n|upkeep\n|\n|t:|1788326155\n|switch|p2b: Sylveon|Sylveon, L50, M|100/100\n|turn|2\n|inactive|RPGman1627 has 30 seconds left.\n|\n|t:|1788326185\n|move|p1a: Blaziken|Coaching|p1b: Kangaskhan\n|-boost|p1b: Kangaskhan|atk|1\n|-boost|p1b: Kangaskhan|def|1\n|move|p2a: Charizard|Heat Wave|p1b: Kangaskhan|[spread] p1b\n|-miss|p2a: Charizard|p1a: Blaziken\n|-damage|p1b: Kangaskhan|44/100\n|move|p1b: Kangaskhan|Double-Edge|p2b: Sylveon\n|-damage|p2b: Sylveon|0 fnt\n|faint|p2b: Sylveon\n|-damage|p1b: Kangaskhan|14/100|[from] Recoil\n|\n|-weather|SunnyDay|[upkeep]\n|-ability|p1a: Blaziken|Speed Boost|boost\n|-boost|p1a: Blaziken|spe|1\n|upkeep\n|\n|t:|1788326187\n|switch|p2b: Basculegion|Basculegion, L50, M|100/100\n|turn|3\n|\n|t:|1788326211\n|move|p1a: Blaziken|Detect|p1a: Blaziken\n|-singleturn|p1a: Blaziken|Protect\n|move|p1b: Kangaskhan|Sucker Punch|p2b: Basculegion\n|-supereffective|p2b: Basculegion|1\n|-damage|p2b: Basculegion|11/100\n|-supereffective|p2b: Basculegion|1\n|-damage|p2b: Basculegion|0 fnt\n|faint|p2b: Basculegion\n|-hitcount|p2: Basculegion|2\n|move|p2a: Charizard|Ancient Power|p1b: Kangaskhan\n|-damage|p1b: Kangaskhan|0 fnt\n|faint|p1b: Kangaskhan\n|\n|-weather|SunnyDay|[upkeep]\n|-ability|p1a: Blaziken|Speed Boost|boost\n|-boost|p1a: Blaziken|spe|1\n|upkeep\n|\n|t:|1788326232\n|switch|p1b: Whimsicott|Whimsicott, L50, M|100/100\n|turn|4\n|\n|t:|1788326242\n|move|p1b: Whimsicott|Protect|p1b: Whimsicott\n|-singleturn|p1b: Whimsicott|Protect\n|move|p1a: Blaziken|Heat Wave|p2a: Charizard\n|-resisted|p2a: Charizard|1\n|-damage|p2a: Charizard|62/100\n|move|p2a: Charizard|Heat Wave|p1b: Whimsicott|[spread] p1a\n|-activate|p1b: Whimsicott|move: Protect\n|-resisted|p1a: Blaziken|1\n|-damage|p1a: Blaziken|0 fnt\n|faint|p1a: Blaziken\n|\n|-weather|SunnyDay|[upkeep]\n|upkeep\n|\n|t:|1788326249\n|switch|p1a: Basculegion|Basculegion, L50, M|100/100\n|turn|5\n|\n|t:|1788326258\n|move|p1a: Basculegion|Protect|p1a: Basculegion\n|-singleturn|p1a: Basculegion|Protect\n|move|p1b: Whimsicott|Tailwind|p1b: Whimsicott\n|-sidestart|p1: RPGman1627|move: Tailwind\n|move|p2a: Charizard|Heat Wave|p1b: Whimsicott|[spread] p1b\n|-activate|p1a: Basculegion|move: Protect\n|-supereffective|p1b: Whimsicott|1\n|-crit|p1b: Whimsicott\n|-damage|p1b: Whimsicott|0 fnt\n|faint|p1b: Whimsicott\n|\n|-weather|none\n|upkeep\n|turn|6\n|\n|t:|1788326266\n|move|p1a: Basculegion|Wave Crash|p2a: Charizard\n|-supereffective|p2a: Charizard|1\n|-damage|p2a: Charizard|0 fnt\n|faint|p2a: Charizard\n|-damage|p1a: Basculegion|85/100|[from] Recoil\n|-damage|p1a: Basculegion|75/100|[from] item: Life Orb\n|\n|win|RPGman1627\n|raw|RPGman1627's rating: 1147 &rarr; <strong>1165</strong><br />(+18 for winning)\n|raw|Thornlace48812's rating: 1041 &rarr; <strong>1030</strong><br />(-11 for losing)\n","uploadtime":1788326268,"views":"0","formatid":"gen9championsvgc2026regmb","rating":1030,"private":0,"password":null}