{"id":"gen9championsvgc2026regmb-2674470275","format":"[Gen 9 Champions] VGC 2026 Reg M-B","players":["CRWN RVM3","Noitila"],"log":"|j|☆CRWN RVM3\n|j|☆Noitila\n|t:|1788363584\n|gametype|doubles\n|player|p1|CRWN RVM3|hilbert|1425\n|player|p2|Noitila|169|1496\n|gen|9\n|tier|[Gen 9 Champions] VGC 2026 Reg M-B\n|rated|\n|rule|Species Clause: Limit one of each Pokémon\n|rule|Item Clause: Limit 1 of each item\n|clearpoke\n|poke|p1|Charizard, L50, F|\n|poke|p1|Venusaur, L50, M|\n|poke|p1|Pelipper, L50, F|\n|poke|p1|Archaludon, L50, F|\n|poke|p1|Grimmsnarl, L50, M|\n|poke|p1|Swampert, L50, M|\n|poke|p2|Incineroar, L50, M, shiny|\n|poke|p2|Sneasler, L50, M, shiny|\n|poke|p2|Ninetales-Alola, L50, F, shiny|\n|poke|p2|Primarina, L50, F, shiny|\n|poke|p2|Mawile, L50, F, shiny|\n|poke|p2|Farigiraf, L50, M, shiny|\n|teampreview|4\n|inactive|Battle timer is ON: inactive players will automatically lose when time's up. (requested by CRWN RVM3)\n|inactive|Noitila has 60 seconds left.\n|inactive|Noitila has 30 seconds left.\n|inactive|Noitila has 20 seconds left.\n|\n|t:|1788363658\n|teamsize|p1|4\n|teamsize|p2|4\n|start\n|switch|p1a: Hyperion|Charizard, L50, F|100/100\n|switch|p1b: Gaia|Venusaur, L50, M|100/100\n|switch|p2a: Therion|Primarina, L50, F, shiny|100/100\n|switch|p2b: Farigiraf|Farigiraf, L50, M, shiny|100/100\n|turn|1\n|inactive|Noitila has 30 seconds left.\n|\n|t:|1788363688\n|detailschange|p1a: Hyperion|Charizard-Mega-Y, L50, F\n|-mega|p1a: Hyperion|Charizard|Charizardite Y\n|-weather|SunnyDay|[from] ability: Drought|[of] p1a: Hyperion\n|move|p2b: Farigiraf|Ally Switch|p2b: Farigiraf\n|swap|p2b: Farigiraf|0|[from] move: Ally Switch\n|move|p1b: Gaia|Leaf Storm|p2a: Farigiraf\n|-damage|p2a: Farigiraf|42/100\n|-unboost|p1b: Gaia|spa|2\n|-enditem|p2a: Farigiraf|Sitrus Berry|[eat]\n|-heal|p2a: Farigiraf|67/100|[from] item: Sitrus Berry\n|move|p1a: Hyperion|Heat Wave|p2b: Therion|[spread] p2a,p2b\n|-resisted|p2b: Therion|1\n|-damage|p2a: Farigiraf|9/100\n|-damage|p2b: Therion|70/100\n|move|p2b: Therion|Calm Mind|p2b: Therion\n|-boost|p2b: Therion|spa|1\n|-boost|p2b: Therion|spd|1\n|\n|-weather|SunnyDay|[upkeep]\n|-heal|p2b: Therion|76/100|[from] item: Leftovers\n|upkeep\n|turn|2\n|\n|t:|1788363711\n|switch|p2a: Boréalys|Ninetales-Alola, L50, F, shiny|100/100\n|-weather|Snowscape|[from] ability: Snow Warning|[of] p2a: Boréalys\n|move|p1a: Hyperion|Heat Wave|p2a: Boréalys|[spread] p2a,p2b\n|-supereffective|p2a: Boréalys|1\n|-resisted|p2b: Therion|1\n|-damage|p2a: Boréalys|14/100\n|-damage|p2b: Therion|65/100\n|move|p1b: Gaia|Sludge Bomb|p2b: Therion\n|-supereffective|p2b: Therion|1\n|-damage|p2b: Therion|38/100\n|move|p2b: Therion|Hyper Voice|p1b: Gaia|[spread] p1a,p1b\n|-supereffective|p1a: Hyperion|1\n|-resisted|p1b: Gaia|1\n|-damage|p1a: Hyperion|6/100\n|-damage|p1b: Gaia|68/100\n|\n|-weather|Snowscape|[upkeep]\n|-heal|p2b: Therion|44/100|[from] item: Leftovers\n|upkeep\n|turn|3\n|inactive|Noitila has 30 seconds left.\n|inactive|Noitila has 20 seconds left.\n|\n|t:|1788363747\n|switch|p1a: Kronos|Archaludon, L50, F|100/100\n|move|p2a: Boréalys|Blizzard|p1a: Kronos|[spread] p1a,p1b\n|-supereffective|p1b: Gaia|1\n|-damage|p1a: Kronos|75/100\n|-damage|p1b: Gaia|11/100\n|-status|p1b: Gaia|frz\n|-ability|p1a: Kronos|Stamina|boost\n|-boost|p1a: Kronos|def|1\n|cant|p1b: Gaia|frz\n|move|p2b: Therion|Calm Mind|p2b: Therion\n|-boost|p2b: Therion|spa|1\n|-boost|p2b: Therion|spd|1\n|\n|-weather|Snowscape|[upkeep]\n|-heal|p1a: Kronos|81/100|[from] item: Leftovers\n|-heal|p2b: Therion|50/100g|[from] item: Leftovers\n|upkeep\n|turn|4\n|\n|t:|1788363769\n|switch|p2a: Farigiraf|Farigiraf, L50, M, shiny|9/100\n|switch|p1b: Pushing P|Pelipper, L50, F|100/100\n|-weather|RainDance|[from] ability: Drizzle|[of] p1b: Pushing P\n|move|p2b: Therion|Protect|p2b: Therion\n|-singleturn|p2b: Therion|Protect\n|move|p1a: Kronos|Electro Shot||[still]\n|-prepare|p1a: Kronos|Electro Shot\n|-boost|p1a: Kronos|spa|1\n|-anim|p1a: Kronos|Electro Shot|p2b: Therion\n|-activate|p2b: Therion|move: Protect\n|\n|-weather|RainDance|[upkeep]\n|-heal|p1a: Kronos|87/100|[from] item: Leftovers\n|-heal|p2b: Therion|56/100|[from] item: Leftovers\n|upkeep\n|turn|5\n|inactive|CRWN RVM3 has 30 seconds left.\n|\n|t:|1788363794\n|switch|p1b: Gaia|Venusaur, L50, M|11/100 frz\n|switch|p2a: Boréalys|Ninetales-Alola, L50, F, shiny|14/100\n|-weather|Snowscape|[from] ability: Snow Warning|[of] p2a: Boréalys\n|move|p1a: Kronos|Electro Shot||[still]\n|-prepare|p1a: Kronos|Electro Shot\n|-boost|p1a: Kronos|spa|1\n|move|p2b: Therion|Moonblast|p1a: Kronos\n|-damage|p1a: Kronos|0 fnt\n|faint|p1a: Kronos\n|\n|-weather|Snowscape|[upkeep]\n|-heal|p2b: Therion|62/100|[from] item: Leftovers\n|upkeep\n|\n|t:|1788363806\n|switch|p1a: Hyperion|Charizard-Mega-Y, L50, F|6/100\n|-weather|SunnyDay|[from] ability: Drought|[of] p1a: Hyperion\n|turn|6\n|inactive|Noitila has 30 seconds left.\n|\n|t:|1788363836\n|switch|p2a: Farigiraf|Farigiraf, L50, M, shiny|9/100\n|move|p2b: Therion|Protect|p2b: Therion\n|-singleturn|p2b: Therion|Protect\n|-curestatus|p1b: Gaia|frz|[msg]\n|move|p1b: Gaia|Leaf Storm|p2b: Therion\n|-activate|p2b: Therion|move: Protect\n|move|p1a: Hyperion|Heat Wave|p2a: Farigiraf|[spread] \n|-activate|p2b: Therion|move: Protect\n|-miss|p1a: Hyperion|p2a: Farigiraf\n|\n|-weather|SunnyDay|[upkeep]\n|-heal|p2b: Therion|68/100|[from] item: Leftovers\n|upkeep\n|turn|7\n|c|☆CRWN RVM3|this rng is insane\n|inactive|CRWN RVM3 has 30 seconds left.\n|\n|t:|1788363865\n|move|p2a: Farigiraf|Ally Switch|p2a: Farigiraf\n|swap|p2a: Farigiraf|1|[from] move: Ally Switch\n|move|p1b: Gaia|Leaf Storm|p2a: Therion\n|-supereffective|p2a: Therion|1\n|-damage|p2a: Therion|13/100\n|-unboost|p1b: Gaia|spa|2\n|move|p1a: Hyperion|Heat Wave|p2a: Therion|[spread] p2a,p2b\n|-resisted|p2a: Therion|1\n|-damage|p2a: Therion|0 fnt\n|-damage|p2b: Farigiraf|0 fnt\n|faint|p2a: Therion\n|faint|p2b: Farigiraf\n|\n|-weather|SunnyDay|[upkeep]\n|upkeep\n|\n|t:|1788363879\n|switch|p2b: Mawile|Mawile, L50, F, shiny|100/100\n|switch|p2a: Boréalys|Ninetales-Alola, L50, F, shiny|14/100\n|-weather|Snowscape|[from] ability: Snow Warning|[of] p2a: Boréalys\n|turn|8\n|\n|t:|1788363890\n|switch|p1a: Pushing P|Pelipper, L50, F|100/100\n|-weather|RainDance|[from] ability: Drizzle|[of] p1a: Pushing P\n|detailschange|p2b: Mawile|Mawile-Mega, L50, F, shiny\n|-mega|p2b: Mawile|Mawile|Mawilite\n|move|p2b: Mawile|Sucker Punch||[still]\n|-fail|p2b: Mawile\n|move|p2a: Boréalys|Blizzard|p1b: Gaia|[spread] p1a,p1b\n|-supereffective|p1b: Gaia|1\n|-damage|p1a: Pushing P|65/100\n|-damage|p1b: Gaia|0 fnt\n|faint|p1b: Gaia\n|\n|-weather|RainDance|[upkeep]\n|upkeep\n|\n|t:|1788363901\n|switch|p1b: Hyperion|Charizard-Mega-Y, L50, F|6/100\n|-weather|SunnyDay|[from] ability: Drought|[of] p1b: Hyperion\n|turn|9\n|\n|t:|1788363910\n|move|p1b: Hyperion|Protect|p1b: Hyperion\n|-singleturn|p1b: Hyperion|Protect\n|move|p2b: Mawile|Protect|p2b: Mawile\n|-singleturn|p2b: Mawile|Protect\n|move|p2a: Boréalys|Blizzard|p1a: Pushing P|[spread] p1a\n|-activate|p1b: Hyperion|move: Protect\n|-damage|p1a: Pushing P|32/100\n|-enditem|p1a: Pushing P|Sitrus Berry|[eat]\n|-heal|p1a: Pushing P|57/100|[from] item: Sitrus Berry\n|move|p1a: Pushing P|Weather Ball|p2b: Mawile\n|-activate|p2b: Mawile|move: Protect\n|\n|-weather|SunnyDay|[upkeep]\n|upkeep\n|turn|10\n|inactive|Noitila has 30 seconds left.\n|\n|t:|1788363936\n|move|p2b: Mawile|Sucker Punch|p1a: Pushing P\n|-damage|p1a: Pushing P|9/100\n|move|p2a: Boréalys|Encore|p1b: Hyperion\n|-start|p1b: Hyperion|Encore\n|move|p1b: Hyperion|Protect||[still]\n|-fail|p1b: Hyperion\n|move|p1a: Pushing P|Weather Ball|p2b: Mawile\n|-supereffective|p2b: Mawile|1\n|-damage|p2b: Mawile|10/100\n|\n|-weather|SunnyDay|[upkeep]\n|upkeep\n|turn|11\n|\n|t:|1788363953\n|move|p1b: Hyperion|Protect|p1b: Hyperion\n|-singleturn|p1b: Hyperion|Protect\n|move|p2b: Mawile|Sucker Punch|p1a: Pushing P\n|-damage|p1a: Pushing P|0 fnt\n|faint|p1a: Pushing P\n|move|p2a: Boréalys|Blizzard|p1b: Hyperion\n|-activate|p1b: Hyperion|move: Protect\n|\n|-weather|SunnyDay|[upkeep]\n|upkeep\n|turn|12\n|\n|t:|1788363969\n|move|p1b: Hyperion|Protect|p1b: Hyperion\n|-singleturn|p1b: Hyperion|Protect\n|move|p2a: Boréalys|Blizzard|p1b: Hyperion\n|-activate|p1b: Hyperion|move: Protect\n|move|p2b: Mawile|Iron Head|p1b: Hyperion\n|-activate|p1b: Hyperion|move: Protect\n|\n|-weather|SunnyDay|[upkeep]\n|-end|p1b: Hyperion|Encore\n|upkeep\n|turn|13\n|\n|t:|1788363994\n|move|p2a: Boréalys|Encore|p1b: Hyperion\n|-start|p1b: Hyperion|Encore\n|move|p1b: Hyperion|Protect||[still]\n|-fail|p1b: Hyperion\n|move|p2b: Mawile|Iron Head|p1b: Hyperion\n|-resisted|p1b: Hyperion|1\n|-damage|p1b: Hyperion|0 fnt\n|faint|p1b: Hyperion\n|\n|win|Noitila\n|raw|CRWN RVM3's rating: 1425 &rarr; <strong>1409</strong><br />(-16 for losing)\n|raw|Noitila's rating: 1496 &rarr; <strong>1512</strong><br />(+16 for winning)\n","uploadtime":1788363997,"views":"1","formatid":"gen9championsvgc2026regmb","rating":1409,"private":0,"password":null}