{"id":"gen9championsvgc2026regmbbo3-2673329909","format":"[Gen 9 Champions] VGC 2026 Reg M-B (Bo3)","players":["infamous coak","humania1"],"log":"|j|☆infamous coak\n|j|☆humania1\n|html|<table width=\"100%\"><tr><td align=\"left\">infamous coak</td><td align=\"right\">humania1</tr><tr><td align=\"left\"><i class=\"fa fa-circle-o\"></i> <i class=\"fa fa-circle-o\"></i> </td><td align=\"right\"><i class=\"fa fa-circle-o\"></i> <i class=\"fa fa-circle-o\"></i> </tr></table>\n|uhtml|bestof|<h2><strong>Game 1</strong> of <a href=\"/game-bestof3-gen9championsvgc2026regmbbo3-2673329907\">a best-of-3</a></h2>\n|t:|1788184222\n|gametype|doubles\n|player|p1|infamous coak|265|1075\n|player|p2|humania1|170|1044\n|gen|9\n|tier|[Gen 9 Champions] VGC 2026 Reg M-B (Bo3)\n|rated|\n|rule|Species Clause: Limit one of each Pokémon\n|rule|Item Clause: Limit 1 of each item\n|clearpoke\n|poke|p1|Ampharos, L50, F|\n|poke|p1|Crabominable, L50, M|\n|poke|p1|Farigiraf, L50, M|\n|poke|p1|Mawile, L50, F|\n|poke|p1|Sneasler, L50, M|\n|poke|p1|Pelipper, L50, F|\n|poke|p2|Blastoise, L50, M|\n|poke|p2|Delphox, L50, M, shiny|\n|poke|p2|Incineroar, L50, F|\n|poke|p2|Sinistcha, L50|\n|poke|p2|Sneasler, L50, F|\n|poke|p2|Vivillon, L50, M|\n|teampreview|4\n|showteam|p1|Ampharos||Ampharosite|Static|DazzlingGleam,Thunderbolt,DragonPulse,Protect|Quiet||F|||50|]Crabominable||ShellBell|IronFist|BulkUp,IceHammer,DrainPunch,Protect|Brave||M|||50|]Farigiraf||ColburBerry|ArmorTail|TrickRoom,PsychicNoise,DazzlingGleam,HelpingHand|Quiet||M|||50|]Mawile||Mawilite|Intimidate|SuckerPunch,PlayRough,IronHead,Protect|Adamant||F|||50|]Sneasler||IronBall|Unburden|FakeOut,Fling,CloseCombat,DireClaw|Brave||M|||50|]Pelipper||FocusSash|Drizzle|Hurricane,MuddyWater,WideGuard,Protect|Quiet||F|||50|\n|showteam|p2|Blastoise||Blastoisinite|Torrent|Protect,ShellSmash,WaterSpout,DarkPulse|Modest||M|||50|]Delphox||Delphoxite|Blaze|Protect,HeatWave,Psyshock,NastyPlot|Timid||M|||50|]Incineroar||PasshoBerry|Intimidate|FakeOut,PartingShot,FlareBlitz,ThroatChop|Impish||F|||50|]Sinistcha||SitrusBerry|Hospitality|Protect,MatchaGotcha,TrickRoom,RagePowder|Bold|||||50|]Sneasler||FocusSash|PoisonTouch|QuickGuard,FakeOut,CloseCombat,DireClaw|Jolly||F|||50|]Vivillon||ChoiceScarf|CompoundEyes|Hurricane,SleepPowder,RagePowder,Uturn|Timid||M|||50|\n|inactive|Battle timer is ON: inactive players will automatically lose when time's up. (requested by humania1)\n|inactive|infamous coak has 60 seconds left.\n|inactive|infamous coak has 30 seconds left.\n|inactive|infamous coak has 20 seconds left.\n|\n|t:|1788184297\n|teamsize|p1|4\n|teamsize|p2|4\n|start\n|switch|p1a: Farigiraf|Farigiraf, L50, M|100/100\n|switch|p1b: Sneasler|Sneasler, L50, M|100/100\n|switch|p2a: Blastoise|Blastoise, L50, M|100/100\n|switch|p2b: Delphox|Delphox, L50, M, shiny|100/100\n|turn|1\n|\n|t:|1788184303\n|move|p1b: Sneasler|Fake Out|p2a: Blastoise\n|-damage|p2a: Blastoise|81/100\n|move|p2b: Delphox|Psyshock|p1b: Sneasler\n|-supereffective|p1b: Sneasler|2\n|-damage|p1b: Sneasler|0 fnt\n|faint|p1b: Sneasler\n|cant|p2a: Blastoise|flinch\n|move|p1a: Farigiraf|Trick Room|p1a: Farigiraf\n|-fieldstart|move: Trick Room|[of] p1a: Farigiraf\n|\n|upkeep\n|\n|t:|1788184311\n|switch|p1b: Pelipper|Pelipper, L50, F|100/100\n|-weather|RainDance|[from] ability: Drizzle|[of] p1b: Pelipper\n|turn|2\n|\n|t:|1788184318\n|move|p1a: Farigiraf|Dazzling Gleam|p2b: Delphox|[spread] p2a,p2b\n|-resisted|p2b: Delphox|1\n|-damage|p2a: Blastoise|62/100\n|-damage|p2b: Delphox|89/100\n|move|p1b: Pelipper|Muddy Water|p2a: Blastoise|[spread] p2a,p2b\n|-resisted|p2a: Blastoise|1\n|-supereffective|p2b: Delphox|1\n|-damage|p2a: Blastoise|36/100\n|-damage|p2b: Delphox|0 fnt\n|faint|p2b: Delphox\n|move|p2a: Blastoise|Water Spout|p1a: Farigiraf|[spread] p1a,p1b\n|-resisted|p1b: Pelipper|1\n|-damage|p1a: Farigiraf|75/100\n|-damage|p1b: Pelipper|82/100\n|\n|-weather|RainDance|[upkeep]\n|upkeep\n|\n|t:|1788184318\n|switch|p2b: Sinistcha|Sinistcha, L50|100/100\n|-heal|p2a: Blastoise|60/100|[from] ability: Hospitality|[of] p2b: Sinistcha\n|turn|3\n|\n|t:|1788184328\n|switch|p2b: Incineroar|Incineroar, L50, F|100/100\n|-ability|p2b: Incineroar|Intimidate|boost\n|-unboost|p1a: Farigiraf|atk|1\n|-unboost|p1b: Pelipper|atk|1\n|move|p1a: Farigiraf|Psychic Noise|p2b: Incineroar\n|-immune|p2b: Incineroar\n|move|p1b: Pelipper|Hurricane|p2b: Incineroar\n|-damage|p2b: Incineroar|48/100\n|move|p2a: Blastoise|Water Spout|p1b: Pelipper|[spread] p1a,p1b\n|-resisted|p1b: Pelipper|1\n|-damage|p1a: Farigiraf|33/100\n|-damage|p1b: Pelipper|53/100\n|\n|-weather|RainDance|[upkeep]\n|upkeep\n|turn|4\n|\n|t:|1788184339\n|switch|p1a: Mawile|Mawile, L50, F|100/100\n|-ability|p1a: Mawile|Intimidate|boost\n|-unboost|p2a: Blastoise|atk|1\n|-unboost|p2b: Incineroar|atk|1\n|move|p1b: Pelipper|Wide Guard|p1b: Pelipper\n|-singleturn|p1b: Pelipper|Wide Guard\n|move|p2b: Incineroar|Throat Chop|p1a: Mawile\n|-resisted|p1a: Mawile|1\n|-damage|p1a: Mawile|86/100\n|-start|p1a: Mawile|Throat Chop|[silent]\n|move|p2a: Blastoise|Water Spout|p1b: Pelipper|[spread] \n|-activate|p1a: Mawile|move: Wide Guard\n|-activate|p1b: Pelipper|move: Wide Guard\n|\n|-weather|RainDance|[upkeep]\n|upkeep\n|turn|5\n|\n|t:|1788184358\n|detailschange|p1a: Mawile|Mawile-Mega, L50, F\n|-mega|p1a: Mawile|Mawile|Mawilite\n|move|p1b: Pelipper|Wide Guard|p1b: Pelipper\n|-singleturn|p1b: Pelipper|Wide Guard\n|move|p1a: Mawile|Play Rough|p2b: Incineroar\n|-damage|p2b: Incineroar|0 fnt\n|faint|p2b: Incineroar\n|move|p2a: Blastoise|Dark Pulse|p1b: Pelipper\n|-damage|p1b: Pelipper|21/100\n|\n|-weather|RainDance|[upkeep]\n|-end|p1a: Mawile|Throat Chop|[silent]\n|-fieldend|move: Trick Room\n|upkeep\n|\n|t:|1788184358\n|switch|p2b: Sinistcha|Sinistcha, L50|100/100\n|-heal|p2a: Blastoise|85/100|[from] ability: Hospitality|[of] p2b: Sinistcha\n|turn|6\n|j| nosehabladebruno\n|\n|t:|1788184374\n|move|p2a: Blastoise|Water Spout|p1b: Pelipper|[spread] p1a,p1b\n|-resisted|p1b: Pelipper|1\n|-damage|p1a: Mawile|14/100\n|-damage|p1b: Pelipper|0 fnt\n|faint|p1b: Pelipper\n|move|p2b: Sinistcha|Matcha Gotcha|p1a: Mawile\n|-resisted|p1a: Mawile|1\n|-damage|p1a: Mawile|0 fnt\n|faint|p1a: Mawile\n|\n|-weather|none\n|upkeep\n|\n|t:|1788184378\n|switch|p1b: Farigiraf|Farigiraf, L50, M|33/100\n|turn|7\n|\n|t:|1788184383\n|move|p2a: Blastoise|Water Spout|p1b: Farigiraf\n|-damage|p1b: Farigiraf|0 fnt\n|faint|p1b: Farigiraf\n|\n|win|humania1\n","uploadtime":1788184383,"views":"4","formatid":"gen9championsvgc2026regmbbo3","rating":null,"private":0,"password":null}