{"id":"gen9championsvgc2026regmb-2674329899","format":"[Gen 9 Champions] VGC 2026 Reg M-B","players":["scorina","Hzqmrln"],"log":"|j|☆scorina\n|j|☆Hzqmrln\n|t:|1788342367\n|gametype|doubles\n|player|p1|scorina|1|1575\n|player|p2|Hzqmrln|102|1555\n|gen|9\n|tier|[Gen 9 Champions] VGC 2026 Reg M-B\n|rated|\n|rule|Species Clause: Limit one of each Pokémon\n|rule|Item Clause: Limit 1 of each item\n|clearpoke\n|poke|p1|Whimsicott, L50, M|\n|poke|p1|Delphox, L50, F|\n|poke|p1|Garchomp, L50, F|\n|poke|p1|Sneasler, L50, F|\n|poke|p1|Kingambit, L50, M|\n|poke|p1|Basculegion, L50, M|\n|poke|p2|Raichu, L50, F|\n|poke|p2|Staraptor, L50, F|\n|poke|p2|Arcanine-Hisui, L50, M|\n|poke|p2|Farigiraf, L50, M|\n|poke|p2|Sylveon, L50, F|\n|poke|p2|Kingambit, L50, M|\n|teampreview|4\n|inactive|Battle timer is ON: inactive players will automatically lose when time's up. (requested by Hzqmrln)\n|j| Gonkabi\n|inactive|scorina has 60 seconds left.\n|j| Trusca bawitsch\n|\n|t:|1788342428\n|teamsize|p1|4\n|teamsize|p2|4\n|start\n|switch|p1a: Delphox|Delphox, L50, F|100/100\n|switch|p1b: Garchomp|Garchomp, L50, F|100/100\n|switch|p2a: Raichu|Raichu, L50, F|100/100\n|switch|p2b: Farigiraf|Farigiraf, L50, M|100/100\n|turn|1\n|\n|t:|1788342453\n|detailschange|p1a: Delphox|Delphox-Mega, L50, F\n|-mega|p1a: Delphox|Delphox|Delphoxite\n|move|p2a: Raichu|Fake Out|p1b: Garchomp\n|-damage|p1b: Garchomp|92/100\n|-damage|p2a: Raichu|88/100|[from] ability: Rough Skin|[of] p1b: Garchomp\n|move|p1a: Delphox|Howl|p1a: Delphox|[spread] p1a,p1b\n|-boost|p1a: Delphox|atk|1\n|-boost|p1b: Garchomp|atk|1\n|cant|p1b: Garchomp|flinch\n|move|p2b: Farigiraf|Trick Room|p2b: Farigiraf\n|-fieldstart|move: Trick Room|[of] p2b: Farigiraf\n|\n|upkeep\n|turn|2\n|\n|t:|1788342477\n|move|p2a: Raichu|Protect|p2a: Raichu\n|-singleturn|p2a: Raichu|Protect\n|move|p1a: Delphox|Protect|p1a: Delphox\n|-singleturn|p1a: Delphox|Protect\n|move|p1b: Garchomp|Earthquake|p2b: Farigiraf|[spread] p2b\n|-activate|p1a: Delphox|move: Protect\n|-activate|p2a: Raichu|move: Protect\n|-damage|p2b: Farigiraf|41/100\n|-enditem|p2b: Farigiraf|Sitrus Berry|[eat]\n|-heal|p2b: Farigiraf|66/100|[from] item: Sitrus Berry\n|move|p2b: Farigiraf|Roar|p1b: Garchomp\n|drag|p1b: Sneasler|Sneasler, L50, F|100/100\n|\n|upkeep\n|turn|3\n|inactive|scorina has 30 seconds left.\n|\n|t:|1788342506\n|switch|p2a: Kingambit|Kingambit, L50, M|100/100\n|switch|p1a: Garchomp|Garchomp, L50, F|92/100\n|move|p1b: Sneasler|Protect|p1b: Sneasler\n|-singleturn|p1b: Sneasler|Protect\n|move|p2b: Farigiraf|Psychic Noise|p1b: Sneasler\n|-activate|p1b: Sneasler|move: Protect\n|\n|upkeep\n|turn|4\n|inactive|Hzqmrln has 30 seconds left.\n|\n|t:|1788342539\n|switch|p1b: Delphox|Delphox-Mega, L50, F|100/100\n|move|p2a: Kingambit|Iron Head|p1a: Garchomp\n|-damage|p1a: Garchomp|56/100\n|-damage|p2a: Kingambit|87/100|[from] ability: Rough Skin|[of] p1a: Garchomp\n|move|p2b: Farigiraf|Psychic Noise|p1a: Garchomp\n|-damage|p1a: Garchomp|30/100\n|-start|p1a: Garchomp|move: Heal Block\n|move|p1a: Garchomp|Earthquake|p2a: Kingambit|[spread] p2a,p2b\n|-immune|p1b: Delphox|[from] ability: Levitate\n|-supereffective|p2a: Kingambit|1\n|-damage|p2a: Kingambit|20/100y\n|-damage|p2b: Farigiraf|25/100\n|\n|upkeep\n|turn|5\n|inactive|scorina has 30 seconds left.\n|inactive|scorina has 20 seconds left.\n|inactive|scorina has 15 seconds left.\n|inactive|scorina has 10 seconds left.\n|\n|t:|1788342587\n|move|p1b: Delphox|Protect|p1b: Delphox\n|-singleturn|p1b: Delphox|Protect\n|move|p2a: Kingambit|Kowtow Cleave|p1a: Garchomp\n|-damage|p1a: Garchomp|0 fnt\n|-damage|p2a: Kingambit|8/100|[from] ability: Rough Skin|[of] p1a: Garchomp\n|faint|p1a: Garchomp\n|move|p2b: Farigiraf|Roar|p1b: Delphox\n|drag|p1b: Sneasler|Sneasler, L50, F|100/100\n|\n|-fieldend|move: Trick Room\n|upkeep\n|\n|t:|1788342591\n|switch|p1a: Delphox|Delphox-Mega, L50, F|100/100\n|turn|6\n|\n|t:|1788342606\n|move|p2a: Kingambit|Sucker Punch|p1b: Sneasler\n|-resisted|p1b: Sneasler|1\n|-damage|p1b: Sneasler|76/100\n|move|p1a: Delphox|Howl|p1a: Delphox|[spread] p1a,p1b\n|-boost|p1a: Delphox|atk|1\n|-boost|p1b: Sneasler|atk|1\n|move|p1b: Sneasler|Close Combat|p2b: Farigiraf\n|-damage|p2b: Farigiraf|0 fnt\n|-unboost|p1b: Sneasler|def|1\n|-unboost|p1b: Sneasler|spd|1\n|faint|p2b: Farigiraf\n|-enditem|p1b: Sneasler|White Herb\n|-clearnegativeboost|p1b: Sneasler|[silent]\n|\n|upkeep\n|\n|t:|1788342616\n|switch|p2b: Raichu|Raichu, L50, F|88/100\n|turn|7\n|inactive|scorina has 30 seconds left.\n|\n|t:|1788342646\n|detailschange|p2b: Raichu|Raichu-Mega-Y, L50, F\n|-mega|p2b: Raichu|Raichu|Raichunite Y\n|move|p2b: Raichu|Fake Out|p1b: Sneasler\n|-damage|p1b: Sneasler|64/100\n|move|p2a: Kingambit|Sucker Punch|p1a: Delphox\n|-supereffective|p1a: Delphox|1\n|-damage|p1a: Delphox|1/100\n|cant|p1b: Sneasler|flinch\n|move|p1a: Delphox|Heat Wave|p2a: Kingambit|[spread] p2a,p2b\n|-supereffective|p2a: Kingambit|1\n|-damage|p2a: Kingambit|0 fnt\n|-damage|p2b: Raichu|37/100\n|faint|p2a: Kingambit\n|\n|upkeep\n|\n|t:|1788342657\n|switch|p2a: Arcanine|Arcanine-Hisui, L50, M|100/100\n|turn|8\n|inactive|scorina has 30 seconds left.\n|inactive|scorina has 20 seconds left.\n|inactive|scorina has 15 seconds left.\n|inactive|scorina has 10 seconds left.\n|inactive|scorina has 5 seconds left.\n|\n|t:|1788342709\n|move|p2b: Raichu|Protect|p2b: Raichu\n|-singleturn|p2b: Raichu|Protect\n|move|p2a: Arcanine|Extreme Speed|p1b: Sneasler\n|-damage|p1b: Sneasler|28/100\n|move|p1b: Sneasler|Close Combat|p2b: Raichu\n|-activate|p2b: Raichu|move: Protect\n|move|p1a: Delphox|Heat Wave|p2a: Arcanine|[spread] p2a\n|-activate|p2b: Raichu|move: Protect\n|-resisted|p2a: Arcanine|2\n|-damage|p2a: Arcanine|88/100\n|\n|upkeep\n|turn|9\n|\n|t:|1788342724\n|move|p2a: Arcanine|Extreme Speed|p1b: Sneasler\n|-damage|p1b: Sneasler|0 fnt\n|faint|p1b: Sneasler\n|move|p1a: Delphox|Psyshock|p2b: Raichu\n|-damage|p2b: Raichu|0 fnt\n|faint|p2b: Raichu\n|\n|upkeep\n|\n|t:|1788342727\n|switch|p1b: Basculegion|Basculegion, L50, M|100/100\n|turn|10\n|\n|t:|1788342738\n|move|p1b: Basculegion|Aqua Jet|p2a: Arcanine\n|-supereffective|p2a: Arcanine|2\n|-damage|p2a: Arcanine|0 fnt\n|faint|p2a: Arcanine\n|-damage|p1b: Basculegion|90/100|[from] item: Life Orb\n|\n|win|scorina\n|raw|scorina's rating: 1575 &rarr; <strong>1594</strong><br />(+19 for winning)\n|raw|Hzqmrln's rating: 1555 &rarr; <strong>1536</strong><br />(-19 for losing)\n|c|☆Hzqmrln|Gg\n|c|☆scorina|gg\n","uploadtime":1788342750,"views":"5","formatid":"gen9championsvgc2026regmb","rating":1536,"private":0,"password":null}