{"id":"gen9championsvgc2026regmb-2674829141","format":"[Gen 9 Champions] VGC 2026 Reg M-B","players":["david bowie gaming","Chonky Anky"],"log":"|j|☆david bowie gaming\n|j|☆Chonky Anky\n|html|<table width=\"100%\"><tr><td align=\"left\">david bowie gaming</td><td align=\"right\">Chonky Anky</tr><tr><td align=\"left\"><i class=\"fa fa-circle-o\"></i> <i class=\"fa fa-circle-o\"></i> </td><td align=\"right\"><i class=\"fa fa-circle-o\"></i> <i class=\"fa fa-circle-o\"></i> </tr></table>\n|uhtml|bestof|<h2><strong>Game 1</strong> of <a href=\"/game-bestof3-gen9championsvgc2026regmb-2674829140\">a best-of-3</a></h2>\n|t:|1788415738\n|gametype|doubles\n|player|p1|david bowie gaming|grimsley|\n|player|p2|Chonky Anky|ghetsis-gen5bw|\n|gen|9\n|tier|[Gen 9 Champions] VGC 2026 Reg M-B\n|rule|Species Clause: Limit one of each Pokémon\n|rule|Item Clause: Limit 1 of each item\n|raw|<div class=\"infobox\"><details class=\"readmore\" open><summary><strong>1 custom rule:</strong></summary> Best of = 3</details></div>\n|clearpoke\n|poke|p1|Glaceon, L50, F|\n|poke|p1|Ninetales-Alola, L50, F|\n|poke|p1|Floette-Eternal, L50, F|\n|poke|p1|Kingambit, L50, M|\n|poke|p1|Sableye, L50, F|\n|poke|p1|Arcanine-Hisui, L50, M|\n|poke|p2|Garchomp, L50, F|\n|poke|p2|Alakazam, L50, F, shiny|\n|poke|p2|Tinkaton, L50, F|\n|poke|p2|Weavile, L50, M|\n|poke|p2|Rotom-Wash, L50|\n|poke|p2|Dragonite, L50, M, shiny|\n|teampreview|4\nChonky Anky has agreed to open team sheets.\ndavid bowie gaming rejected open team sheets.\n|c|☆david bowie gaming|glhf\n|c|☆Chonky Anky|Best of luck\n|\n|t:|1788415799\n|teamsize|p1|4\n|teamsize|p2|4\n|start\n|switch|p1a: Ninetales|Ninetales-Alola, L50, F|100/100\n|switch|p1b: Glaceon|Glaceon, L50, F|100/100\n|switch|p2a: The Thing|Tinkaton, L50, F|100/100\n|switch|p2b: Spoons|Alakazam, L50, F, shiny|100/100\n|-weather|Snowscape|[from] ability: Snow Warning|[of] p1a: Ninetales\n|-ability|p2a: The Thing|Mold Breaker\n|turn|1\n|j| ButtMonkey2608\n|c| ButtMonkey2608|beef time\n|\n|t:|1788415825\n|switch|p2b: Dishwasher|Rotom-Wash, L50|100/100\n|move|p1a: Ninetales|Aurora Veil|p1a: Ninetales\n|-sidestart|p1: david bowie gaming|move: Aurora Veil\n|move|p1b: Glaceon|Blizzard|p2a: The Thing|[spread] p2a,p2b\n|-resisted|p2a: The Thing|1\n|-resisted|p2b: Dishwasher|1\n|-damage|p2a: The Thing|73/100\n|-damage|p2b: Dishwasher|75/100\n|move|p2a: The Thing|Gigaton Hammer|p1b: Glaceon\n|-supereffective|p1b: Glaceon|1\n|-damage|p1b: Glaceon|40/100\n|\n|-weather|Snowscape|[upkeep]\n|-heal|p1b: Glaceon|47/100|[from] ability: Ice Body\n|upkeep\n|turn|2\n|\n|t:|1788415840\n|move|p1a: Ninetales|Blizzard|p2b: Dishwasher|[spread] p2a,p2b\n|-resisted|p2a: The Thing|1\n|-resisted|p2b: Dishwasher|1\n|-damage|p2a: The Thing|56/100\n|-damage|p2b: Dishwasher|57/100\n|move|p1b: Glaceon|Blizzard|p2b: Dishwasher|[spread] p2a,p2b\n|-resisted|p2a: The Thing|1\n|-resisted|p2b: Dishwasher|1\n|-damage|p2a: The Thing|32/100\n|-damage|p2b: Dishwasher|35/100\n|-enditem|p2a: The Thing|Sitrus Berry|[eat]\n|-heal|p2a: The Thing|57/100|[from] item: Sitrus Berry\n|move|p2a: The Thing|Stealth Rock|p1a: Ninetales\n|-sidestart|p1: david bowie gaming|move: Stealth Rock\n|move|p2b: Dishwasher|Volt Switch|p1a: Ninetales\n|-damage|p1a: Ninetales|81/100\n|\n|t:|1788415847\n|switch|p2b: Spoons|Alakazam, L50, F, shiny|100/100|[from] Volt Switch\n|\n|-weather|Snowscape|[upkeep]\n|-heal|p1b: Glaceon|53/100|[from] ability: Ice Body\n|upkeep\n|turn|3\n|\n|t:|1788415854\n|detailschange|p2b: Spoons|Alakazam-Mega, L50, F, shiny\n|-mega|p2b: Spoons|Alakazam|Alakazite\n|-ability|p2b: Spoons|Snow Warning|Trace|[from] ability: Trace|[of] p1a: Ninetales\n|move|p2b: Spoons|Focus Blast|p1b: Glaceon\n|-supereffective|p1b: Glaceon|1\n|-damage|p1b: Glaceon|0 fnt\n|faint|p1b: Glaceon\n|move|p1a: Ninetales|Blizzard|p2a: The Thing|[spread] p2a,p2b\n|-resisted|p2a: The Thing|1\n|-damage|p2a: The Thing|41/100\n|-damage|p2b: Spoons|57/100\n|move|p2a: The Thing|Gigaton Hammer|p1a: Ninetales\n|-supereffective|p1a: Ninetales|2\n|-damage|p1a: Ninetales|0 fnt\n|faint|p1a: Ninetales\n|\n|-weather|Snowscape|[upkeep]\n|upkeep\n|\n|t:|1788415867\n|switch|p1a: Kingambit|Kingambit, L50, M|100/100\n|switch|p1b: Floette|Floette-Eternal, L50, F|100/100\n|-damage|p1b: Floette|88/100|[from] Stealth Rock\n|-damage|p1a: Kingambit|93/100|[from] Stealth Rock\n|turn|4\n|\n|t:|1788415903\n|detailschange|p1b: Floette|Floette-Mega, L50, F\n|-mega|p1b: Floette|Floette|Floettite\n|-ability|p1b: Floette|Fairy Aura\n|move|p2b: Spoons|Shadow Ball|p1b: Floette\n|-damage|p1b: Floette|66/100\n|move|p1b: Floette|Dazzling Gleam|p2b: Spoons|[spread] p2a,p2b\n|-resisted|p2a: The Thing|1\n|-damage|p2a: The Thing|15/100\n|-damage|p2b: Spoons|0 fnt\n|faint|p2b: Spoons\n|move|p2a: The Thing|Knock Off|p1b: Floette\n|-resisted|p1b: Floette|1\n|-damage|p1b: Floette|60/100\n|move|p1a: Kingambit|Iron Head|p2a: The Thing\n|-damage|p2a: The Thing|0 fnt\n|faint|p2a: The Thing\n|\n|-weather|Snowscape|[upkeep]\n|upkeep\n|\n|t:|1788415912\n|switch|p2b: Lemons|Dragonite, L50, M, shiny|100/100\n|switch|p2a: Dishwasher|Rotom-Wash, L50|35/100\n|turn|5\n|\n|t:|1788415924\n|move|p1a: Kingambit|Sucker Punch|p2b: Lemons\n|-damage|p2b: Lemons|76/100\n|move|p1b: Floette|Dazzling Gleam|p2a: Dishwasher|[spread] p2a,p2b\n|-supereffective|p2b: Lemons|1\n|-damage|p2a: Dishwasher|0 fnt\n|-damage|p2b: Lemons|0 fnt\n|faint|p2a: Dishwasher\n|faint|p2b: Lemons\n|\n|win|david bowie gaming\n||Chonky Anky is ready for game 2.\n|c|☆david bowie gaming|ggs\n||david bowie gaming is ready for game 2.\n|uhtml|next|Next: <a href=\"/battle-gen9championsvgc2026regmb-2674829883\"><strong>Game 2 of 3</strong></a>\n","uploadtime":1788416316,"views":"1","formatid":"gen9championsvgc2026regmb","rating":null,"private":0,"password":null}