{"id":"gen9championsvgc2026regmb-2674719033","format":"[Gen 9 Champions] VGC 2026 Reg M-B","players":["victorre","LickitungLaprasMew"],"log":"|j|☆victorre\n|j|☆LickitungLaprasMew\n|html|<table width=\"100%\"><tr><td align=\"left\">victorre</td><td align=\"right\">LickitungLaprasMew</tr><tr><td align=\"left\"><i class=\"fa fa-circle\"></i> <i class=\"fa fa-circle-o\"></i> </td><td align=\"right\"><i class=\"fa fa-circle-o\"></i> <i class=\"fa fa-circle-o\"></i> </tr></table>\n|uhtml|bestof|<h2><strong>Game 2</strong> of <a href=\"/game-bestof3-gen9championsvgc2026regmb-2674713697\">a best-of-3</a></h2>\n|t:|1788395479\n|gametype|doubles\n|player|p1|victorre|gentleman-gen4dp|\n|player|p2|LickitungLaprasMew|hiker-gen4|\n|gen|9\n|tier|[Gen 9 Champions] VGC 2026 Reg M-B\n|rule|Species Clause: Limit one of each Pokémon\n|rule|Item Clause: Limit 1 of each item\n|raw|<div class=\"infobox\"><details class=\"readmore\" open><summary><strong>1 custom rule:</strong></summary> Best of = 3</details></div>\n|clearpoke\n|poke|p1|Tyranitar, L50, M|\n|poke|p1|Charizard, L50, M|\n|poke|p1|Annihilape, L50, F|\n|poke|p1|Tinkaton, L50, F|\n|poke|p1|Oranguru, L50, M|\n|poke|p1|Whimsicott, L50, M|\n|poke|p2|Scovillain, L50, F|\n|poke|p2|Sableye, L50, F|\n|poke|p2|Sceptile, L50, M|\n|poke|p2|Staraptor, L50, F|\n|poke|p2|Greninja, L50, M|\n|poke|p2|Gardevoir, L50, F|\n|teampreview|4\nvictorre rejected open team sheets.\n|\n|t:|1788395563\n|teamsize|p1|4\n|teamsize|p2|4\n|start\n|switch|p1a: Tinkaton|Tinkaton, L50, F|100/100\n|switch|p1b: Whimsicott|Whimsicott, L50, M|100/100\n|switch|p2a: Scovillain|Scovillain, L50, F|100/100\n|switch|p2b: Gardevoir|Gardevoir, L50, F|100/100\n|-ability|p2b: Gardevoir|Prankster|Trace|[from] ability: Trace|[of] p1b: Whimsicott\n|turn|1\n|\n|t:|1788395619\n|detailschange|p2a: Scovillain|Scovillain-Mega, L50, F\n|-mega|p2a: Scovillain|Scovillain|Scovillainite\n|move|p1b: Whimsicott|Light Screen|p1b: Whimsicott\n|-sidestart|p1: victorre|move: Light Screen\n|move|p2b: Gardevoir|Trick|p1b: Whimsicott\n|-activate|p2b: Gardevoir|move: Trick|[of] p1b: Whimsicott\n|-item|p1b: Whimsicott|Choice Scarf|[from] move: Trick\n|-item|p2b: Gardevoir|Focus Sash|[from] move: Trick\n|move|p1a: Tinkaton|Rock Slide|p2a: Scovillain|[spread] p2a,p2b\n|-supereffective|p2a: Scovillain|1\n|-damage|p2a: Scovillain|53/100\n|-damage|p2b: Gardevoir|72/100\n|-status|p1a: Tinkaton|brn|[from] ability: Spicy Spray|[of] p2a: Scovillain\n|move|p2a: Scovillain|Flare Blitz|p1a: Tinkaton\n|-supereffective|p1a: Tinkaton|1\n|-damage|p1a: Tinkaton|0 fnt\n|faint|p1a: Tinkaton\n|-damage|p2a: Scovillain|13/100|[from] Recoil\n|\n|upkeep\n|\n|t:|1788395634\n|switch|p1a: Charizard|Charizard, L50, M|100/100\n|turn|2\n|\n|t:|1788395681\n|detailschange|p1a: Charizard|Charizard-Mega-Y, L50, M\n|-mega|p1a: Charizard|Charizard|Charizardite Y\n|-weather|SunnyDay|[from] ability: Drought|[of] p1a: Charizard\n|move|p2a: Scovillain|Rage Powder|p2a: Scovillain\n|-singleturn|p2a: Scovillain|move: Rage Powder\n|move|p1b: Whimsicott|Tailwind|p1b: Whimsicott\n|-sidestart|p1: victorre|move: Tailwind\n|move|p1a: Charizard|Heat Wave|p2a: Scovillain|[spread] p2a,p2b\n|-damage|p2a: Scovillain|0 fnt\n|-damage|p2b: Gardevoir|0 fnt\n|faint|p2a: Scovillain\n|faint|p2b: Gardevoir\n|\n|-weather|SunnyDay|[upkeep]\n|upkeep\n|\n|t:|1788395692\n|switch|p2a: Greninja|Greninja, L50, M|100/100\n|switch|p2b: Sceptile|Sceptile, L50, M|100/100\n|turn|3\n|\n|t:|1788395709\n|switch|p1b: Annihilape|Annihilape, L50, F|100/100\n|move|p2b: Sceptile|Detect|p2b: Sceptile\n|-singleturn|p2b: Sceptile|Protect\n|move|p1a: Charizard|Heat Wave|p2b: Sceptile|[spread] p2a\n|-activate|p2b: Sceptile|move: Protect\n|-resisted|p2a: Greninja|1\n|-damage|p2a: Greninja|50/100g\n|move|p2a: Greninja|Rock Slide|p1a: Charizard|[spread] p1a,p1b\n|-start|p2a: Greninja|typechange|Rock|[from] ability: Protean\n|-supereffective|p1a: Charizard|2\n|-resisted|p1b: Annihilape|1\n|-damage|p1a: Charizard|0 fnt\n|-damage|p1b: Annihilape|88/100\n|faint|p1a: Charizard\n|\n|-weather|SunnyDay|[upkeep]\n|-heal|p1b: Annihilape|95/100|[from] item: Leftovers\n|upkeep\n|\n|t:|1788395725\n|switch|p1a: Whimsicott|Whimsicott, L50, M|100/100\n|turn|4\n|\n|t:|1788395750\n|move|p1a: Whimsicott|Moonblast|p2a: Greninja\n|-damage|p2a: Greninja|1/100\n|move|p1b: Annihilape|Gunk Shot|p2b: Sceptile\n|-supereffective|p2b: Sceptile|1\n|-crit|p2b: Sceptile\n|-damage|p2b: Sceptile|0 fnt\n|faint|p2b: Sceptile\n|move|p2a: Greninja|Acrobatics|p1b: Annihilape\n|-supereffective|p1b: Annihilape|1\n|-damage|p1b: Annihilape|31/100\n|\n|-weather|SunnyDay|[upkeep]\n|-heal|p1b: Annihilape|37/100|[from] item: Leftovers\n|upkeep\n|turn|5\n|\n|t:|1788395776\n|move|p1a: Whimsicott|Moonblast|p2a: Greninja\n|-damage|p2a: Greninja|0 fnt\n|faint|p2a: Greninja\n|\n|win|victorre\n|c|☆victorre|gg\n|c|☆LickitungLaprasMew|gg i'll let you do the uploads\n|l|☆LickitungLaprasMew\n|player|p2|\n|j| Dr Palossand PHD\n","uploadtime":1788395782,"views":"11","formatid":"gen9championsvgc2026regmb","rating":null,"private":0,"password":null}