{"id":"gen9championsvgc2026regmbbo3-2673288713","format":"[Gen 9 Champions] VGC 2026 Reg M-B (Bo3)","players":["va_cyclone","CaratroncoSun"],"log":"|j|☆va_cyclone\n|j|☆CaratroncoSun\n|html|<table width=\"100%\"><tr><td align=\"left\">va_cyclone</td><td align=\"right\">CaratroncoSun</tr><tr><td align=\"left\"><i class=\"fa fa-circle-o\"></i> <i class=\"fa fa-circle-o\"></i> </td><td align=\"right\"><i class=\"fa fa-circle-o\"></i> <i class=\"fa fa-circle\"></i> </tr></table>\n|uhtml|bestof|<h2><strong>Game 2</strong> of <a href=\"/game-bestof3-gen9championsvgc2026regmbbo3-2673287938\">a best-of-3</a></h2>\n|t:|1788177610\n|gametype|doubles\n|player|p1|va_cyclone|1|1127\n|player|p2|CaratroncoSun|265|1335\n|gen|9\n|tier|[Gen 9 Champions] VGC 2026 Reg M-B (Bo3)\n|rated|\n|rule|Species Clause: Limit one of each Pokémon\n|rule|Item Clause: Limit 1 of each item\n|clearpoke\n|poke|p1|Incineroar, L50, M|\n|poke|p1|Toxapex, L50, F|\n|poke|p1|Garchomp, L50, M|\n|poke|p1|Charizard, L50, M|\n|poke|p1|Venusaur, L50, M|\n|poke|p1|Sylveon, L50, M|\n|poke|p2|Charizard, L50, F, shiny|\n|poke|p2|Venusaur, L50, M, shiny|\n|poke|p2|Whimsicott, L50, M, shiny|\n|poke|p2|Basculegion, L50, M|\n|poke|p2|Tyranitar, L50, M|\n|poke|p2|Mamoswine, L50, F|\n|teampreview|4\n|showteam|p1|Incineroar||SitrusBerry|Intimidate|FakeOut,PartingShot,FlareBlitz,Protect|Impish||M|||50|]Toxapex||Leftovers|Regenerator|BanefulBunker,Infestation,Toxic,WideGuard|Relaxed||F|||50|]Garchomp||ChoiceScarf|RoughSkin|StompingTantrum,Earthquake,DragonClaw,RockSlide|Adamant||M|||50|]Charizard||CharizarditeY|Blaze|Protect,HeatWave,SolarBeam,WeatherBall|Timid||M|||50|]Venusaur||FocusSash|Chlorophyll|Protect,SludgeBomb,EarthPower,SleepPowder|Modest||M|||50|]Sylveon||FairyFeather|Pixilate|Detect,HyperVoice,QuickAttack,Yawn|Quiet||M|||50|\n|showteam|p2|Charizard||CharizarditeY|Blaze|Protect,SolarBeam,HeatWave,AirSlash|Modest||F|||50|]Venusaur||WideLens|Chlorophyll|Protect,GigaDrain,EarthPower,SleepPowder|Modest||M|||50|]Whimsicott||FocusSash|Prankster|Protect,Moonblast,Tailwind,Encore|Timid||M|||50|]Basculegion||MysticWater|Adaptability|Protect,AquaJet,WaveCrash,LastRespects|Adamant||M|||50|]Tyranitar||Tyranitarite|SandStream|Protect,RockSlide,KnockOff,LowKick|Adamant||M|||50|]Mamoswine||LifeOrb|Oblivious|Protect,HighHorsepower,RockSlide,IceShard|Adamant||F|||50|\n|inactive|Battle timer is ON: inactive players will automatically lose when time's up. (requested by va_cyclone)\n|inactive|CaratroncoSun has 60 seconds left.\n|\n|t:|1788177645\n|teamsize|p1|4\n|teamsize|p2|4\n|start\n|switch|p1a: Charizard|Charizard, L50, M|100/100\n|switch|p1b: Garchomp|Garchomp, L50, M|100/100\n|switch|p2a: Whimsicott|Whimsicott, L50, M, shiny|100/100\n|switch|p2b: Mamoswine|Mamoswine, L50, F|100/100\n|turn|1\n|\n|t:|1788177662\n|move|p1a: Charizard|Protect|p1a: Charizard\n|-singleturn|p1a: Charizard|Protect\n|move|p2a: Whimsicott|Tailwind|p2a: Whimsicott\n|-sidestart|p2: CaratroncoSun|move: Tailwind\n|move|p2b: Mamoswine|Rock Slide|p1b: Garchomp|[spread] p1b\n|-activate|p1a: Charizard|move: Protect\n|-resisted|p1b: Garchomp|1\n|-damage|p1b: Garchomp|87/100\n|-damage|p2b: Mamoswine|90/100|[from] item: Life Orb\n|move|p1b: Garchomp|Rock Slide|p2a: Whimsicott|[spread] p2a,p2b\n|-damage|p2a: Whimsicott|67/100\n|-damage|p2b: Mamoswine|66/100\n|\n|upkeep\n|turn|2\n|\n|t:|1788177678\n|switch|p1b: Incineroar|Incineroar, L50, M|100/100\n|-ability|p1b: Incineroar|Intimidate|boost\n|-unboost|p2a: Whimsicott|atk|1\n|-fail|p2b: Mamoswine|unboost|Attack|[from] ability: Oblivious|[of] p2b: Mamoswine\n|switch|p1a: Toxapex|Toxapex, L50, F|100/100\n|move|p2a: Whimsicott|Encore||[still]\n|-fail|p2a: Whimsicott\n|move|p2b: Mamoswine|Ice Shard|p1b: Incineroar\n|-resisted|p1b: Incineroar|1\n|-damage|p1b: Incineroar|86/100\n|-damage|p2b: Mamoswine|56/100|[from] item: Life Orb\n|\n|upkeep\n|turn|3\n|\n|t:|1788177695\n|switch|p2a: Tyranitar|Tyranitar, L50, M|100/100\n|-weather|Sandstorm|[from] ability: Sand Stream|[of] p2a: Tyranitar\n|move|p2b: Mamoswine|Protect|p2b: Mamoswine\n|-singleturn|p2b: Mamoswine|Protect\n|move|p1b: Incineroar|Flare Blitz|p2b: Mamoswine\n|-activate|p2b: Mamoswine|move: Protect\n|move|p1a: Toxapex|Infestation|p2a: Tyranitar\n|-supereffective|p2a: Tyranitar|1\n|-damage|p2a: Tyranitar|95/100\n|-activate|p2a: Tyranitar|move: Infestation|[of] p1a: Toxapex\n|\n|-weather|Sandstorm|[upkeep]\n|-damage|p1b: Incineroar|80/100|[from] Sandstorm\n|-damage|p1a: Toxapex|93/100|[from] Sandstorm\n|-heal|p1a: Toxapex|100/100|[from] item: Leftovers\n|-damage|p2a: Tyranitar|83/100|[from] move: Infestation|[partiallytrapped]\n|upkeep\n|turn|4\n|\n|t:|1788177718\n|detailschange|p2a: Tyranitar|Tyranitar-Mega, L50, M\n|-mega|p2a: Tyranitar|Tyranitar|Tyranitarite\n|move|p1b: Incineroar|Protect|p1b: Incineroar\n|-singleturn|p1b: Incineroar|Protect\n|move|p2b: Mamoswine|High Horsepower|p1b: Incineroar\n|-activate|p1b: Incineroar|move: Protect\n|move|p2a: Tyranitar|Rock Slide|p1b: Incineroar|[spread] p1a\n|-activate|p1b: Incineroar|move: Protect\n|-damage|p1a: Toxapex|73/100\n|move|p1a: Toxapex|Toxic|p2b: Mamoswine\n|-status|p2b: Mamoswine|tox\n|\n|-weather|Sandstorm|[upkeep]\n|-damage|p1b: Incineroar|75/100|[from] Sandstorm\n|-damage|p1a: Toxapex|66/100|[from] Sandstorm\n|-heal|p1a: Toxapex|73/100|[from] item: Leftovers\n|-damage|p2b: Mamoswine|50/100g tox|[from] psn\n|-damage|p2a: Tyranitar|71/100|[from] move: Infestation|[partiallytrapped]\n|-sideend|p2: CaratroncoSun|move: Tailwind\n|upkeep\n|turn|5\n|\n|t:|1788177738\n|switch|p1b: Garchomp|Garchomp, L50, M|87/100\n|move|p1a: Toxapex|Baneful Bunker|p1a: Toxapex\n|-singleturn|p1a: Toxapex|move: Protect\n|move|p2b: Mamoswine|High Horsepower|p1b: Garchomp\n|-damage|p1b: Garchomp|23/100\n|-damage|p2b: Mamoswine|37/100 tox|[from] ability: Rough Skin|[of] p1b: Garchomp\n|-damage|p2b: Mamoswine|27/100 tox|[from] item: Life Orb\n|move|p2a: Tyranitar|Rock Slide|p1a: Toxapex|[spread] p1b\n|-activate|p1a: Toxapex|move: Protect\n|-resisted|p1b: Garchomp|1\n|-damage|p1b: Garchomp|3/100\n|\n|-weather|Sandstorm|[upkeep]\n|-damage|p1a: Toxapex|66/100|[from] Sandstorm\n|-heal|p1a: Toxapex|73/100|[from] item: Leftovers\n|-damage|p2b: Mamoswine|15/100 tox|[from] psn\n|-damage|p2a: Tyranitar|58/100|[from] move: Infestation|[partiallytrapped]\n|upkeep\n|turn|6\n|\n|t:|1788177763\n|switch|p1b: Charizard|Charizard, L50, M|100/100\n|move|p1a: Toxapex|Wide Guard|p1a: Toxapex\n|-singleturn|p1a: Toxapex|Wide Guard\n|move|p2b: Mamoswine|Ice Shard|p1b: Charizard\n|-damage|p1b: Charizard|58/100\n|-damage|p2b: Mamoswine|5/100 tox|[from] item: Life Orb\n|move|p2a: Tyranitar|Knock Off|p1a: Toxapex\n|-damage|p1a: Toxapex|29/100\n|-enditem|p1a: Toxapex|Leftovers|[from] move: Knock Off|[of] p2a: Tyranitar\n|\n|-weather|Sandstorm|[upkeep]\n|-damage|p1b: Charizard|52/100|[from] Sandstorm\n|-damage|p1a: Toxapex|23/100|[from] Sandstorm\n|-damage|p2b: Mamoswine|0 fnt|[from] psn\n|faint|p2b: Mamoswine\n|-damage|p2a: Tyranitar|46/100|[from] move: Infestation|[partiallytrapped]\n|upkeep\n|\n|t:|1788177780\n|switch|p2b: Whimsicott|Whimsicott, L50, M, shiny|67/100\n|turn|7\n|\n|t:|1788177794\n|-heal|p1a: Toxapex|56/100|[from] ability: Regenerator|[silent]\n|switch|p1a: Garchomp|Garchomp, L50, M|3/100\n|detailschange|p1b: Charizard|Charizard-Mega-Y, L50, M\n|-mega|p1b: Charizard|Charizard|Charizardite Y\n|-weather|SunnyDay|[from] ability: Drought|[of] p1b: Charizard\n|move|p1b: Charizard|Protect|p1b: Charizard\n|-singleturn|p1b: Charizard|Protect\n|move|p2b: Whimsicott|Tailwind|p2b: Whimsicott\n|-sidestart|p2: CaratroncoSun|move: Tailwind\n|move|p2a: Tyranitar|Knock Off|p1b: Charizard\n|-activate|p1b: Charizard|move: Protect\n|\n|-weather|SunnyDay|[upkeep]\n|-end|p2a: Tyranitar|Infestation|[partiallytrapped]\n|upkeep\n|turn|8\n|\n|t:|1788177815\n|switch|p1a: Incineroar|Incineroar, L50, M|75/100\n|-ability|p1a: Incineroar|Intimidate|boost\n|-unboost|p2a: Tyranitar|atk|1\n|-unboost|p2b: Whimsicott|atk|1\n|move|p2b: Whimsicott|Moonblast|p1a: Incineroar\n|-damage|p1a: Incineroar|36/100\n|-enditem|p1a: Incineroar|Sitrus Berry|[eat]\n|-heal|p1a: Incineroar|61/100|[from] item: Sitrus Berry\n|move|p2a: Tyranitar|Rock Slide|p1b: Charizard|[spread] p1a,p1b\n|-supereffective|p1a: Incineroar|1\n|-supereffective|p1b: Charizard|2\n|-damage|p1a: Incineroar|15/100\n|-damage|p1b: Charizard|0 fnt\n|faint|p1b: Charizard\n|\n|-weather|SunnyDay|[upkeep]\n|upkeep\n|\n|t:|1788177828\n|switch|p1b: Garchomp|Garchomp, L50, M|3/100\n|turn|9\n|\n|t:|1788177837\n|move|p2b: Whimsicott|Protect|p2b: Whimsicott\n|-singleturn|p2b: Whimsicott|Protect\n|move|p2a: Tyranitar|Protect|p2a: Tyranitar\n|-singleturn|p2a: Tyranitar|Protect\n|move|p1a: Incineroar|Fake Out|p2b: Whimsicott\n|-activate|p2b: Whimsicott|move: Protect\n|move|p1b: Garchomp|Stomping Tantrum|p2a: Tyranitar\n|-activate|p2a: Tyranitar|move: Protect\n|\n|-weather|SunnyDay|[upkeep]\n|upkeep\n|turn|10\n|\n|t:|1788177849\n|move|p1a: Incineroar|Protect|p1a: Incineroar\n|-singleturn|p1a: Incineroar|Protect\n|move|p2b: Whimsicott|Moonblast|p1b: Garchomp\n|-supereffective|p1b: Garchomp|1\n|-damage|p1b: Garchomp|0 fnt\n|faint|p1b: Garchomp\n|move|p2a: Tyranitar|Rock Slide|p1a: Incineroar\n|-activate|p1a: Incineroar|move: Protect\n|\n|-weather|SunnyDay|[upkeep]\n|-sideend|p2: CaratroncoSun|move: Tailwind\n|upkeep\n|c|☆va_cyclone|gg\n|\n|t:|1788177858\n|switch|p1b: Toxapex|Toxapex, L50, F|56/100\n|turn|11\n|\n|t:|1788177868\n|move|p1a: Incineroar|Protect|p1a: Incineroar\n|-singleturn|p1a: Incineroar|Protect\n|move|p2b: Whimsicott|Moonblast|p1a: Incineroar\n|-activate|p1a: Incineroar|move: Protect\n|move|p2a: Tyranitar|Knock Off|p1b: Toxapex\n|-damage|p1b: Toxapex|33/100\n|move|p1b: Toxapex|Infestation|p2a: Tyranitar\n|-supereffective|p2a: Tyranitar|1\n|-damage|p2a: Tyranitar|41/100\n|-activate|p2a: Tyranitar|move: Infestation|[of] p1b: Toxapex\n|\n|-weather|none\n|-damage|p2a: Tyranitar|28/100|[from] move: Infestation|[partiallytrapped]\n|upkeep\n|turn|12\n|\n|t:|1788177882\n|move|p1b: Toxapex|Baneful Bunker|p1b: Toxapex\n|-singleturn|p1b: Toxapex|move: Protect\n|move|p2b: Whimsicott|Moonblast|p1a: Incineroar\n|-damage|p1a: Incineroar|0 fnt\n|faint|p1a: Incineroar\n|move|p2a: Tyranitar|Knock Off|p1b: Toxapex\n|-activate|p1b: Toxapex|move: Protect\n|-status|p2a: Tyranitar|psn\n|\n|-damage|p2a: Tyranitar|16/100 psn|[from] psn\n|-damage|p2a: Tyranitar|4/100 psn|[from] move: Infestation|[partiallytrapped]\n|upkeep\n|turn|13\n|\n|t:|1788177897\n|move|p2b: Whimsicott|Encore|p1b: Toxapex\n|-start|p1b: Toxapex|Encore\n|move|p1b: Toxapex|Baneful Bunker||[still]\n|-fail|p1b: Toxapex\n|move|p2a: Tyranitar|Knock Off|p1b: Toxapex\n|-damage|p1b: Toxapex|12/100\n|\n|-damage|p2a: Tyranitar|0 fnt|[from] psn\n|faint|p2a: Tyranitar\n|upkeep\n|\n|t:|1788177905\n|switch|p2a: Venusaur|Venusaur, L50, M, shiny|100/100\n|turn|14\n|c|☆va_cyclone|gg\n|\n|t:|1788177911\n|move|p1b: Toxapex|Baneful Bunker|p1b: Toxapex\n|-singleturn|p1b: Toxapex|move: Protect\n|move|p2b: Whimsicott|Tailwind|p2b: Whimsicott\n|-sidestart|p2: CaratroncoSun|move: Tailwind\n|move|p2a: Venusaur|Earth Power|p1b: Toxapex\n|-activate|p1b: Toxapex|move: Protect\n|\n|upkeep\n|turn|15\n|\n|t:|1788177920\n|move|p1b: Toxapex|Baneful Bunker||[still]\n|-fail|p1b: Toxapex\n|move|p2b: Whimsicott|Moonblast|p1b: Toxapex\n|-resisted|p1b: Toxapex|1\n|-damage|p1b: Toxapex|0 fnt\n|faint|p1b: Toxapex\n|\n|win|CaratroncoSun\n|raw|va_cyclone's rating: 1127 &rarr; <strong>1115</strong><br />(-12 for losing)\n|raw|CaratroncoSun's rating: 1335 &rarr; <strong>1344</strong><br />(+9 for winning)\n","uploadtime":1788177921,"views":"3","formatid":"gen9championsvgc2026regmbbo3","rating":1115,"private":0,"password":null}