{"id":"gen9championsvgc2026regmb-2673954491","format":"[Gen 9 Champions] VGC 2026 Reg M-B","players":["testdigi","demobochiithegoon"],"log":"|j|☆testdigi\n|j|☆demobochiithegoon\n|t:|1788281352\n|gametype|doubles\n|player|p1|testdigi|169|1329\n|player|p2|demobochiithegoon|mars|1369\n|gen|9\n|tier|[Gen 9 Champions] VGC 2026 Reg M-B\n|rated|\n|rule|Species Clause: Limit one of each Pokémon\n|rule|Item Clause: Limit 1 of each item\n|clearpoke\n|poke|p1|Staraptor, L50, F, shiny|\n|poke|p1|Kingambit, L50, F, shiny|\n|poke|p1|Sylveon, L50, F, shiny|\n|poke|p1|Raichu, L50, M, shiny|\n|poke|p1|Farigiraf, L50, F, shiny|\n|poke|p1|Basculegion, L50, M|\n|poke|p2|Arcanine-Hisui, L50, M|\n|poke|p2|Kingambit, L50, M|\n|poke|p2|Sylveon, L50, F|\n|poke|p2|Staraptor, L50, F|\n|poke|p2|Farigiraf, L50, F|\n|poke|p2|Raichu, L50, M|\n|teampreview|4\n|\n|t:|1788281375\n|teamsize|p1|4\n|teamsize|p2|4\n|start\n|switch|p1a: Sadie Sink|Sylveon, L50, F, shiny|100/100\n|switch|p1b: Basculegion|Basculegion, L50, M|100/100\n|switch|p2a: Cloud|Raichu, L50, M|100/100\n|switch|p2b: Aerith|Sylveon, L50, F|100/100\n|turn|1\n|\n|t:|1788281393\n|switch|p1a: Big Chu|Raichu, L50, M, shiny|100/100\n|detailschange|p2a: Cloud|Raichu-Mega-Y, L50, M\n|-mega|p2a: Cloud|Raichu|Raichunite Y\n|move|p1b: Basculegion|Wave Crash|p2b: Aerith\n|-damage|p2b: Aerith|2/100\n|-damage|p1b: Basculegion|68/100|[from] Recoil\n|move|p2a: Cloud|Zap Cannon|p1a: Big Chu\n|-activate|p1a: Big Chu|ability: Lightning Rod\n|-ability|p1a: Big Chu|Lightning Rod|boost\n|-boost|p1a: Big Chu|spa|1\n|move|p2b: Aerith|Hyper Voice|p1b: Basculegion|[spread] p1a,p1b\n|-damage|p1a: Big Chu|31/100\n|-damage|p1b: Basculegion|13/100\n|\n|upkeep\n|turn|2\n|\n|t:|1788281421\n|move|p2a: Cloud|Protect|p2a: Cloud\n|-singleturn|p2a: Cloud|Protect\n|move|p1a: Big Chu|Fake Out|p2b: Aerith\n|-damage|p2b: Aerith|0 fnt\n|faint|p2b: Aerith\n|move|p1b: Basculegion|Wave Crash|p2a: Cloud\n|-activate|p2a: Cloud|move: Protect\n|\n|upkeep\n|\n|t:|1788281429\n|switch|p2b: Barret|Kingambit, L50, M|100/100\n|turn|3\n|\n|t:|1788281451\n|switch|p1b: Fridge|Farigiraf, L50, F, shiny|100/100\n|detailschange|p1a: Big Chu|Raichu-Mega-Y, L50, M, shiny\n|-mega|p1a: Big Chu|Raichu|Raichunite Y\n|move|p1a: Big Chu|Focus Blast|p2b: Barret\n|-supereffective|p2b: Barret|2\n|-damage|p2b: Barret|0 fnt\n|faint|p2b: Barret\n|move|p2a: Cloud|Focus Blast|p1a: Big Chu\n|-damage|p1a: Big Chu|0 fnt\n|faint|p1a: Big Chu\n|\n|upkeep\n|\n|t:|1788281465\n|switch|p1a: Basculegion|Basculegion, L50, M|13/100\n|switch|p2b: RedXIII|Arcanine-Hisui, L50, M|100/100\n|turn|4\n|\n|t:|1788281494\n|move|p1a: Basculegion|Wave Crash|p2a: Cloud\n|-damage|p2a: Cloud|0 fnt\n|faint|p2a: Cloud\n|-damage|p1a: Basculegion|0 fnt|[from] Recoil\n|faint|p1a: Basculegion\n|move|p2b: RedXIII|Flare Blitz|p1b: Fridge\n|-damage|p1b: Fridge|51/100\n|move|p1b: Fridge|Trick Room|p1b: Fridge\n|-fieldstart|move: Trick Room|[of] p1b: Fridge\n|\n|upkeep\n|\n|t:|1788281498\n|switch|p1a: Sadie Sink|Sylveon, L50, F, shiny|100/100\n|turn|5\n|\n|t:|1788281511\n|move|p1b: Fridge|Psychic|p2b: RedXIII\n|-damage|p2b: RedXIII|60/100\n|move|p1a: Sadie Sink|Hyper Voice|p2b: RedXIII\n|-resisted|p2b: RedXIII|1\n|-damage|p2b: RedXIII|22/100\n|-damage|p1a: Sadie Sink|90/100|[from] item: Life Orb\n|move|p2b: RedXIII|Head Smash|p1a: Sadie Sink|[miss]\n|-miss|p2b: RedXIII|p1a: Sadie Sink\n|\n|upkeep\n|turn|6\n|-message|demobochiithegoon forfeited.\n|\n|win|testdigi\n","uploadtime":1788281354,"views":"0","formatid":"gen9championsvgc2026regmb","rating":null,"private":0,"password":null}