{"id":"gen9championsvgc2026regmbbo3-2674856100","format":"[Gen 9 Champions] VGC 2026 Reg M-B (Bo3)","players":["okkia3","snowyyyy123123"],"log":"|j|☆okkia3\n|j|☆snowyyyy123123\n|html|<table width=\"100%\"><tr><td align=\"left\">okkia3</td><td align=\"right\">snowyyyy123123</tr><tr><td align=\"left\"><i class=\"fa fa-circle-o\"></i> <i class=\"fa fa-circle-o\"></i> </td><td align=\"right\"><i class=\"fa fa-circle-o\"></i> <i class=\"fa fa-circle\"></i> </tr></table>\n|uhtml|bestof|<h2><strong>Game 2</strong> of <a href=\"/game-bestof3-gen9championsvgc2026regmbbo3-2674855002\">a best-of-3</a></h2>\n|t:|1788422301\n|gametype|doubles\n|player|p1|okkia3|102|1000\n|player|p2|snowyyyy123123|102|1000\n|gen|9\n|tier|[Gen 9 Champions] VGC 2026 Reg M-B (Bo3)\n|rated|\n|rule|Species Clause: Limit one of each Pokémon\n|rule|Item Clause: Limit 1 of each item\n|clearpoke\n|poke|p1|Charizard, L50, M|\n|poke|p1|Whimsicott, L50, F|\n|poke|p1|Basculegion, L50, M|\n|poke|p1|Farigiraf, L50, F|\n|poke|p1|Kangaskhan, L50, F|\n|poke|p1|Sneasler, L50, M|\n|poke|p2|Azumarill, L50, F|\n|poke|p2|Maushold, L50|\n|poke|p2|Sableye, L50, F|\n|poke|p2|Ariados, L50, F|\n|poke|p2|Qwilfish, L50, F|\n|poke|p2|Pelipper, L50, F|\n|teampreview|4\n|showteam|p1|Charizard||CharizarditeY|SolarPower|WeatherBall,HeatWave,SolarBeam,Protect|Timid||M|||50|]Whimsicott||FocusSash|Prankster|Moonblast,Tailwind,SunnyDay,Encore|Timid||F|||50|]Basculegion||ChoiceScarf|Adaptability|WaveCrash,AquaJet,LastRespects,FlipTurn|Adamant||M|||50|]Farigiraf||SitrusBerry|ArmorTail|Psychic,HyperVoice,HelpingHand,TrickRoom|Modest||F|||50|]Kangaskhan||Kangaskhanite|Scrappy|FakeOut,DoubleEdge,DrainPunch,SuckerPunch|Adamant||F|||50|]Sneasler||WhiteHerb|Unburden|FakeOut,CloseCombat,DireClaw,RockTomb|Adamant||M|||50|\n|showteam|p2|Azumarill||SitrusBerry|HugePower|AquaJet,PlayRough,BellyDrum,Protect|Adamant||F|||50|]Maushold||ChopleBerry|FriendGuard|FollowMe,SuperFang,Feint,Protect|Impish|||||50|]Sableye||RoseliBerry|Prankster|FakeOut,Quash,FoulPlay,WillOWisp|Careful||F|||50|]Ariados||OccaBerry|Insomnia|FirstImpression,RagePowder,ShadowSneak,PoisonJab|Adamant||F|||50|]Qwilfish||LifeOrb|SwiftSwim|PoisonJab,Liquidation,SelfDestruct,Protect|Adamant||F|||50|]Pelipper||FocusSash|Drizzle|Hurricane,WeatherBall,Tailwind,WideGuard|Modest||F|||50|\n|inactive|Battle timer is ON: inactive players will automatically lose when time's up. (requested by okkia3)\n|\n|t:|1788422325\n|teamsize|p1|4\n|teamsize|p2|4\n|start\n|switch|p1a: Charizard|Charizard, L50, M|100/100\n|switch|p1b: Basculegion|Basculegion, L50, M|100/100\n|switch|p2a: Sableye|Sableye, L50, F|100/100\n|switch|p2b: Azumarill|Azumarill, L50, F|100/100\n|turn|1\n|\n|t:|1788422339\n|detailschange|p1a: Charizard|Charizard-Mega-Y, L50, M\n|-mega|p1a: Charizard|Charizard|Charizardite Y\n|-weather|SunnyDay|[from] ability: Drought|[of] p1a: Charizard\n|move|p2a: Sableye|Fake Out|p1a: Charizard\n|-damage|p1a: Charizard|85/100\n|move|p1b: Basculegion|Wave Crash|p2a: Sableye\n|-damage|p2a: Sableye|22/100\n|-damage|p1b: Basculegion|83/100|[from] Recoil\n|cant|p1a: Charizard|flinch\n|move|p2b: Azumarill|Belly Drum|p2b: Azumarill\n|-damage|p2b: Azumarill|50/100y\n|-setboost|p2b: Azumarill|atk|6|[from] move: Belly Drum\n|-enditem|p2b: Azumarill|Sitrus Berry|[eat]\n|-heal|p2b: Azumarill|74/100|[from] item: Sitrus Berry\n|\n|-weather|SunnyDay|[upkeep]\n|upkeep\n|turn|2\n|inactive|snowyyyy123123 has 30 seconds left.\n|inactive|snowyyyy123123 has 20 seconds left.\n|\n|t:|1788422375\n|switch|p1b: Sneasler|Sneasler, L50, M|100/100\n|move|p2a: Sableye|Will-O-Wisp|p1b: Sneasler|[miss]\n|-miss|p2a: Sableye|p1b: Sneasler\n|move|p2b: Azumarill|Aqua Jet|p1a: Charizard\n|-supereffective|p1a: Charizard|1\n|-damage|p1a: Charizard|0 fnt\n|faint|p1a: Charizard\n|\n|-weather|SunnyDay|[upkeep]\n|upkeep\n|\n|t:|1788422375\n|switch|p1a: Basculegion|Basculegion, L50, M|83/100\n|turn|3\n|\n|t:|1788422396\n|switch|p1a: Farigiraf|Farigiraf, L50, F|100/100\n|move|p2b: Azumarill|Protect|p2b: Azumarill\n|-singleturn|p2b: Azumarill|Protect\n|move|p2a: Sableye|Will-O-Wisp||[still]\n|cant|p1a: Farigiraf|ability: Armor Tail|Will-O-Wisp|[of] p2a: Sableye\n|move|p1b: Sneasler|Dire Claw|p2b: Azumarill\n|-activate|p2b: Azumarill|move: Protect\n|\n|-weather|SunnyDay|[upkeep]\n|upkeep\n|turn|4\n|\n|t:|1788422419\n|move|p1b: Sneasler|Dire Claw|p2b: Azumarill\n|-supereffective|p2b: Azumarill|1\n|-damage|p2b: Azumarill|0 fnt\n|faint|p2b: Azumarill\n|move|p2a: Sableye|Foul Play|p1b: Sneasler\n|-resisted|p1b: Sneasler|1\n|-damage|p1b: Sneasler|52/100\n|move|p1a: Farigiraf|Trick Room|p1a: Farigiraf\n|-fieldstart|move: Trick Room|[of] p1a: Farigiraf\n|\n|-weather|SunnyDay|[upkeep]\n|upkeep\n|\n|t:|1788422431\n|switch|p2b: Pelipper|Pelipper, L50, F|100/100\n|-weather|RainDance|[from] ability: Drizzle|[of] p2b: Pelipper\n|turn|5\n|\n|t:|1788422440\n|move|p2a: Sableye|Foul Play|p1b: Sneasler\n|-resisted|p1b: Sneasler|1\n|-damage|p1b: Sneasler|4/100\n|move|p1a: Farigiraf|Psychic|p2b: Pelipper\n|-damage|p2b: Pelipper|40/100\n|move|p2b: Pelipper|Weather Ball|p1a: Farigiraf\n|-damage|p1a: Farigiraf|41/100\n|-enditem|p1a: Farigiraf|Sitrus Berry|[eat]\n|-heal|p1a: Farigiraf|66/100|[from] item: Sitrus Berry\n|move|p1b: Sneasler|Dire Claw|p2a: Sableye\n|-resisted|p2a: Sableye|1\n|-damage|p2a: Sableye|0 fnt\n|faint|p2a: Sableye\n|\n|-weather|RainDance|[upkeep]\n|upkeep\n|\n|t:|1788422455\n|switch|p2a: Qwilfish|Qwilfish, L50, F|100/100\n|turn|6\n|\n|t:|1788422464\n|move|p1a: Farigiraf|Psychic|p2a: Qwilfish\n|-supereffective|p2a: Qwilfish|1\n|-damage|p2a: Qwilfish|0 fnt\n|faint|p2a: Qwilfish\n|move|p2b: Pelipper|Weather Ball|p1a: Farigiraf\n|-damage|p1a: Farigiraf|7/100\n|move|p1b: Sneasler|Dire Claw|p2b: Pelipper\n|-crit|p2b: Pelipper\n|-damage|p2b: Pelipper|0 fnt\n|faint|p2b: Pelipper\n|\n|win|okkia3\n","uploadtime":1788422464,"views":"0","formatid":"gen9championsvgc2026regmbbo3","rating":null,"private":0,"password":null}