{"id":"gen9championsvgc2026regmbbo3-2673876393","format":"[Gen 9 Champions] VGC 2026 Reg M-B (Bo3)","players":["raksbach","Bobby_and_Jeffy"],"log":"|j|☆raksbach\n|j|☆Bobby_and_Jeffy\n|html|<table width=\"100%\"><tr><td align=\"left\">raksbach</td><td align=\"right\">Bobby_and_Jeffy</tr><tr><td align=\"left\"><i class=\"fa fa-circle\"></i> <i class=\"fa fa-circle-o\"></i> </td><td align=\"right\"><i class=\"fa fa-circle-o\"></i> <i class=\"fa fa-circle-o\"></i> </tr></table>\n|uhtml|bestof|<h2><strong>Game 2</strong> of <a href=\"/game-bestof3-gen9championsvgc2026regmbbo3-2673874565\">a best-of-3</a></h2>\n|t:|1788271883\n|gametype|doubles\n|player|p1|raksbach|doubleteam|1136\n|player|p2|Bobby_and_Jeffy|lucas|1067\n|gen|9\n|tier|[Gen 9 Champions] VGC 2026 Reg M-B (Bo3)\n|rated|\n|rule|Species Clause: Limit one of each Pokémon\n|rule|Item Clause: Limit 1 of each item\n|clearpoke\n|poke|p1|Dragonite, L50, F|\n|poke|p1|Sneasler, L50, M|\n|poke|p1|Basculegion, L50, M|\n|poke|p1|Kingambit, L50, M|\n|poke|p1|Garchomp, L50, F|\n|poke|p1|Floette-Eternal, L50, F|\n|poke|p2|Charizard, L50, M|\n|poke|p2|Floette-Eternal, L50, F|\n|poke|p2|Venusaur, L50, M|\n|poke|p2|Garchomp, L50, F|\n|poke|p2|Incineroar, L50, F|\n|poke|p2|Sinistcha, L50|\n|teampreview|4\n|showteam|p1|Dragonite||Dragoninite|Multiscale|DragonPulse,HeatWave,ExtremeSpeed,Protect|Modest||F|||50|]Sneasler||FocusSash|PoisonTouch|CloseCombat,DireClaw,FakeOut,Feint|Jolly||M|||50|]Basculegion||LifeOrb|Adaptability|WaveCrash,LastRespects,AquaJet,Protect|Adamant||M|||50|]Kingambit||ChopleBerry|Defiant|SuckerPunch,KowtowCleave,LowKick,IronHead|Adamant||M|||50|]Garchomp||ChoiceScarf|RoughSkin|DragonClaw,StompingTantrum,Earthquake,RockSlide|Adamant||F|||50|]Floette-Eternal||Floettite|FlowerVeil|Moonblast,DazzlingGleam,LightofRuin,Protect|Timid||F|||50|\n|showteam|p2|Charizard||CharizarditeY|Blaze|HeatWave,SolarBeam,WeatherBall,Protect|Timid||M|||50|]Floette-Eternal||Floettite|FlowerVeil|Moonblast,DazzlingGleam,CalmMind,Protect|Modest||F|||50|]Venusaur||FocusSash|Chlorophyll|SleepPowder,SolarBeam,EarthPower,Protect|Modest||M|||50|]Garchomp||ChoiceScarf|RoughSkin|Earthquake,RockSlide,StompingTantrum,DragonClaw|Jolly||F|||50|]Incineroar||SitrusBerry|Intimidate|FakeOut,FlareBlitz,PartingShot,ThroatChop|Careful||F|||50|]Sinistcha||KasibBerry|Hospitality|MatchaGotcha,RagePowder,TrickRoom,Protect|Relaxed|||||50|\n|inactive|Battle timer is ON: inactive players will automatically lose when time's up. (requested by Bobby_and_Jeffy)\n|inactive|raksbach also wants the timer to be on.\n|\n|t:|1788271897\n|teamsize|p1|4\n|teamsize|p2|4\n|start\n|switch|p1a: Kingambit|Kingambit, L50, M|100/100\n|switch|p1b: Sneasler|Sneasler, L50, M|100/100\n|switch|p2a: Incineroar|Incineroar, L50, F|100/100\n|switch|p2b: Charizard|Charizard, L50, M|100/100\n|-ability|p2a: Incineroar|Intimidate|boost\n|-unboost|p1a: Kingambit|atk|1\n|-ability|p1a: Kingambit|Defiant|boost\n|-boost|p1a: Kingambit|atk|2\n|-unboost|p1b: Sneasler|atk|1\n|turn|1\n|c|☆Bobby_and_Jeffy|if only I got a flinch on basc\n|\n|t:|1788271912\n|detailschange|p2b: Charizard|Charizard-Mega-Y, L50, M\n|-mega|p2b: Charizard|Charizard|Charizardite Y\n|-weather|SunnyDay|[from] ability: Drought|[of] p2b: Charizard\n|move|p2b: Charizard|Protect|p2b: Charizard\n|-singleturn|p2b: Charizard|Protect\n|move|p1b: Sneasler|Fake Out|p2a: Incineroar\n|-damage|p2a: Incineroar|92/100\n|cant|p2a: Incineroar|flinch\n|move|p1a: Kingambit|Low Kick|p2a: Incineroar\n|-supereffective|p2a: Incineroar|1\n|-damage|p2a: Incineroar|19/100\n|-enditem|p2a: Incineroar|Sitrus Berry|[eat]\n|-heal|p2a: Incineroar|44/100|[from] item: Sitrus Berry\n|\n|-weather|SunnyDay|[upkeep]\n|upkeep\n|turn|2\n|\n|t:|1788271933\n|move|p1a: Kingambit|Sucker Punch|p2b: Charizard\n|-damage|p2b: Charizard|20/100y\n|move|p1b: Sneasler|Close Combat|p2a: Incineroar\n|-supereffective|p2a: Incineroar|1\n|-damage|p2a: Incineroar|0 fnt\n|-unboost|p1b: Sneasler|def|1\n|-unboost|p1b: Sneasler|spd|1\n|faint|p2a: Incineroar\n|move|p2b: Charizard|Heat Wave|p1b: Sneasler|[spread] p1a,p1b\n|-supereffective|p1a: Kingambit|1\n|-damage|p1a: Kingambit|0 fnt\n|-enditem|p1b: Sneasler|Focus Sash\n|-damage|p1b: Sneasler|1/100\n|faint|p1a: Kingambit\n|\n|-weather|SunnyDay|[upkeep]\n|upkeep\n|c|☆Bobby_and_Jeffy|gg\n|\n|t:|1788271949\n|switch|p2a: Garchomp|Garchomp, L50, F|100/100\n|switch|p1a: Dragonite|Dragonite, L50, F|100/100\n|turn|3\n|\n|t:|1788271969\n|detailschange|p1a: Dragonite|Dragonite-Mega, L50, F\n|-mega|p1a: Dragonite|Dragonite|Dragoninite\n|move|p1b: Sneasler|Feint|p2b: Charizard\n|-damage|p2b: Charizard|10/100\n|move|p1a: Dragonite|Extreme Speed|p2b: Charizard\n|-damage|p2b: Charizard|0 fnt\n|faint|p2b: Charizard\n|move|p2a: Garchomp|Rock Slide|p1b: Sneasler|[spread] p1a\n|-miss|p2a: Garchomp|p1b: Sneasler\n|-supereffective|p1a: Dragonite|1\n|-damage|p1a: Dragonite|82/100\n|\n|-weather|SunnyDay|[upkeep]\n|upkeep\n|c|☆Bobby_and_Jeffy|how\n|\n|t:|1788271980\n|switch|p2b: Venusaur|Venusaur, L50, M|100/100\n|turn|4\n|inactive|raksbach has 30 seconds left.\n|\n|t:|1788272006\n|switch|p1b: Basculegion|Basculegion, L50, M|100/100\n|move|p1a: Dragonite|Protect|p1a: Dragonite\n|-singleturn|p1a: Dragonite|Protect\n|move|p2b: Venusaur|Sleep Powder|p1a: Dragonite\n|-activate|p1a: Dragonite|move: Protect\n|move|p2a: Garchomp|Rock Slide|p1b: Basculegion|[spread] p1b\n|-activate|p1a: Dragonite|move: Protect\n|-damage|p1b: Basculegion|76/100\n|\n|-weather|SunnyDay|[upkeep]\n|upkeep\n|turn|5\n|\n|t:|1788272024\n|move|p1b: Basculegion|Protect|p1b: Basculegion\n|-singleturn|p1b: Basculegion|Protect\n|move|p2b: Venusaur|Solar Beam||[still]\n|-prepare|p2b: Venusaur|Solar Beam\n|-anim|p2b: Venusaur|Solar Beam|p1b: Basculegion\n|-activate|p1b: Basculegion|move: Protect\n|move|p2a: Garchomp|Rock Slide|p1b: Basculegion|[spread] p1a\n|-activate|p1b: Basculegion|move: Protect\n|-supereffective|p1a: Dragonite|1\n|-damage|p1a: Dragonite|42/100\n|cant|p1a: Dragonite|flinch\n|\n|-weather|none\n|upkeep\n|turn|6\n|c|☆raksbach|Bro xd\n|inactive|raksbach has 30 seconds left.\n|\n|t:|1788272053\n|move|p2a: Garchomp|Rock Slide|p1a: Dragonite|[spread] p1a,p1b\n|-supereffective|p1a: Dragonite|1\n|-damage|p1a: Dragonite|7/100\n|-damage|p1b: Basculegion|51/100\n|move|p1a: Dragonite|Dragon Pulse|p2a: Garchomp\n|-supereffective|p2a: Garchomp|1\n|-damage|p2a: Garchomp|0 fnt\n|faint|p2a: Garchomp\n|move|p2b: Venusaur|Sleep Powder|p1b: Basculegion|[miss]\n|-miss|p2b: Venusaur|p1b: Basculegion\n|cant|p1b: Basculegion|flinch\n|\n|upkeep\n|turn|7\n|c|☆Bobby_and_Jeffy|gg\n|\n|t:|1788272075\n|switch|p1a: Sneasler|Sneasler, L50, M|1/100\n|move|p1b: Basculegion|Protect|p1b: Basculegion\n|-singleturn|p1b: Basculegion|Protect\n|move|p2b: Venusaur|Sleep Powder|p1b: Basculegion\n|-activate|p1b: Basculegion|move: Protect\n|\n|upkeep\n|turn|8\n|\n|t:|1788272088\n|move|p1a: Sneasler|Fake Out|p2b: Venusaur\n|-damage|p2b: Venusaur|81/100\n|cant|p2b: Venusaur|flinch\n|move|p1b: Basculegion|Last Respects|p2b: Venusaur\n|-damage|p2b: Venusaur|0 fnt\n|faint|p2b: Venusaur\n|-damage|p1b: Basculegion|42/100|[from] item: Life Orb\n|\n|win|raksbach\n|raw|raksbach's rating: 1136 &rarr; <strong>1156</strong><br />(+20 for winning)\n|raw|Bobby_and_Jeffy's rating: 1067 &rarr; <strong>1051</strong><br />(-16 for losing)\n","uploadtime":1788272089,"views":"0","formatid":"gen9championsvgc2026regmbbo3","rating":1051,"private":0,"password":null}