{"id":"gen9championsvgc2026regmbbo3-2674369532","format":"[Gen 9 Champions] VGC 2026 Reg M-B (Bo3)","players":["RandomDuVGCDZ","Pablon999"],"log":"|j|☆RandomDuVGCDZ\n|j|☆Pablon999\n|html|<table width=\"100%\"><tr><td align=\"left\">RandomDuVGCDZ</td><td align=\"right\">Pablon999</tr><tr><td align=\"left\"><i class=\"fa fa-circle-o\"></i> <i class=\"fa fa-circle-o\"></i> </td><td align=\"right\"><i class=\"fa fa-circle-o\"></i> <i class=\"fa fa-circle-o\"></i> </tr></table>\n|uhtml|bestof|<h2><strong>Game 1</strong> of <a href=\"/game-bestof3-gen9championsvgc2026regmbbo3-2674369529\">a best-of-3</a></h2>\n|t:|1788350301\n|gametype|doubles\n|player|p1|RandomDuVGCDZ|1|1032\n|player|p2|Pablon999|170|1135\n|gen|9\n|tier|[Gen 9 Champions] VGC 2026 Reg M-B (Bo3)\n|rated|\n|rule|Species Clause: Limit one of each Pokémon\n|rule|Item Clause: Limit 1 of each item\n|clearpoke\n|poke|p1|Raichu, L50, F|\n|poke|p1|Staraptor, L50, F|\n|poke|p1|Arcanine-Hisui, L50, M|\n|poke|p1|Farigiraf, L50, M|\n|poke|p1|Sylveon, L50, F|\n|poke|p1|Kingambit, L50, M|\n|poke|p2|Incineroar, L50, M|\n|poke|p2|Toxapex, L50, M|\n|poke|p2|Garchomp, L50, F|\n|poke|p2|Charizard, L50, M|\n|poke|p2|Venusaur, L50, M|\n|poke|p2|Sylveon, L50, M|\n|teampreview|4\n|showteam|p1|Raichu||RaichuniteY|LightningRod|ZapCannon,FocusBlast,FakeOut,Protect|Timid||F|||50|]Staraptor||Staraptite|Intimidate|CloseCombat,DualWingbeat,Tailwind,Protect|Jolly||F|||50|]Arcanine-Hisui||FocusSash|RockHead|FlareBlitz,HeadSmash,ExtremeSpeed,Protect|Jolly||M|||50|]Farigiraf||SitrusBerry|ArmorTail|Psychic,HelpingHand,TrickRoom,Protect|Calm||M|||50|]Sylveon||FairyFeather|Pixilate|HyperVoice,QuickAttack,HyperBeam,Detect|Modest||F|||50|]Kingambit||LifeOrb|Defiant|KowtowCleave,SuckerPunch,SwordsDance,Protect|Adamant||M|||50|\n|showteam|p2|Incineroar||SitrusBerry|Intimidate|FakeOut,PartingShot,FlareBlitz,Protect|Impish||M|||50|]Toxapex||Leftovers|Regenerator|BanefulBunker,Infestation,Toxic,WideGuard|Relaxed||M|||50|]Garchomp||ChoiceScarf|RoughSkin|StompingTantrum,Earthquake,DragonClaw,RockSlide|Adamant||F|||50|]Charizard||CharizarditeY|Blaze|Protect,HeatWave,AncientPower,WeatherBall|Modest||M|||50|]Venusaur||FocusSash|Chlorophyll|Protect,SludgeBomb,EarthPower,SleepPowder|Modest||M|||50|]Sylveon||FairyFeather|Pixilate|Detect,HyperVoice,QuickAttack,Yawn|Quiet||M|||50|\n|inactive|Battle timer is ON: inactive players will automatically lose when time's up. (requested by RandomDuVGCDZ)\n|inactive|RandomDuVGCDZ has 60 seconds left.\n|inactive|RandomDuVGCDZ has 30 seconds left.\n|inactive|RandomDuVGCDZ has 20 seconds left.\n|inactive|RandomDuVGCDZ has 15 seconds left.\n|inactive|RandomDuVGCDZ has 10 seconds left.\n|\n|t:|1788350384\n|teamsize|p1|4\n|teamsize|p2|4\n|start\n|switch|p1a: Raichu|Raichu, L50, F|100/100\n|switch|p1b: Staraptor|Staraptor, L50, F|100/100\n|switch|p2a: Incineroar|Incineroar, L50, M|100/100\n|switch|p2b: Toxapex|Toxapex, L50, M|100/100\n|-ability|p1b: Staraptor|Intimidate|boost\n|-unboost|p2a: Incineroar|atk|1\n|-unboost|p2b: Toxapex|atk|1\n|-ability|p2a: Incineroar|Intimidate|boost\n|-unboost|p1a: Raichu|atk|1\n|-unboost|p1b: Staraptor|atk|1\n|turn|1\n|inactive|Pablon999 has 30 seconds left.\n|\n|t:|1788350414\n|switch|p1b: Farigiraf|Farigiraf, L50, M|100/100\n|switch|p2a: Charizard|Charizard, L50, M|100/100\n|detailschange|p1a: Raichu|Raichu-Mega-Y, L50, F\n|-mega|p1a: Raichu|Raichu|Raichunite Y\n|move|p2b: Toxapex|Baneful Bunker|p2b: Toxapex\n|-singleturn|p2b: Toxapex|move: Protect\n|move|p1a: Raichu|Zap Cannon|p2b: Toxapex\n|-activate|p2b: Toxapex|move: Protect\n|\n|upkeep\n|turn|2\n|inactive|RandomDuVGCDZ has 30 seconds left.\n|inactive|Pablon999 has 30 seconds left.\n|inactive|Pablon999 has 20 seconds left.\n|inactive|RandomDuVGCDZ has 20 seconds left.\n|inactive|RandomDuVGCDZ has 15 seconds left.\n|\n|t:|1788350460\n|switch|p2b: Garchomp|Garchomp, L50, F|100/100\n|move|p2a: Charizard|Protect|p2a: Charizard\n|-singleturn|p2a: Charizard|Protect\n|move|p1a: Raichu|Zap Cannon|p2b: Garchomp\n|-immune|p2b: Garchomp\n|move|p1b: Farigiraf|Psychic|p2a: Charizard\n|-activate|p2a: Charizard|move: Protect\n|\n|upkeep\n|turn|3\n|\n|t:|1788350474\n|switch|p1a: Staraptor|Staraptor, L50, F|100/100\n|-ability|p1a: Staraptor|Intimidate|boost\n|-unboost|p2a: Charizard|atk|1\n|-unboost|p2b: Garchomp|atk|1\n|switch|p2a: Incineroar|Incineroar, L50, M|100/100\n|-ability|p2a: Incineroar|Intimidate|boost\n|-unboost|p1a: Staraptor|atk|1\n|-unboost|p1b: Farigiraf|atk|1\n|move|p2b: Garchomp|Stomping Tantrum|p1a: Staraptor\n|-immune|p1a: Staraptor\n|move|p1b: Farigiraf|Trick Room|p1b: Farigiraf\n|-fieldstart|move: Trick Room|[of] p1b: Farigiraf\n|\n|upkeep\n|turn|4\n|\n|t:|1788350497\n|switch|p2b: Toxapex|Toxapex, L50, M|100/100\n|move|p1b: Farigiraf|Helping Hand|p1a: Staraptor\n|-singleturn|p1a: Staraptor|Helping Hand|[of] p1b: Farigiraf\n|move|p2a: Incineroar|Parting Shot|p1b: Farigiraf\n|-unboost|p1b: Farigiraf|atk|1\n|-unboost|p1b: Farigiraf|spa|1\n|\n|t:|1788350510\n|switch|p2a: Charizard|Charizard, L50, M|100/100|[from] Parting Shot\n|move|p1a: Staraptor|Close Combat|p2a: Charizard\n|-resisted|p2a: Charizard|1\n|-damage|p2a: Charizard|74/100\n|-unboost|p1a: Staraptor|def|1\n|-unboost|p1a: Staraptor|spd|1\n|\n|upkeep\n|turn|5\n|\n|t:|1788350527\n|switch|p1a: Raichu|Raichu-Mega-Y, L50, F|100/100\n|detailschange|p2a: Charizard|Charizard-Mega-Y, L50, M\n|-mega|p2a: Charizard|Charizard|Charizardite Y\n|-weather|SunnyDay|[from] ability: Drought|[of] p2a: Charizard\n|move|p2b: Toxapex|Infestation|p1b: Farigiraf\n|-supereffective|p1b: Farigiraf|1\n|-damage|p1b: Farigiraf|94/100\n|-activate|p1b: Farigiraf|move: Infestation|[of] p2b: Toxapex\n|move|p2a: Charizard|Heat Wave|p1a: Raichu|[spread] p1a,p1b\n|-damage|p1a: Raichu|7/100\n|-damage|p1b: Farigiraf|33/100\n|-enditem|p1b: Farigiraf|Sitrus Berry|[eat]\n|-heal|p1b: Farigiraf|58/100|[from] item: Sitrus Berry\n|move|p1b: Farigiraf|Trick Room|p1b: Farigiraf\n|-fieldend|move: Trick Room\n|\n|-weather|SunnyDay|[upkeep]\n|-damage|p1b: Farigiraf|46/100|[from] move: Infestation|[partiallytrapped]\n|upkeep\n|turn|6\n|\n|t:|1788350552\n|switch|p2a: Garchomp|Garchomp, L50, F|100/100\n|move|p2b: Toxapex|Baneful Bunker|p2b: Toxapex\n|-singleturn|p2b: Toxapex|move: Protect\n|move|p1a: Raichu|Zap Cannon|p2a: Garchomp\n|-immune|p2a: Garchomp\n|move|p1b: Farigiraf|Psychic|p2b: Toxapex\n|-activate|p2b: Toxapex|move: Protect\n|\n|-weather|SunnyDay|[upkeep]\n|-damage|p1b: Farigiraf|33/100|[from] move: Infestation|[partiallytrapped]\n|upkeep\n|turn|7\n|\n|t:|1788350568\n|switch|p1a: Staraptor|Staraptor, L50, F|100/100\n|-ability|p1a: Staraptor|Intimidate|boost\n|-unboost|p2a: Garchomp|atk|1\n|-unboost|p2b: Toxapex|atk|1\n|move|p2a: Garchomp|Rock Slide|p1a: Staraptor|[spread] p1a,p1b\n|-supereffective|p1a: Staraptor|1\n|-damage|p1a: Staraptor|63/100\n|-damage|p1b: Farigiraf|21/100\n|move|p1b: Farigiraf|Psychic|p2b: Toxapex\n|-supereffective|p2b: Toxapex|1\n|-damage|p2b: Toxapex|64/100\n|move|p2b: Toxapex|Toxic|p1b: Farigiraf\n|-status|p1b: Farigiraf|tox\n|\n|-weather|SunnyDay|[upkeep]\n|-heal|p2b: Toxapex|70/100|[from] item: Leftovers\n|-damage|p1b: Farigiraf|15/100 tox|[from] psn\n|-damage|p1b: Farigiraf|2/100 tox|[from] move: Infestation|[partiallytrapped]\n|upkeep\n|turn|8\n|\n|t:|1788350587\n|switch|p2a: Incineroar|Incineroar, L50, M|100/100\n|-ability|p2a: Incineroar|Intimidate|boost\n|-unboost|p1a: Staraptor|atk|1\n|-unboost|p1b: Farigiraf|atk|1\n|move|p2b: Toxapex|Baneful Bunker|p2b: Toxapex\n|-singleturn|p2b: Toxapex|move: Protect\n|move|p1a: Staraptor|Tailwind|p1a: Staraptor\n|-sidestart|p1: RandomDuVGCDZ|move: Tailwind\n|move|p1b: Farigiraf|Psychic|p2b: Toxapex\n|-activate|p2b: Toxapex|move: Protect\n|\n|-weather|SunnyDay|[upkeep]\n|-heal|p2b: Toxapex|75/100|[from] item: Leftovers\n|-damage|p1b: Farigiraf|0 fnt|[from] psn\n|faint|p1b: Farigiraf\n|upkeep\n|\n|t:|1788350595\n|switch|p1b: Sylveon|Sylveon, L50, F|100/100\n|turn|9\n|inactive|Pablon999 has 30 seconds left.\n|\n|t:|1788350625\n|move|p1a: Staraptor|Close Combat|p2a: Incineroar\n|-supereffective|p2a: Incineroar|1\n|-damage|p2a: Incineroar|61/100\n|-unboost|p1a: Staraptor|def|1\n|-unboost|p1a: Staraptor|spd|1\n|move|p1b: Sylveon|Hyper Voice|p2b: Toxapex|[spread] p2a,p2b\n|-resisted|p2b: Toxapex|1\n|-damage|p2a: Incineroar|19/100\n|-damage|p2b: Toxapex|58/100\n|-enditem|p2a: Incineroar|Sitrus Berry|[eat]\n|-heal|p2a: Incineroar|44/100|[from] item: Sitrus Berry\n|move|p2a: Incineroar|Parting Shot|p1a: Staraptor\n|-unboost|p1a: Staraptor|atk|1\n|-unboost|p1a: Staraptor|spa|1\n|\n|t:|1788350637\n|switch|p2a: Garchomp|Garchomp, L50, F|100/100|[from] Parting Shot\n|move|p2b: Toxapex|Infestation|p1a: Staraptor\n|-resisted|p1a: Staraptor|1\n|-crit|p1a: Staraptor\n|-damage|p1a: Staraptor|58/100\n|-activate|p1a: Staraptor|move: Infestation|[of] p2b: Toxapex\n|\n|-weather|none\n|-heal|p2b: Toxapex|64/100|[from] item: Leftovers\n|-damage|p1a: Staraptor|46/100|[from] move: Infestation|[partiallytrapped]\n|upkeep\n|turn|10\n|\n|t:|1788350650\n|-heal|p2b: Toxapex|97/100|[from] ability: Regenerator|[silent]\n|switch|p2b: Charizard|Charizard-Mega-Y, L50, M|74/100\n|-weather|SunnyDay|[from] ability: Drought|[of] p2b: Charizard\n|move|p1a: Staraptor|Dual Wingbeat|p2b: Charizard\n|-damage|p2b: Charizard|59/100\n|-damage|p2b: Charizard|47/100\n|-hitcount|p2b: Charizard|2\n|move|p2a: Garchomp|Rock Slide|p1b: Sylveon|[spread] p1a,p1b\n|-supereffective|p1a: Staraptor|1\n|-crit|p1b: Sylveon\n|-damage|p1a: Staraptor|0 fnt\n|-damage|p1b: Sylveon|66/100\n|faint|p1a: Staraptor\n|move|p1b: Sylveon|Hyper Voice|p2a: Garchomp|[spread] p2a,p2b\n|-supereffective|p2a: Garchomp|1\n|-resisted|p2b: Charizard|1\n|-damage|p2a: Garchomp|1/100\n|-damage|p2b: Charizard|23/100\n|\n|-weather|SunnyDay|[upkeep]\n|upkeep\n|\n|t:|1788350661\n|switch|p1a: Raichu|Raichu-Mega-Y, L50, F|7/100\n|turn|11\n|\n|t:|1788350676\n|move|p1a: Raichu|Focus Blast|p2a: Garchomp\n|-damage|p2a: Garchomp|0 fnt\n|faint|p2a: Garchomp\n|move|p1b: Sylveon|Hyper Voice|p2b: Charizard\n|-resisted|p2b: Charizard|1\n|-damage|p2b: Charizard|0 fnt\n|faint|p2b: Charizard\n|\n|-weather|SunnyDay|[upkeep]\n|-sideend|p1: RandomDuVGCDZ|move: Tailwind\n|upkeep\n|\n|t:|1788350680\n|switch|p2b: Toxapex|Toxapex, L50, M|97/100\n|switch|p2a: Incineroar|Incineroar, L50, M|44/100\n|-ability|p2a: Incineroar|Intimidate|boost\n|-unboost|p1a: Raichu|atk|1\n|-unboost|p1b: Sylveon|atk|1\n|turn|12\n|\n|t:|1788350693\n|move|p1a: Raichu|Protect|p1a: Raichu\n|-singleturn|p1a: Raichu|Protect\n|move|p1b: Sylveon|Detect|p1b: Sylveon\n|-singleturn|p1b: Sylveon|Protect\n|move|p2a: Incineroar|Fake Out|p1b: Sylveon\n|-activate|p1b: Sylveon|move: Protect\n|move|p2b: Toxapex|Toxic|p1b: Sylveon\n|-activate|p1b: Sylveon|move: Protect\n|\n|-weather|SunnyDay|[upkeep]\n|-heal|p2b: Toxapex|100/100|[from] item: Leftovers\n|upkeep\n|turn|13\n|\n|t:|1788350704\n|move|p2b: Toxapex|Baneful Bunker|p2b: Toxapex\n|-singleturn|p2b: Toxapex|move: Protect\n|move|p1a: Raichu|Focus Blast|p2a: Incineroar\n|-supereffective|p2a: Incineroar|1\n|-damage|p2a: Incineroar|0 fnt\n|faint|p2a: Incineroar\n|move|p1b: Sylveon|Hyper Voice|p2b: Toxapex\n|-activate|p2b: Toxapex|move: Protect\n|\n|-weather|SunnyDay|[upkeep]\n|upkeep\n|turn|14\n|\n|t:|1788350711\n|move|p1a: Raichu|Zap Cannon|p2b: Toxapex\n|-supereffective|p2b: Toxapex|1\n|-damage|p2b: Toxapex|8/100\n|-status|p2b: Toxapex|par\n|move|p1b: Sylveon|Hyper Voice|p2b: Toxapex\n|-resisted|p2b: Toxapex|1\n|-damage|p2b: Toxapex|0 fnt\n|faint|p2b: Toxapex\n|\n|win|RandomDuVGCDZ\n||Pablon999 is ready for game 2.\n","uploadtime":1788350719,"views":"2","formatid":"gen9championsvgc2026regmbbo3","rating":null,"private":0,"password":null}