{"id":"gen9championsvgc2026regmbbo3-2673520605","format":"[Gen 9 Champions] VGC 2026 Reg M-B (Bo3)","players":["w0rms4f1ng3rs","Jolt31"],"log":"|j|☆w0rms4f1ng3rs\n|j|☆Jolt31\n|html|<table width=\"100%\"><tr><td align=\"left\">w0rms4f1ng3rs</td><td align=\"right\">Jolt31</tr><tr><td align=\"left\"><i class=\"fa fa-circle-o\"></i> <i class=\"fa fa-circle-o\"></i> </td><td align=\"right\"><i class=\"fa fa-circle-o\"></i> <i class=\"fa fa-circle-o\"></i> </tr></table>\n|uhtml|bestof|<h2><strong>Game 1</strong> of <a href=\"/game-bestof3-gen9championsvgc2026regmbbo3-2673520604\">a best-of-3</a></h2>\n|t:|1788207880\n|gametype|doubles\n|player|p1|w0rms4f1ng3rs|zinzolin|1192\n|player|p2|Jolt31|barry|1238\n|gen|9\n|tier|[Gen 9 Champions] VGC 2026 Reg M-B (Bo3)\n|rated|\n|rule|Species Clause: Limit one of each Pokémon\n|rule|Item Clause: Limit 1 of each item\n|clearpoke\n|poke|p1|Charizard, L50, F, shiny|\n|poke|p1|Whimsicott, L50, M|\n|poke|p1|Kingambit, L50, M|\n|poke|p1|Basculegion, L50, M|\n|poke|p1|Garchomp, L50, M|\n|poke|p1|Floette-Eternal, L50, F|\n|poke|p2|Froslass, L50, F|\n|poke|p2|Scovillain, L50, F|\n|poke|p2|Basculegion, L50, M|\n|poke|p2|Lycanroc-Dusk, L50, M|\n|poke|p2|Sneasler, L50, F|\n|poke|p2|Kingambit, L50, M|\n|teampreview|4\n|showteam|p1|Charizard||CharizarditeY|Blaze|HeatWave,WeatherBall,SolarBeam,Protect|Modest||F|||50|]Whimsicott||FocusSash|Prankster|Moonblast,Encore,Tailwind,Protect|Timid||M|||50|]Kingambit||OccaBerry|Defiant|KowtowCleave,SuckerPunch,IronHead,LowKick|Adamant||M|||50|]Basculegion||MysticWater|Adaptability|WaveCrash,LastRespects,AquaJet,Protect|Adamant||M|||50|]Garchomp||LifeOrb|RoughSkin|Earthquake,DragonClaw,RockSlide,Protect|Jolly||M|||50|]Floette-Eternal||Floettite|FlowerVeil|Moonblast,DazzlingGleam,LightofRuin,Protect|Timid||F|||50|\n|showteam|p2|Froslass||Froslassite|CursedBody|Blizzard,AuroraVeil,ShadowBall,Protect|Timid||F|||50|]Scovillain||Scovillainite|Moody|Overheat,RagePowder,GigaDrain,Protect|Bold||F|||50|]Basculegion||LifeOrb|Adaptability|WaveCrash,AquaJet,LastRespects,Protect|Jolly||M|||50|]Lycanroc-Dusk||FocusSash|ToughClaws|Accelerock,RockSlide,CloseCombat,Protect|Adamant||M|||50|]Sneasler||WhiteHerb|Unburden|DireClaw,CloseCombat,FakeOut,Protect|Adamant||F|||50|]Kingambit||BlackGlasses|Defiant|KowtowCleave,SuckerPunch,SwordsDance,Protect|Adamant||M|||50|\n|\n|t:|1788207938\n|teamsize|p1|4\n|teamsize|p2|4\n|start\n|switch|p1a: Garchomp|Garchomp, L50, M|100/100\n|switch|p1b: Whimsicott|Whimsicott, L50, M|100/100\n|switch|p2a: Lycanroc|Lycanroc-Dusk, L50, M|100/100\n|switch|p2b: Sneasler|Sneasler, L50, F|100/100\n|turn|1\n|inactive|Battle timer is ON: inactive players will automatically lose when time's up. (requested by Jolt31)\n|\n|t:|1788207983\n|switch|p2a: Froslass|Froslass, L50, F|100/100\n|move|p2b: Sneasler|Fake Out|p1a: Garchomp\n|-damage|p1a: Garchomp|87/100\n|-damage|p2b: Sneasler|87/100|[from] ability: Rough Skin|[of] p1a: Garchomp\n|move|p1b: Whimsicott|Tailwind|p1b: Whimsicott\n|-sidestart|p1: w0rms4f1ng3rs|move: Tailwind\n|cant|p1a: Garchomp|flinch\n|\n|upkeep\n|turn|2\n|inactive|w0rms4f1ng3rs has 30 seconds left.\n|\n|t:|1788208013\n|detailschange|p2a: Froslass|Froslass-Mega, L50, F\n|-mega|p2a: Froslass|Froslass|Froslassite\n|-weather|Snowscape|[from] ability: Snow Warning|[of] p2a: Froslass\n|move|p1b: Whimsicott|Moonblast|p2b: Sneasler\n|-damage|p2b: Sneasler|45/100\n|move|p1a: Garchomp|Rock Slide|p2b: Sneasler|[spread] p2a,p2b\n|-supereffective|p2a: Froslass|1\n|-resisted|p2b: Sneasler|1\n|-damage|p2a: Froslass|55/100\n|-damage|p2b: Sneasler|31/100\n|-damage|p1a: Garchomp|77/100|[from] item: Life Orb\n|move|p2a: Froslass|Blizzard|p1a: Garchomp|[spread] p1a,p1b\n|-supereffective|p1a: Garchomp|2\n|-supereffective|p1b: Whimsicott|1\n|-damage|p1a: Garchomp|0 fnt\n|-enditem|p1b: Whimsicott|Focus Sash\n|-damage|p1b: Whimsicott|1/100\n|faint|p1a: Garchomp\n|cant|p2b: Sneasler|flinch\n|\n|-weather|Snowscape|[upkeep]\n|upkeep\n|\n|t:|1788208027\n|switch|p1a: Floette|Floette-Eternal, L50, F|100/100\n|turn|3\n|inactive|Jolt31 has 30 seconds left.\n|\n|t:|1788208056\n|detailschange|p1a: Floette|Floette-Mega, L50, F\n|-mega|p1a: Floette|Floette|Floettite\n|-ability|p1a: Floette|Fairy Aura\n|move|p2a: Froslass|Protect|p2a: Froslass\n|-singleturn|p2a: Froslass|Protect\n|move|p1b: Whimsicott|Moonblast|p2a: Froslass\n|-activate|p2a: Froslass|move: Protect\n|move|p1a: Floette|Dazzling Gleam|p2b: Sneasler|[spread] p2b\n|-activate|p2a: Froslass|move: Protect\n|-crit|p2b: Sneasler\n|-damage|p2b: Sneasler|0 fnt\n|faint|p2b: Sneasler\n|\n|-weather|Snowscape|[upkeep]\n|upkeep\n|\n|t:|1788208067\n|switch|p2b: Lycanroc|Lycanroc-Dusk, L50, M|100/100\n|turn|4\n|\n|t:|1788208082\n|move|p1b: Whimsicott|Protect|p1b: Whimsicott\n|-singleturn|p1b: Whimsicott|Protect\n|move|p1a: Floette|Protect|p1a: Floette\n|-singleturn|p1a: Floette|Protect\n|move|p2b: Lycanroc|Accelerock|p1b: Whimsicott\n|-activate|p1b: Whimsicott|move: Protect\n|move|p2a: Froslass|Aurora Veil|p2a: Froslass\n|-sidestart|p2: Jolt31|move: Aurora Veil\n|\n|-weather|Snowscape|[upkeep]\n|-sideend|p1: w0rms4f1ng3rs|move: Tailwind\n|upkeep\n|turn|5\n|\n|t:|1788208101\n|switch|p2a: Basculegion|Basculegion, L50, M|100/100\n|move|p1b: Whimsicott|Tailwind|p1b: Whimsicott\n|-sidestart|p1: w0rms4f1ng3rs|move: Tailwind\n|move|p1a: Floette|Moonblast|p2a: Basculegion\n|-damage|p2a: Basculegion|56/100\n|move|p2b: Lycanroc|Rock Slide|p1b: Whimsicott|[spread] p1a,p1b\n|-damage|p1a: Floette|68/100\n|-damage|p1b: Whimsicott|0 fnt\n|faint|p1b: Whimsicott\n|\n|-weather|Snowscape|[upkeep]\n|upkeep\n|\n|t:|1788208112\n|switch|p1b: Basculegion|Basculegion, L50, M|100/100\n|turn|6\n|\n|t:|1788208131\n|move|p1a: Floette|Moonblast|p2b: Lycanroc\n|-damage|p2b: Lycanroc|26/100\n|move|p1b: Basculegion|Last Respects|p2a: Basculegion\n|-supereffective|p2a: Basculegion|1\n|-damage|p2a: Basculegion|0 fnt\n|faint|p2a: Basculegion\n|move|p2b: Lycanroc|Rock Slide|p1b: Basculegion|[spread] p1a,p1b\n|-crit|p1a: Floette\n|-damage|p1a: Floette|21/100\n|-damage|p1b: Basculegion|68/100\n|\n|-weather|none\n|upkeep\n|\n|t:|1788208136\n|switch|p2a: Froslass|Froslass-Mega, L50, F|55/100\n|-weather|Snowscape|[from] ability: Snow Warning|[of] p2a: Froslass\n|turn|7\n|\n|t:|1788208150\n|move|p2a: Froslass|Protect|p2a: Froslass\n|-singleturn|p2a: Froslass|Protect\n|move|p1b: Basculegion|Aqua Jet|p2b: Lycanroc\n|-supereffective|p2b: Lycanroc|1\n|-damage|p2b: Lycanroc|0 fnt\n|faint|p2b: Lycanroc\n|move|p1a: Floette|Light of Ruin|p2a: Froslass\n|-activate|p2a: Froslass|move: Protect\n|\n|-weather|Snowscape|[upkeep]\n|upkeep\n|turn|8\n|\n|t:|1788208157\n|move|p1a: Floette|Light of Ruin|p2a: Froslass\n|-crit|p2a: Froslass\n|-damage|p2a: Froslass|0 fnt\n|faint|p2a: Froslass\n|-damage|p1a: Floette|0 fnt|[from] Recoil\n|faint|p1a: Floette\n|\n|win|w0rms4f1ng3rs\n","uploadtime":1788208158,"views":"1","formatid":"gen9championsvgc2026regmbbo3","rating":null,"private":0,"password":null}