{"id":"gen9championsvgc2026regmb-2674061376","format":"[Gen 9 Champions] VGC 2026 Reg M-B","players":["Pop B Lot","HospitalityCheck"],"log":"|j|☆Pop B Lot\n|j|☆HospitalityCheck\n|t:|1788293984\n|gametype|doubles\n|player|p1|Pop B Lot|170|1119\n|player|p2|HospitalityCheck|2|1066\n|gen|9\n|tier|[Gen 9 Champions] VGC 2026 Reg M-B\n|rated|\n|rule|Species Clause: Limit one of each Pokémon\n|rule|Item Clause: Limit 1 of each item\n|clearpoke\n|poke|p1|Audino, L50, M|\n|poke|p1|Drampa, L50, F|\n|poke|p1|Farigiraf, L50, M|\n|poke|p1|Staraptor, L50, M|\n|poke|p1|Rampardos, L50, F|\n|poke|p1|Torkoal, L50, M|\n|poke|p2|Metagross, L50|\n|poke|p2|Incineroar, L50, F|\n|poke|p2|Sinistcha, L50|\n|poke|p2|Whimsicott, L50, M|\n|poke|p2|Garchomp, L50, M|\n|poke|p2|Kingambit, L50, M|\n|teampreview|4\n|inactive|Battle timer is ON: inactive players will automatically lose when time's up. (requested by HospitalityCheck)\nHospitalityCheck has agreed to open team sheets.\n|j| MeTesteTeste\n|\n|t:|1788293998\n|teamsize|p1|4\n|teamsize|p2|4\n|start\n|switch|p1a: Staraptor|Staraptor, L50, M|100/100\n|switch|p1b: Farigiraf|Farigiraf, L50, M|100/100\n|switch|p2a: Metagross|Metagross, L50|100/100\n|switch|p2b: Incineroar|Incineroar, L50, F|100/100\n|-ability|p1a: Staraptor|Intimidate|boost\n|-fail|p2a: Metagross|unboost|[from] ability: Clear Body|[of] p2a: Metagross\n|-unboost|p2b: Incineroar|atk|1\n|-ability|p2b: Incineroar|Intimidate|boost\n|-unboost|p1a: Staraptor|atk|1\n|-unboost|p1b: Farigiraf|atk|1\n|turn|1\n|\n|t:|1788294020\n|detailschange|p2a: Metagross|Metagross-Mega, L50\n|-mega|p2a: Metagross|Metagross|Metagrossite\n|move|p1a: Staraptor|Final Gambit|p2a: Metagross\n|-damage|p2a: Metagross|0 fnt\n|faint|p1a: Staraptor\n|faint|p2a: Metagross\n|move|p2b: Incineroar|Throat Chop|p1b: Farigiraf\n|-supereffective|p1b: Farigiraf|1\n|-enditem|p1b: Farigiraf|Colbur Berry|[eat]\n|-enditem|p1b: Farigiraf|Colbur Berry|[weaken]\n|-damage|p1b: Farigiraf|83/100\n|-start|p1b: Farigiraf|Throat Chop|[silent]\n|move|p1b: Farigiraf|Trick Room|p1b: Farigiraf\n|-fieldstart|move: Trick Room|[of] p1b: Farigiraf\n|\n|upkeep\n|\n|t:|1788294033\n|switch|p2a: Garchomp|Garchomp, L50, M|100/100\n|switch|p1a: Drampa|Drampa, L50, F|100/100\n|turn|2\n|\n|t:|1788294042\n|move|p1b: Farigiraf|Helping Hand|p1a: Drampa\n|-singleturn|p1a: Drampa|Helping Hand|[of] p1b: Farigiraf\n|move|p1a: Drampa|Hyper Voice|p2b: Incineroar|[spread] p2a,p2b\n|-damage|p2a: Garchomp|36/100\n|-damage|p2b: Incineroar|52/100\n|move|p2b: Incineroar|Throat Chop|p1b: Farigiraf\n|-supereffective|p1b: Farigiraf|1\n|-damage|p1b: Farigiraf|48/100\n|move|p2a: Garchomp|Dragon Claw|p1a: Drampa\n|-supereffective|p1a: Drampa|1\n|-damage|p1a: Drampa|0 fnt\n|faint|p1a: Drampa\n|-damage|p2a: Garchomp|26/100|[from] item: Life Orb\n|\n|-end|p1b: Farigiraf|Throat Chop|[silent]\n|upkeep\n|\n|t:|1788294048\n|switch|p1a: Audino|Audino, L50, M|100/100\n|turn|3\n|\n|t:|1788294056\n|detailschange|p1a: Audino|Audino-Mega, L50, M\n|-mega|p1a: Audino|Audino|Audinite\n|move|p2a: Garchomp|Protect|p2a: Garchomp\n|-singleturn|p2a: Garchomp|Protect\n|move|p1a: Audino|Dazzling Gleam|p2b: Incineroar|[spread] p2b\n|-activate|p2a: Garchomp|move: Protect\n|-damage|p2b: Incineroar|37/100\n|-enditem|p2b: Incineroar|Sitrus Berry|[eat]\n|-heal|p2b: Incineroar|61/100|[from] item: Sitrus Berry\n|move|p1b: Farigiraf|Thunderbolt|p2b: Incineroar\n|-damage|p2b: Incineroar|44/100\n|move|p2b: Incineroar|Throat Chop|p1a: Audino\n|-resisted|p1a: Audino|1\n|-crit|p1a: Audino\n|-damage|p1a: Audino|85/100\n|-start|p1a: Audino|Throat Chop|[silent]\n|\n|upkeep\n|turn|4\n|\n|t:|1788294071\n|move|p1a: Audino|Dazzling Gleam|p2a: Garchomp|[spread] p2a,p2b\n|-supereffective|p2a: Garchomp|1\n|-damage|p2a: Garchomp|0 fnt\n|-damage|p2b: Incineroar|29/100\n|faint|p2a: Garchomp\n|move|p1b: Farigiraf|Thunderbolt|p2b: Incineroar\n|-damage|p2b: Incineroar|13/100\n|move|p2b: Incineroar|Parting Shot|p1b: Farigiraf\n|-unboost|p1b: Farigiraf|atk|1\n|-unboost|p1b: Farigiraf|spa|1\n|\n|t:|1788294072\n|switch|p2b: Sinistcha|Sinistcha, L50|100/100|[from] Parting Shot\n|\n|-end|p1a: Audino|Throat Chop|[silent]\n|upkeep\n|\n|t:|1788294073\n|switch|p2a: Incineroar|Incineroar, L50, F|13/100\n|-ability|p2a: Incineroar|Intimidate|boost\n|-unboost|p1a: Audino|atk|1\n|-unboost|p1b: Farigiraf|atk|1\n|turn|5\n|\n|t:|1788294082\n|move|p2b: Sinistcha|Rage Powder|p2b: Sinistcha\n|-singleturn|p2b: Sinistcha|move: Rage Powder\n|move|p1a: Audino|Dazzling Gleam|p2a: Incineroar|[spread] p2a,p2b\n|-damage|p2a: Incineroar|0 fnt\n|-damage|p2b: Sinistcha|81/100\n|faint|p2a: Incineroar\n|move|p1b: Farigiraf|Thunderbolt|p2b: Sinistcha\n|-resisted|p2b: Sinistcha|1\n|-damage|p2b: Sinistcha|73/100\n|\n|-heal|p2b: Sinistcha|79/100|[from] item: Leftovers\n|-fieldend|move: Trick Room\n|upkeep\n|turn|6\n|\n|t:|1788294089\n|move|p2b: Sinistcha|Matcha Gotcha|p1a: Audino|[spread] p1a,p1b\n|-damage|p1a: Audino|68/100\n|-heal|p2b: Sinistcha|89/100|[from] drain|[of] p1a: Audino\n|-damage|p1b: Farigiraf|28/100\n|-heal|p2b: Sinistcha|100/100|[from] drain|[of] p1b: Farigiraf\n|move|p1b: Farigiraf|Thunderbolt|p2b: Sinistcha\n|-resisted|p2b: Sinistcha|1\n|-damage|p2b: Sinistcha|92/100\n|move|p1a: Audino|Life Dew|p1a: Audino|[spread] p1a,p1b\n|-heal|p1a: Audino|93/100\n|-heal|p1b: Farigiraf|53/100\n|\n|-heal|p2b: Sinistcha|98/100|[from] item: Leftovers\n|upkeep\n|turn|7\n|\n|t:|1788294110\n|move|p1b: Farigiraf|Helping Hand|p1a: Audino\n|-singleturn|p1a: Audino|Helping Hand|[of] p1b: Farigiraf\n|move|p2b: Sinistcha|Matcha Gotcha|p1a: Audino|[spread] p1a,p1b\n|-damage|p1a: Audino|76/100\n|-heal|p2b: Sinistcha|100/100|[from] drain|[of] p1a: Audino\n|-damage|p1b: Farigiraf|32/100\n|move|p1a: Audino|Dazzling Gleam|p2b: Sinistcha\n|-damage|p2b: Sinistcha|61/100\n|\n|-heal|p2b: Sinistcha|67/100|[from] item: Leftovers\n|upkeep\n|turn|8\n|\n|t:|1788294115\n|move|p2b: Sinistcha|Matcha Gotcha|p1b: Farigiraf|[spread] p1a,p1b\n|-damage|p1a: Audino|60/100\n|-heal|p2b: Sinistcha|76/100|[from] drain|[of] p1a: Audino\n|-damage|p1b: Farigiraf|11/100\n|-heal|p2b: Sinistcha|89/100|[from] drain|[of] p1b: Farigiraf\n|-status|p1a: Audino|brn\n|move|p1b: Farigiraf|Thunderbolt|p2b: Sinistcha\n|-resisted|p2b: Sinistcha|1\n|-damage|p2b: Sinistcha|82/100\n|move|p1a: Audino|Life Dew|p1a: Audino|[spread] p1a,p1b\n|-heal|p1a: Audino|86/100 brn\n|-heal|p1b: Farigiraf|37/100\n|\n|-heal|p2b: Sinistcha|88/100|[from] item: Leftovers\n|-damage|p1a: Audino|80/100 brn|[from] brn\n|upkeep\n|turn|9\n|\n|t:|1788294120\n|move|p2b: Sinistcha|Matcha Gotcha|p1b: Farigiraf|[spread] p1a,p1b\n|-damage|p1a: Audino|62/100 brn\n|-heal|p2b: Sinistcha|99/100|[from] drain|[of] p1a: Audino\n|-damage|p1b: Farigiraf|15/100\n|-heal|p2b: Sinistcha|100/100|[from] drain|[of] p1b: Farigiraf\n|move|p1b: Farigiraf|Thunderbolt|p2b: Sinistcha\n|-resisted|p2b: Sinistcha|1\n|-damage|p2b: Sinistcha|92/100\n|move|p1a: Audino|Life Dew|p1a: Audino|[spread] p1a,p1b\n|-heal|p1a: Audino|87/100 brn\n|-heal|p1b: Farigiraf|40/100\n|\n|-heal|p2b: Sinistcha|98/100|[from] item: Leftovers\n|-damage|p1a: Audino|81/100 brn|[from] brn\n|upkeep\n|turn|10\n|\n|t:|1788294134\n|move|p2b: Sinistcha|Matcha Gotcha|p1a: Audino|[spread] p1a,p1b\n|-damage|p1a: Audino|64/100 brn\n|-heal|p2b: Sinistcha|100/100|[from] drain|[of] p1a: Audino\n|-damage|p1b: Farigiraf|22/100\n|move|p1a: Audino|Life Dew|p1a: Audino|[spread] p1a,p1b\n|-heal|p1a: Audino|89/100 brn\n|-heal|p1b: Farigiraf|47/100\n|move|p1b: Farigiraf|Trick Room|p1b: Farigiraf\n|-fieldstart|move: Trick Room|[of] p1b: Farigiraf\n|\n|-damage|p1a: Audino|83/100 brn|[from] brn\n|upkeep\n|turn|11\n|\n|t:|1788294139\n|move|p1a: Audino|Life Dew|p1a: Audino|[spread] p1a,p1b\n|-heal|p1a: Audino|100/100 brn\n|-heal|p1b: Farigiraf|72/100\n|move|p1b: Farigiraf|Thunderbolt|p2b: Sinistcha\n|-resisted|p2b: Sinistcha|1\n|-damage|p2b: Sinistcha|92/100\n|move|p2b: Sinistcha|Matcha Gotcha|p1b: Farigiraf|[spread] p1a,p1b\n|-damage|p1a: Audino|83/100 brn\n|-heal|p2b: Sinistcha|100/100|[from] drain|[of] p1a: Audino\n|-damage|p1b: Farigiraf|51/100\n|\n|-damage|p1a: Audino|77/100 brn|[from] brn\n|upkeep\n|turn|12\n|\n|t:|1788294142\n|move|p1a: Audino|Life Dew|p1a: Audino|[spread] p1a,p1b\n|-heal|p1a: Audino|100/100 brn\n|-heal|p1b: Farigiraf|76/100\n|move|p1b: Farigiraf|Thunderbolt|p2b: Sinistcha\n|-resisted|p2b: Sinistcha|1\n|-damage|p2b: Sinistcha|91/100\n|move|p2b: Sinistcha|Matcha Gotcha|p1a: Audino|[spread] p1a,p1b\n|-damage|p1a: Audino|84/100 brn\n|-heal|p2b: Sinistcha|100/100|[from] drain|[of] p1a: Audino\n|-damage|p1b: Farigiraf|55/100\n|\n|-damage|p1a: Audino|78/100 brn|[from] brn\n|upkeep\n|turn|13\n|\n|t:|1788294144\n|move|p1a: Audino|Life Dew|p1a: Audino|[spread] p1a,p1b\n|-heal|p1a: Audino|100/100 brn\n|-heal|p1b: Farigiraf|81/100\n|move|p1b: Farigiraf|Thunderbolt|p2b: Sinistcha\n|-resisted|p2b: Sinistcha|1\n|-damage|p2b: Sinistcha|92/100\n|move|p2b: Sinistcha|Matcha Gotcha|p1b: Farigiraf|[spread] p1a\n|-miss|p2b: Sinistcha|p1b: Farigiraf\n|-damage|p1a: Audino|85/100 brn\n|-heal|p2b: Sinistcha|100/100|[from] drain|[of] p1a: Audino\n|\n|-damage|p1a: Audino|79/100 brn|[from] brn\n|upkeep\n|turn|14\n|\n|t:|1788294147\n|move|p1a: Audino|Life Dew|p1a: Audino|[spread] p1a,p1b\n|-heal|p1a: Audino|100/100 brn\n|-heal|p1b: Farigiraf|100/100\n|move|p1b: Farigiraf|Thunderbolt|p2b: Sinistcha\n|-resisted|p2b: Sinistcha|1\n|-damage|p2b: Sinistcha|92/100\n|move|p2b: Sinistcha|Matcha Gotcha|p1b: Farigiraf|[spread] p1a,p1b\n|-damage|p1a: Audino|84/100 brn\n|-heal|p2b: Sinistcha|100/100|[from] drain|[of] p1a: Audino\n|-damage|p1b: Farigiraf|81/100\n|\n|-damage|p1a: Audino|78/100 brn|[from] brn\n|-fieldend|move: Trick Room\n|upkeep\n|turn|15\n|\n|t:|1788294155\n|move|p2b: Sinistcha|Matcha Gotcha|p1a: Audino|[spread] p1a,p1b\n|-damage|p1a: Audino|60/100 brn\n|-damage|p1b: Farigiraf|62/100\n|move|p1a: Audino|Life Dew|p1a: Audino|[spread] p1a,p1b\n|-heal|p1a: Audino|86/100 brn\n|-heal|p1b: Farigiraf|87/100\n|move|p1b: Farigiraf|Trick Room|p1b: Farigiraf\n|-fieldstart|move: Trick Room|[of] p1b: Farigiraf\n|\n|-damage|p1a: Audino|80/100 brn|[from] brn\n|upkeep\n|turn|16\n|\n|t:|1788294160\n|move|p1a: Audino|Dazzling Gleam|p2b: Sinistcha\n|-damage|p2b: Sinistcha|71/100\n|move|p1b: Farigiraf|Thunderbolt|p2b: Sinistcha\n|-resisted|p2b: Sinistcha|1\n|-damage|p2b: Sinistcha|62/100\n|move|p2b: Sinistcha|Matcha Gotcha|p1a: Audino|[spread] p1a,p1b\n|-damage|p1a: Audino|63/100 brn\n|-heal|p2b: Sinistcha|72/100|[from] drain|[of] p1a: Audino\n|-damage|p1b: Farigiraf|67/100\n|-heal|p2b: Sinistcha|85/100|[from] drain|[of] p1b: Farigiraf\n|\n|-heal|p2b: Sinistcha|91/100|[from] item: Leftovers\n|-damage|p1a: Audino|57/100 brn|[from] brn\n|upkeep\n|turn|17\n|\n|t:|1788294164\n|move|p1a: Audino|Dazzling Gleam|p2b: Sinistcha\n|-damage|p2b: Sinistcha|62/100\n|move|p1b: Farigiraf|Thunderbolt|p2b: Sinistcha\n|-resisted|p2b: Sinistcha|1\n|-damage|p2b: Sinistcha|55/100\n|move|p2b: Sinistcha|Matcha Gotcha|p1b: Farigiraf|[spread] p1a\n|-miss|p2b: Sinistcha|p1b: Farigiraf\n|-damage|p1a: Audino|41/100 brn\n|-heal|p2b: Sinistcha|65/100|[from] drain|[of] p1a: Audino\n|\n|-heal|p2b: Sinistcha|71/100|[from] item: Leftovers\n|-damage|p1a: Audino|35/100 brn|[from] brn\n|upkeep\n|turn|18\n|\n|t:|1788294168\n|move|p1a: Audino|Life Dew|p1a: Audino|[spread] p1a,p1b\n|-heal|p1a: Audino|60/100 brn\n|-heal|p1b: Farigiraf|92/100\n|move|p1b: Farigiraf|Thunderbolt|p2b: Sinistcha\n|-resisted|p2b: Sinistcha|1\n|-damage|p2b: Sinistcha|64/100\n|move|p2b: Sinistcha|Matcha Gotcha|p1a: Audino|[spread] p1a,p1b\n|-damage|p1a: Audino|44/100 brn\n|-heal|p2b: Sinistcha|73/100|[from] drain|[of] p1a: Audino\n|-damage|p1b: Farigiraf|74/100\n|-heal|p2b: Sinistcha|85/100|[from] drain|[of] p1b: Farigiraf\n|\n|-heal|p2b: Sinistcha|92/100|[from] item: Leftovers\n|-damage|p1a: Audino|38/100 brn|[from] brn\n|upkeep\n|turn|19\n|\n|t:|1788294171\n|move|p1a: Audino|Life Dew|p1a: Audino|[spread] p1a,p1b\n|-heal|p1a: Audino|63/100 brn\n|-heal|p1b: Farigiraf|99/100\n|move|p1b: Farigiraf|Thunderbolt|p2b: Sinistcha\n|-resisted|p2b: Sinistcha|1\n|-damage|p2b: Sinistcha|83/100\n|move|p2b: Sinistcha|Matcha Gotcha|p1a: Audino|[spread] p1a,p1b\n|-damage|p1a: Audino|48/100 brn\n|-heal|p2b: Sinistcha|92/100|[from] drain|[of] p1a: Audino\n|-damage|p1b: Farigiraf|78/100\n|-heal|p2b: Sinistcha|100/100|[from] drain|[of] p1b: Farigiraf\n|\n|-damage|p1a: Audino|42/100 brn|[from] brn\n|-fieldend|move: Trick Room\n|upkeep\n|turn|20\n|\n|t:|1788294176\n|move|p2b: Sinistcha|Matcha Gotcha|p1b: Farigiraf|[spread] p1b\n|-miss|p2b: Sinistcha|p1a: Audino\n|-damage|p1b: Farigiraf|57/100\n|move|p1b: Farigiraf|Thunderbolt|p2b: Sinistcha\n|-resisted|p2b: Sinistcha|1\n|-damage|p2b: Sinistcha|92/100\n|move|p1a: Audino|Life Dew|p1a: Audino|[spread] p1a,p1b\n|-heal|p1a: Audino|67/100 brn\n|-heal|p1b: Farigiraf|82/100\n|\n|-heal|p2b: Sinistcha|98/100|[from] item: Leftovers\n|-damage|p1a: Audino|61/100 brn|[from] brn\n|upkeep\n|turn|21\n|\n|t:|1788294182\n|move|p2b: Sinistcha|Matcha Gotcha|p1a: Audino|[spread] p1a,p1b\n|-damage|p1a: Audino|45/100 brn\n|-heal|p2b: Sinistcha|100/100|[from] drain|[of] p1a: Audino\n|-damage|p1b: Farigiraf|62/100\n|-status|p1b: Farigiraf|brn\n|move|p1a: Audino|Dazzling Gleam|p2b: Sinistcha\n|-damage|p2b: Sinistcha|73/100\n|move|p1b: Farigiraf|Trick Room|p1b: Farigiraf\n|-fieldstart|move: Trick Room|[of] p1b: Farigiraf\n|\n|-activate|p1a: Audino|ability: Healer\n|-curestatus|p1b: Farigiraf|brn|[msg]\n|-heal|p2b: Sinistcha|79/100|[from] item: Leftovers\n|-damage|p1a: Audino|39/100 brn|[from] brn\n|upkeep\n|turn|22\n|\n|t:|1788294186\n|move|p1b: Farigiraf|Helping Hand|p1a: Audino\n|-singleturn|p1a: Audino|Helping Hand|[of] p1b: Farigiraf\n|move|p1a: Audino|Dazzling Gleam|p2b: Sinistcha\n|-damage|p2b: Sinistcha|38/100\n|move|p2b: Sinistcha|Trick Room|p2b: Sinistcha\n|-fieldend|move: Trick Room\n|\n|-heal|p2b: Sinistcha|44/100|[from] item: Leftovers\n|-damage|p1a: Audino|32/100 brn|[from] brn\n|upkeep\n|turn|23\n|\n|t:|1788294191\n|move|p1b: Farigiraf|Helping Hand|p1a: Audino\n|-singleturn|p1a: Audino|Helping Hand|[of] p1b: Farigiraf\n|move|p2b: Sinistcha|Life Dew|p2b: Sinistcha\n|-heal|p2b: Sinistcha|69/100\n|move|p1a: Audino|Dazzling Gleam|p2b: Sinistcha\n|-damage|p2b: Sinistcha|27/100\n|\n|-heal|p2b: Sinistcha|33/100|[from] item: Leftovers\n|-damage|p1a: Audino|26/100 brn|[from] brn\n|upkeep\n|turn|24\n|\n|t:|1788294194\n|move|p1b: Farigiraf|Helping Hand|p1a: Audino\n|-singleturn|p1a: Audino|Helping Hand|[of] p1b: Farigiraf\n|move|p2b: Sinistcha|Life Dew|p2b: Sinistcha\n|-heal|p2b: Sinistcha|58/100\n|move|p1a: Audino|Dazzling Gleam|p2b: Sinistcha\n|-damage|p2b: Sinistcha|16/100\n|\n|-heal|p2b: Sinistcha|23/100|[from] item: Leftovers\n|-damage|p1a: Audino|20/100y brn|[from] brn\n|upkeep\n|turn|25\n|\n|t:|1788294198\n|move|p2b: Sinistcha|Life Dew|p2b: Sinistcha\n|-heal|p2b: Sinistcha|48/100\n|move|p1a: Audino|Dazzling Gleam|p2b: Sinistcha\n|-damage|p2b: Sinistcha|24/100\n|move|p1b: Farigiraf|Trick Room|p1b: Farigiraf\n|-fieldstart|move: Trick Room|[of] p1b: Farigiraf\n|\n|-heal|p2b: Sinistcha|30/100|[from] item: Leftovers\n|-damage|p1a: Audino|14/100 brn|[from] brn\n|upkeep\n|turn|26\n|\n|t:|1788294201\n|move|p1b: Farigiraf|Helping Hand|p1a: Audino\n|-singleturn|p1a: Audino|Helping Hand|[of] p1b: Farigiraf\n|move|p1a: Audino|Dazzling Gleam|p2b: Sinistcha\n|-damage|p2b: Sinistcha|0 fnt\n|faint|p2b: Sinistcha\n|\n|win|Pop B Lot\n|raw|Pop B Lot's rating: 1119 &rarr; <strong>1140</strong><br />(+21 for winning)\n|raw|HospitalityCheck's rating: 1066 &rarr; <strong>1049</strong><br />(-17 for losing)\n|l|☆HospitalityCheck\n|player|p2|\n|l|☆Pop B Lot\n|player|p1|\n|l| MeTesteTeste\n|j|☆Pop B Lot\n|player|p1|Pop B Lot|170|\n","uploadtime":1788294722,"views":"12","formatid":"gen9championsvgc2026regmb","rating":1049,"private":0,"password":null}