{"id":"gen9championsvgc2026regmb-2674145985","format":"[Gen 9 Champions] VGC 2026 Reg M-B","players":["triplemz1125","Gadrongo"],"log":"|j|☆triplemz1125\n|j|☆Gadrongo\n|t:|1788305972\n|gametype|doubles\n|player|p1|triplemz1125|norman|\n|player|p2|Gadrongo|n|\n|gen|9\n|tier|[Gen 9 Champions] VGC 2026 Reg M-B\n|rule|Species Clause: Limit one of each Pokémon\n|rule|Item Clause: Limit 1 of each item\n|clearpoke\n|poke|p1|Garchomp, L50, F, shiny|\n|poke|p1|Skarmory, L50, M, shiny|\n|poke|p1|Rotom-Heat, L50|\n|poke|p1|Weavile, L50, F|\n|poke|p1|Clawitzer, L50, M, shiny|\n|poke|p1|Zoroark-Hisui, L50, F|\n|poke|p2|Floette-Eternal, L50, F|\n|poke|p2|Gyarados, L50, F|\n|poke|p2|Corviknight, L50, F, shiny|\n|poke|p2|Sinistcha, L50|\n|poke|p2|Mamoswine, L50, F|\n|poke|p2|Meowstic, L50, M|\n|teampreview|4\n|\n|t:|1788306047\n|teamsize|p1|4\n|teamsize|p2|4\n|start\n|switch|p1a: OG Claw|Weavile, L50, F|100/100\n|switch|p1b: Westjet|Skarmory, L50, M, shiny|100/100\n|switch|p2a: Beast|Gyarados, L50, F|100/100\n|switch|p2b: Iceman|Mamoswine, L50, F|100/100\n|-ability|p2a: Beast|Intimidate|boost\n|-unboost|p1a: OG Claw|atk|1\n|-unboost|p1b: Westjet|atk|1\n|turn|1\n|\n|t:|1788306074\n|move|p1a: OG Claw|Fake Out|p2a: Beast\n|-damage|p2a: Beast|87/100\n|move|p2b: Iceman|Rock Slide|p1b: Westjet|[spread] p1a,p1b\n|-supereffective|p1a: OG Claw|1\n|-damage|p1a: OG Claw|36/100\n|-damage|p1b: Westjet|84/100\n|move|p1b: Westjet|Tailwind|p1b: Westjet\n|-sidestart|p1: triplemz1125|move: Tailwind\n|cant|p2a: Beast|flinch\n|\n|upkeep\n|turn|2\n|\n|t:|1788306098\n|switch|p1a: Kawhi|Clawitzer, L50, M, shiny|100/100\n|detailschange|p1b: Westjet|Skarmory-Mega, L50, M, shiny\n|-mega|p1b: Westjet|Skarmory|Skarmorite\n|move|p1b: Westjet|Iron Head|p2b: Iceman\n|-supereffective|p2b: Iceman|1\n|-damage|p2b: Iceman|34/100\n|move|p2b: Iceman|Rock Slide|p1b: Westjet|[spread] p1a,p1b\n|-damage|p1a: Kawhi|76/100\n|-damage|p1b: Westjet|65/100\n|move|p2a: Beast|Waterfall|p1b: Westjet\n|-damage|p1b: Westjet|26/100\n|\n|upkeep\n|turn|3\n|\n|t:|1788306131\n|move|p1b: Westjet|Brave Bird|p2a: Beast\n|-damage|p2a: Beast|41/100\n|-damage|p1b: Westjet|11/100|[from] Recoil\n|move|p2b: Iceman|Rock Slide|p1b: Westjet|[spread] p1a,p1b\n|-damage|p1a: Kawhi|53/100\n|-damage|p1b: Westjet|0 fnt\n|faint|p1b: Westjet\n|cant|p1a: Kawhi|flinch\n|move|p2a: Beast|Crunch|p1a: Kawhi\n|-damage|p1a: Kawhi|18/100\n|-enditem|p1a: Kawhi|Sitrus Berry|[eat]\n|-heal|p1a: Kawhi|43/100|[from] item: Sitrus Berry\n|\n|upkeep\n|\n|t:|1788306153\n|switch|p1b: OG Claw|Weavile, L50, F|36/100\n|turn|4\n|\n|t:|1788306177\n|move|p1b: OG Claw|Knock Off|p2b: Iceman\n|-damage|p2b: Iceman|0 fnt\n|-enditem|p2b: Iceman|Focus Sash|[from] move: Knock Off|[of] p1b: OG Claw\n|faint|p2b: Iceman\n|move|p1a: Kawhi|Dark Pulse|p2a: Beast\n|-damage|p2a: Beast|7/100\n|move|p2a: Beast|Outrage|p1a: Kawhi\n|-damage|p1a: Kawhi|0 fnt\n|faint|p1a: Kawhi\n|\n|-sideend|p1: triplemz1125|move: Tailwind\n|upkeep\n|\n|t:|1788306191\n|switch|p2b: Leech|Sinistcha, L50|100/100\n|switch|p1a: Easy-Bake|Rotom-Heat, L50|100/100\n|-heal|p2a: Beast|32/100|[from] ability: Hospitality|[of] p2b: Leech\n|turn|5\n|\n|t:|1788306214\n|move|p2b: Leech|Rage Powder|p2b: Leech\n|-singleturn|p2b: Leech|move: Rage Powder\n|move|p1a: Easy-Bake|Thunderbolt|p2b: Leech\n|-resisted|p2b: Leech|1\n|-damage|p2b: Leech|74/100\n|move|p1b: OG Claw|Triple Axel|p2b: Leech\n|-supereffective|p2b: Leech|1\n|-damage|p2b: Leech|60/100\n|-supereffective|p2b: Leech|1\n|-damage|p2b: Leech|32/100\n|-supereffective|p2b: Leech|1\n|-damage|p2b: Leech|0 fnt\n|faint|p2b: Leech\n|-hitcount|p2: Leech|3\n|move|p2a: Beast|Outrage|p1b: OG Claw|[from] lockedmove\n|-damage|p1b: OG Claw|0 fnt\n|faint|p1b: OG Claw\n|-start|p2a: Beast|confusion|[fatigue]\n|\n|upkeep\n|\n|t:|1788306233\n|switch|p2b: Cyclops|Floette-Eternal, L50, F|100/100\n|turn|6\n|\n|t:|1788306251\n|detailschange|p2a: Beast|Gyarados-Mega, L50, F\n|-mega|p2a: Beast|Gyarados|Gyaradosite\n|-ability|p2a: Beast|Mold Breaker\n|move|p2b: Cyclops|Protect|p2b: Cyclops\n|-singleturn|p2b: Cyclops|Protect\n|move|p1a: Easy-Bake|Thunderbolt|p2b: Cyclops\n|-activate|p2b: Cyclops|move: Protect\n|-activate|p2a: Beast|confusion\n|move|p2a: Beast|Waterfall|p1a: Easy-Bake\n|-supereffective|p1a: Easy-Bake|1\n|-damage|p1a: Easy-Bake|0 fnt\n|faint|p1a: Easy-Bake\n|\n|win|Gadrongo\n","uploadtime":1788306259,"views":"1","formatid":"gen9championsvgc2026regmb","rating":null,"private":0,"password":null}