{"id":"gen9championsvgc2026regmb-2674474627","format":"[Gen 9 Champions] VGC 2026 Reg M-B","players":["randomtieflinggirl","jashen1000000"],"log":"|j|☆randomtieflinggirl\n|j|☆jashen1000000\n|t:|1788364097\n|gametype|doubles\n|player|p1|randomtieflinggirl|266|1085\n|player|p2|jashen1000000|265|1032\n|gen|9\n|tier|[Gen 9 Champions] VGC 2026 Reg M-B\n|rated|\n|rule|Species Clause: Limit one of each Pokémon\n|rule|Item Clause: Limit 1 of each item\n|clearpoke\n|poke|p1|Lycanroc-Dusk, L50, M|\n|poke|p1|Froslass, L50, F|\n|poke|p1|Scovillain, L50, F|\n|poke|p1|Basculegion, L50, M|\n|poke|p1|Kingambit, L50, M|\n|poke|p1|Sneasler, L50, M|\n|poke|p2|Houndstone, L50, M|\n|poke|p2|Tyranitar, L50, M|\n|poke|p2|Excadrill, L50, M, shiny|\n|poke|p2|Grimmsnarl, L50, M|\n|poke|p2|Sinistcha, L50|\n|poke|p2|Lucario, L50, F|\n|teampreview|4\nrandomtieflinggirl has agreed to open team sheets.\n|\n|t:|1788364143\n|teamsize|p1|4\n|teamsize|p2|4\n|start\n|switch|p1a: Kingambit|Kingambit, L50, M|100/100\n|switch|p1b: Sneasler|Sneasler, L50, M|100/100\n|switch|p2a: Tyranitar|Tyranitar, L50, M|100/100\n|switch|p2b: Excadrill|Excadrill, L50, M, shiny|100/100\n|-weather|Sandstorm|[from] ability: Sand Stream|[of] p2a: Tyranitar\n|turn|1\n|\n|t:|1788364167\n|move|p2b: Excadrill|Protect|p2b: Excadrill\n|-singleturn|p2b: Excadrill|Protect\n|move|p2a: Tyranitar|Protect|p2a: Tyranitar\n|-singleturn|p2a: Tyranitar|Protect\n|move|p1a: Kingambit|Protect|p1a: Kingambit\n|-singleturn|p1a: Kingambit|Protect\n|move|p1b: Sneasler|Fake Out|p2a: Tyranitar\n|-activate|p2a: Tyranitar|move: Protect\n|\n|-weather|Sandstorm|[upkeep]\n|-damage|p1b: Sneasler|94/100|[from] Sandstorm\n|upkeep\n|turn|2\n|\n|t:|1788364217\n|move|p1b: Sneasler|Protect|p1b: Sneasler\n|-singleturn|p1b: Sneasler|Protect\n|move|p1a: Kingambit|Sucker Punch|p2b: Excadrill\n|-damage|p2b: Excadrill|33/100\n|move|p2b: Excadrill|Earthquake|p1b: Sneasler|[spread] p2a,p1a\n|-activate|p1b: Sneasler|move: Protect\n|-supereffective|p2a: Tyranitar|1\n|-supereffective|p1a: Kingambit|1\n|-damage|p2a: Tyranitar|31/100\n|-damage|p1a: Kingambit|33/100\n|move|p2a: Tyranitar|Rock Slide|p1b: Sneasler|[spread] p1a\n|-activate|p1b: Sneasler|move: Protect\n|-resisted|p1a: Kingambit|1\n|-damage|p1a: Kingambit|21/100\n|\n|-weather|Sandstorm|[upkeep]\n|-damage|p1b: Sneasler|88/100|[from] Sandstorm\n|upkeep\n|turn|3\n|\n|t:|1788364239\n|move|p2a: Tyranitar|Protect|p2a: Tyranitar\n|-singleturn|p2a: Tyranitar|Protect\n|move|p1a: Kingambit|Protect|p1a: Kingambit\n|-singleturn|p1a: Kingambit|Protect\n|move|p2b: Excadrill|Earthquake|p1a: Kingambit|[spread] p1b\n|-activate|p2a: Tyranitar|move: Protect\n|-activate|p1a: Kingambit|move: Protect\n|-supereffective|p1b: Sneasler|1\n|-damage|p1b: Sneasler|0 fnt\n|faint|p1b: Sneasler\n|\n|-weather|Sandstorm|[upkeep]\n|upkeep\n|\n|t:|1788364250\n|switch|p1b: Basculegion|Basculegion, L50, M|100/100\n|turn|4\n|\n|t:|1788364263\n|switch|p2b: Grimmsnarl|Grimmsnarl, L50, M|100/100\n|switch|p2a: Lucario|Lucario, L50, F|100/100\n|move|p1b: Basculegion|Aqua Jet|p2a: Lucario\n|-damage|p2a: Lucario|55/100\n|move|p1a: Kingambit|Sucker Punch||[still]\n|-fail|p1a: Kingambit\n|\n|-weather|Sandstorm|[upkeep]\n|-damage|p1b: Basculegion|94/100|[from] Sandstorm\n|-damage|p2b: Grimmsnarl|94/100|[from] Sandstorm\n|upkeep\n|turn|5\n|\n|t:|1788364283\n|detailschange|p2a: Lucario|Lucario-Mega, L50, F\n|-mega|p2a: Lucario|Lucario|Lucarionite\n|move|p1b: Basculegion|Protect|p1b: Basculegion\n|-singleturn|p1b: Basculegion|Protect\n|move|p1a: Kingambit|Protect|p1a: Kingambit\n|-singleturn|p1a: Kingambit|Protect\n|move|p2a: Lucario|Vacuum Wave|p1a: Kingambit\n|-activate|p1a: Kingambit|move: Protect\n|move|p2b: Grimmsnarl|Reflect|p2b: Grimmsnarl\n|-sidestart|p2: jashen1000000|Reflect\n|\n|-weather|none\n|upkeep\n|turn|6\n|\n|t:|1788364306\n|switch|p1a: Froslass|Froslass, L50, F|100/100\n|move|p2a: Lucario|Vacuum Wave|p1a: Froslass\n|-immune|p1a: Froslass\n|move|p2b: Grimmsnarl|Light Screen|p2b: Grimmsnarl\n|-sidestart|p2: jashen1000000|move: Light Screen\n|move|p1b: Basculegion|Wave Crash|p2b: Grimmsnarl\n|-damage|p2b: Grimmsnarl|33/100\n|-damage|p1b: Basculegion|78/100|[from] Recoil\n|\n|upkeep\n|turn|7\n|\n|t:|1788364326\n|move|p1a: Froslass|Protect|p1a: Froslass\n|-singleturn|p1a: Froslass|Protect\n|move|p2b: Grimmsnarl|Parting Shot|p1b: Basculegion\n|-unboost|p1b: Basculegion|atk|1\n|-unboost|p1b: Basculegion|spa|1\n|\n|t:|1788364333\n|switch|p2b: Excadrill|Excadrill, L50, M, shiny|33/100|[from] Parting Shot\n|move|p2a: Lucario|Flash Cannon|p1a: Froslass\n|-activate|p1a: Froslass|move: Protect\n|move|p1b: Basculegion|Wave Crash|p2b: Excadrill\n|-supereffective|p2b: Excadrill|1\n|-damage|p2b: Excadrill|0 fnt\n|faint|p2b: Excadrill\n|-damage|p1b: Basculegion|68/100|[from] Recoil\n|\n|upkeep\n|\n|t:|1788364347\n|switch|p2b: Grimmsnarl|Grimmsnarl, L50, M|33/100\n|turn|8\n|\n|t:|1788364355\n|switch|p1a: Kingambit|Kingambit, L50, M|21/100\n|move|p1b: Basculegion|Aqua Jet|p2b: Grimmsnarl\n|-damage|p2b: Grimmsnarl|17/100\n|move|p2a: Lucario|Flash Cannon|p1a: Kingambit\n|-resisted|p1a: Kingambit|1\n|-damage|p1a: Kingambit|0 fnt\n|faint|p1a: Kingambit\n|move|p2b: Grimmsnarl|Spirit Break|p1b: Basculegion\n|-damage|p1b: Basculegion|36/100\n|-unboost|p1b: Basculegion|spa|1\n|-enditem|p1b: Basculegion|Sitrus Berry|[eat]\n|-heal|p1b: Basculegion|61/100|[from] item: Sitrus Berry\n|\n|upkeep\n|\n|t:|1788364369\n|switch|p1a: Froslass|Froslass, L50, F|100/100\n|turn|9\n|\n|t:|1788364388\n|move|p2a: Lucario|Protect|p2a: Lucario\n|-singleturn|p2a: Lucario|Protect\n|move|p1a: Froslass|Protect|p1a: Froslass\n|-singleturn|p1a: Froslass|Protect\n|move|p2b: Grimmsnarl|Parting Shot|p1a: Froslass\n|-activate|p1a: Froslass|move: Protect\n|move|p1b: Basculegion|Wave Crash|p2b: Grimmsnarl\n|-damage|p2b: Grimmsnarl|0 fnt\n|faint|p2b: Grimmsnarl\n|-damage|p1b: Basculegion|56/100|[from] Recoil\n|\n|upkeep\n|\n|t:|1788364403\n|switch|p2b: Tyranitar|Tyranitar, L50, M|31/100\n|-weather|Sandstorm|[from] ability: Sand Stream|[of] p2b: Tyranitar\n|turn|10\n|\n|t:|1788364413\n|detailschange|p1a: Froslass|Froslass-Mega, L50, F\n|-mega|p1a: Froslass|Froslass|Froslassite\n|-weather|Snowscape|[from] ability: Snow Warning|[of] p1a: Froslass\n|move|p2a: Lucario|Flash Cannon|p1a: Froslass\n|-supereffective|p1a: Froslass|1\n|-damage|p1a: Froslass|0 fnt\n|faint|p1a: Froslass\n|move|p2b: Tyranitar|Rock Slide|p1b: Basculegion\n|-damage|p1b: Basculegion|9/100\n|move|p1b: Basculegion|Last Respects|p2a: Lucario\n|-damage|p2a: Lucario|0 fnt\n|faint|p2a: Lucario\n|\n|-weather|Snowscape|[upkeep]\n|upkeep\n|turn|11\n|\n|t:|1788364431\n|move|p2b: Tyranitar|Protect|p2b: Tyranitar\n|-singleturn|p2b: Tyranitar|Protect\n|move|p1b: Basculegion|Aqua Jet|p2b: Tyranitar\n|-activate|p2b: Tyranitar|move: Protect\n|\n|-weather|Snowscape|[upkeep]\n|upkeep\n|turn|12\n|\n|t:|1788364441\n|move|p2b: Tyranitar|Protect|p2b: Tyranitar\n|-singleturn|p2b: Tyranitar|Protect\n|move|p1b: Basculegion|Protect||[still]\n|-fail|p1b: Basculegion\n|\n|-weather|Snowscape|[upkeep]\n|-sideend|p2: jashen1000000|Reflect\n|upkeep\n|turn|13\n|\n|t:|1788364450\n|move|p1b: Basculegion|Aqua Jet|p2b: Tyranitar\n|-supereffective|p2b: Tyranitar|1\n|-damage|p2b: Tyranitar|4/100\n|move|p2b: Tyranitar|Knock Off|p1b: Basculegion\n|-supereffective|p1b: Basculegion|1\n|-damage|p1b: Basculegion|0 fnt\n|faint|p1b: Basculegion\n|\n|win|jashen1000000\n|raw|randomtieflinggirl's rating: 1085 &rarr; <strong>1059</strong><br />(-26 for losing)\n|raw|jashen1000000's rating: 1032 &rarr; <strong>1073</strong><br />(+41 for winning)\n|c|☆randomtieflinggirl|gg\n","uploadtime":1788364459,"views":"5","formatid":"gen9championsvgc2026regmb","rating":1059,"private":0,"password":null}