{"id":"gen9championsvgc2026regmbbo3-2673730478","format":"[Gen 9 Champions] VGC 2026 Reg M-B (Bo3)","players":["kingsrowbajax","Chewe_60111"],"log":"|j|☆kingsrowbajax\n|j|☆Chewe_60111\n|html|<table width=\"100%\"><tr><td align=\"left\">kingsrowbajax</td><td align=\"right\">Chewe_60111</tr><tr><td align=\"left\"><i class=\"fa fa-circle-o\"></i> <i class=\"fa fa-circle-o\"></i> </td><td align=\"right\"><i class=\"fa fa-circle-o\"></i> <i class=\"fa fa-circle-o\"></i> </tr></table>\n|uhtml|bestof|<h2><strong>Game 1</strong> of <a href=\"/game-bestof3-gen9championsvgc2026regmbbo3-2673730477\">a best-of-3</a></h2>\n|t:|1788242591\n|gametype|doubles\n|player|p1|kingsrowbajax|170|1229\n|player|p2|Chewe_60111|1|1150\n|gen|9\n|tier|[Gen 9 Champions] VGC 2026 Reg M-B (Bo3)\n|rated|\n|rule|Species Clause: Limit one of each Pokémon\n|rule|Item Clause: Limit 1 of each item\n|clearpoke\n|poke|p1|Blastoise, L50, M|\n|poke|p1|Delphox, L50, M|\n|poke|p1|Sinistcha, L50|\n|poke|p1|Kingambit, L50, F|\n|poke|p1|Sneasler, L50, M|\n|poke|p1|Incineroar, L50, M|\n|poke|p2|Sneasler, L50, F|\n|poke|p2|Basculegion, L50, M|\n|poke|p2|Kingambit, L50, M|\n|poke|p2|Incineroar, L50, M|\n|poke|p2|Dragonite, L50, M|\n|poke|p2|Whimsicott, L50, M|\n|teampreview|4\n|showteam|p1|Blastoise||Blastoisinite|RainDish|WaterSpout,DarkPulse,ShellSmash,Protect|Modest||M|||50|]Delphox||Delphoxite|Blaze|HeatWave,Psychic,NastyPlot,Protect|Timid||M|||50|]Sinistcha||ColburBerry|Hospitality|MatchaGotcha,RagePowder,TrickRoom,Protect|Bold|||||50|]Kingambit||LifeOrb|Defiant|KowtowCleave,SuckerPunch,SwordsDance,Protect|Adamant||F|||50|]Sneasler||FocusSash|PoisonTouch|FakeOut,PoisonJab,CloseCombat,QuickGuard|Jolly||M|||50|]Incineroar||SitrusBerry|Intimidate|FakeOut,FlareBlitz,ThroatChop,PartingShot|Careful||M|||50|\n|showteam|p2|Sneasler||WhiteHerb|PoisonTouch|FakeOut,CloseCombat,DireClaw,Coaching|Jolly||F|||50|]Basculegion||SitrusBerry|Adaptability|WaveCrash,LastRespects,AquaJet,Protect|Adamant||M|||50|]Kingambit||ChopleBerry|Defiant|KowtowCleave,SuckerPunch,IronHead,LowKick|Adamant||M|||50|]Incineroar||Leftovers|Intimidate|FakeOut,FlareBlitz,PartingShot,ThroatChop|Impish||M|||50|]Dragonite||Dragoninite|Multiscale|Roost,Thunderbolt,DragonPulse,HeatWave|Modest||M|||50|]Whimsicott||BrightPowder|Prankster|Tailwind,Moonblast,Encore,LightScreen|Bold||M|||50|\n|inactive|Battle timer is ON: inactive players will automatically lose when time's up. (requested by Chewe_60111)\n|inactive|Chewe_60111 has 60 seconds left.\n|\n|t:|1788242646\n|teamsize|p1|4\n|teamsize|p2|4\n|start\n|switch|p1a: Blastoise|Blastoise, L50, M|100/100\n|switch|p1b: Incineroar|Incineroar, L50, M|100/100\n|switch|p2a: Dragonite|Dragonite, L50, M|100/100\n|switch|p2b: Sneasler|Sneasler, L50, F|100/100\n|-ability|p1b: Incineroar|Intimidate|boost\n|-unboost|p2a: Dragonite|atk|1\n|-unboost|p2b: Sneasler|atk|1\n|-enditem|p2b: Sneasler|White Herb\n|-clearnegativeboost|p2b: Sneasler|[silent]\n|turn|1\n|inactive|kingsrowbajax has 30 seconds left.\n|inactive|Chewe_60111 has 30 seconds left.\n|inactive|kingsrowbajax has 20 seconds left.\n|inactive|Chewe_60111 has 20 seconds left.\n|\n|t:|1788242684\n|switch|p1b: Sinistcha|Sinistcha, L50|100/100\n|detailschange|p1a: Blastoise|Blastoise-Mega, L50, M\n|-mega|p1a: Blastoise|Blastoise|Blastoisinite\n|detailschange|p2a: Dragonite|Dragonite-Mega, L50, M\n|-mega|p2a: Dragonite|Dragonite|Dragoninite\n|move|p1a: Blastoise|Protect|p1a: Blastoise\n|-singleturn|p1a: Blastoise|Protect\n|move|p2b: Sneasler|Fake Out|p1b: Sinistcha\n|-immune|p1b: Sinistcha\n|move|p2a: Dragonite|Thunderbolt|p1a: Blastoise\n|-activate|p1a: Blastoise|move: Protect\n|\n|upkeep\n|turn|2\n|inactive|Chewe_60111 has 30 seconds left.\n|inactive|Chewe_60111 has 20 seconds left.\n|\n|t:|1788242722\n|switch|p2b: Whimsicott|Whimsicott, L50, M|100/100\n|move|p1b: Sinistcha|Rage Powder|p1b: Sinistcha\n|-singleturn|p1b: Sinistcha|move: Rage Powder\n|move|p2a: Dragonite|Heat Wave|p1a: Blastoise|[spread] p1a,p1b\n|-resisted|p1a: Blastoise|1\n|-supereffective|p1b: Sinistcha|1\n|-damage|p1a: Blastoise|86/100\n|-damage|p1b: Sinistcha|37/100\n|move|p1a: Blastoise|Shell Smash|p1a: Blastoise\n|-unboost|p1a: Blastoise|def|1\n|-unboost|p1a: Blastoise|spd|1\n|-boost|p1a: Blastoise|atk|2\n|-boost|p1a: Blastoise|spa|2\n|-boost|p1a: Blastoise|spe|2\n|\n|upkeep\n|turn|3\n|inactive|kingsrowbajax has 30 seconds left.\n|\n|t:|1788242751\n|switch|p1b: Incineroar|Incineroar, L50, M|100/100\n|-ability|p1b: Incineroar|Intimidate|boost\n|-unboost|p2a: Dragonite|atk|1\n|-unboost|p2b: Whimsicott|atk|1\n|move|p1a: Blastoise|Protect|p1a: Blastoise\n|-singleturn|p1a: Blastoise|Protect\n|move|p2b: Whimsicott|Encore|p1a: Blastoise\n|-activate|p1a: Blastoise|move: Protect\n|move|p2a: Dragonite|Heat Wave|p1a: Blastoise|[spread] p1b\n|-activate|p1a: Blastoise|move: Protect\n|-resisted|p1b: Incineroar|1\n|-damage|p1b: Incineroar|87/100\n|\n|upkeep\n|turn|4\n|inactive|Chewe_60111 has 30 seconds left.\n|inactive|Chewe_60111 has 20 seconds left.\n|\n|t:|1788242791\n|move|p1b: Incineroar|Fake Out|p2b: Whimsicott|[miss]\n|-miss|p1b: Incineroar|p2b: Whimsicott\n|move|p2b: Whimsicott|Light Screen|p2b: Whimsicott\n|-sidestart|p2: Chewe_60111|move: Light Screen\n|move|p1a: Blastoise|Water Spout|p2a: Dragonite|[spread] p2a,p2b\n|-resisted|p2a: Dragonite|1\n|-resisted|p2b: Whimsicott|1\n|-damage|p2a: Dragonite|84/100\n|-damage|p2b: Whimsicott|59/100\n|move|p2a: Dragonite|Dragon Pulse|p1b: Incineroar\n|-damage|p1b: Incineroar|40/100\n|-enditem|p1b: Incineroar|Sitrus Berry|[eat]\n|-heal|p1b: Incineroar|65/100|[from] item: Sitrus Berry\n|\n|upkeep\n|turn|5\n|\n|t:|1788242814\n|switch|p1b: Sneasler|Sneasler, L50, M|100/100\n|move|p1a: Blastoise|Protect|p1a: Blastoise\n|-singleturn|p1a: Blastoise|Protect\n|move|p2b: Whimsicott|Tailwind|p2b: Whimsicott\n|-sidestart|p2: Chewe_60111|move: Tailwind\n|move|p2a: Dragonite|Thunderbolt|p1a: Blastoise\n|-activate|p1a: Blastoise|move: Protect\n|\n|upkeep\n|turn|6\n|inactive|kingsrowbajax has 30 seconds left.\n|inactive|Chewe_60111 has 30 seconds left.\n|\n|t:|1788242841\n|move|p1b: Sneasler|Fake Out|p2b: Whimsicott\n|-damage|p2b: Whimsicott|43/100\n|cant|p2b: Whimsicott|flinch\n|move|p2a: Dragonite|Dragon Pulse|p1b: Sneasler\n|-damage|p1b: Sneasler|30/100\n|move|p1a: Blastoise|Water Spout|p2b: Whimsicott|[spread] p2a,p2b\n|-resisted|p2a: Dragonite|1\n|-resisted|p2b: Whimsicott|1\n|-damage|p2a: Dragonite|50/100g\n|-damage|p2b: Whimsicott|7/100\n|\n|upkeep\n|turn|7\n|\n|t:|1788242863\n|switch|p1b: Incineroar|Incineroar, L50, M|65/100\n|-ability|p1b: Incineroar|Intimidate|boost\n|-unboost|p2a: Dragonite|atk|1\n|-unboost|p2b: Whimsicott|atk|1\n|move|p1a: Blastoise|Protect|p1a: Blastoise\n|-singleturn|p1a: Blastoise|Protect\n|move|p2b: Whimsicott|Encore|p1b: Incineroar\n|-hint|Since gen 7, Dark is immune to Prankster moves.\n|-immune|p1b: Incineroar\n|move|p2a: Dragonite|Roost|p2a: Dragonite\n|-heal|p2a: Dragonite|100/100\n|-singleturn|p2a: Dragonite|move: Roost\n|\n|upkeep\n|turn|8\n|\n|t:|1788242886\n|switch|p2b: Sneasler|Sneasler, L50, F|100/100\n|move|p1b: Incineroar|Fake Out|p2b: Sneasler\n|-crit|p2b: Sneasler\n|-damage|p2b: Sneasler|83/100\n|move|p2a: Dragonite|Thunderbolt|p1a: Blastoise\n|-supereffective|p1a: Blastoise|1\n|-damage|p1a: Blastoise|0 fnt\n|faint|p1a: Blastoise\n|\n|-sideend|p2: Chewe_60111|move: Light Screen\n|-sideend|p2: Chewe_60111|move: Tailwind\n|upkeep\n|\n|t:|1788242897\n|switch|p1a: Sneasler|Sneasler, L50, M|30/100\n|turn|9\n|\n|t:|1788242919\n|move|p1a: Sneasler|Fake Out|p2b: Sneasler\n|-damage|p2b: Sneasler|66/100\n|cant|p2b: Sneasler|flinch\n|move|p2a: Dragonite|Dragon Pulse|p1a: Sneasler\n|-damage|p1a: Sneasler|0 fnt\n|faint|p1a: Sneasler\n|move|p1b: Incineroar|Parting Shot|p2a: Dragonite\n|-unboost|p2a: Dragonite|atk|1\n|-unboost|p2a: Dragonite|spa|1\n|\n|t:|1788242928\n|switch|p1b: Sinistcha|Sinistcha, L50|37/100|[from] Parting Shot\n|\n|upkeep\n|\n|t:|1788242931\n|switch|p1a: Incineroar|Incineroar, L50, M|65/100\n|-ability|p1a: Incineroar|Intimidate|boost\n|-unboost|p2a: Dragonite|atk|1\n|-unboost|p2b: Sneasler|atk|1\n|turn|10\n|-message|kingsrowbajax forfeited.\n|\n|win|Chewe_60111\n","uploadtime":1788242939,"views":"4","formatid":"gen9championsvgc2026regmbbo3","rating":null,"private":0,"password":null}