{"id":"gen9championsvgc2026regmbbo3-2674258383","format":"[Gen 9 Champions] VGC 2026 Reg M-B (Bo3)","players":["gackajink","bronzongbroomsvgc"],"log":"|j|☆gackajink\n|j|☆bronzongbroomsvgc\n|html|<table width=\"100%\"><tr><td align=\"left\">gackajink</td><td align=\"right\">bronzongbroomsvgc</tr><tr><td align=\"left\"><i class=\"fa fa-circle\"></i> <i class=\"fa fa-circle-o\"></i> </td><td align=\"right\"><i class=\"fa fa-circle-o\"></i> <i class=\"fa fa-circle-o\"></i> </tr></table>\n|uhtml|bestof|<h2><strong>Game 2</strong> of <a href=\"/game-bestof3-gen9championsvgc2026regmbbo3-2674257415\">a best-of-3</a></h2>\n|t:|1788325156\n|gametype|doubles\n|player|p1|gackajink|miku-flying|1146\n|player|p2|bronzongbroomsvgc|1|1244\n|gen|9\n|tier|[Gen 9 Champions] VGC 2026 Reg M-B (Bo3)\n|rated|\n|rule|Species Clause: Limit one of each Pokémon\n|rule|Item Clause: Limit 1 of each item\n|clearpoke\n|poke|p1|Alakazam, L50, F, shiny|\n|poke|p1|Meowstic, L50, M|\n|poke|p1|Annihilape, L50, F, shiny|\n|poke|p1|Whimsicott, L50, F|\n|poke|p1|Maushold-Four, L50|\n|poke|p1|Basculegion, L50, M|\n|poke|p2|Charizard, L50, M|\n|poke|p2|Garchomp, L50, M|\n|poke|p2|Basculegion, L50, M|\n|poke|p2|Whimsicott, L50, M|\n|poke|p2|Floette-Eternal, L50, F|\n|poke|p2|Kingambit, L50, M|\n|teampreview|4\n|showteam|p1|Alakazam||Alakazite|InnerFocus|NastyPlot,ExpandingForce,Taunt,Protect|Modest||F|||50|]Meowstic||Meowsticite|Prankster|FakeOut,PsychicTerrain,ExpandingForce,MagicRoom|Timid||M|||50|]Annihilape||LifeOrb|Defiant|BulkUp,DrainPunch,RageFist,Protect|Jolly||F|||50|]Whimsicott||FocusSash|Prankster|Tailwind,Protect,BeatUp,HelpingHand|Modest||F|||50|]Maushold-Four||SitrusBerry|FriendGuard|FollowMe,BeatUp,Encore,SuperFang|Timid|||||50|]Basculegion||ChoiceScarf|Adaptability|WaveCrash,AquaJet,LastRespects,FlipTurn|Jolly||M|||50|\n|showteam|p2|Charizard||CharizarditeY|Blaze|HeatWave,AncientPower,WeatherBall,Protect|Timid||M|||50|]Garchomp||SitrusBerry|RoughSkin|DragonClaw,RockSlide,Earthquake,Protect|Jolly||M|||50|]Basculegion||LifeOrb|Adaptability|WaveCrash,AquaJet,LastRespects,Protect|Adamant||M|||50|]Whimsicott||FocusSash|Prankster|Moonblast,Encore,Tailwind,Protect|Timid||M|||50|]Floette-Eternal||Floettite|FlowerVeil|Moonblast,DazzlingGleam,LightofRuin,Protect|Modest||F|||50|]Kingambit||OccaBerry|Defiant|KowtowCleave,SuckerPunch,IronHead,LowKick|Adamant||M|||50|\n|\n|t:|1788325183\n|teamsize|p1|4\n|teamsize|p2|4\n|start\n|switch|p1a: Abracadabra|Alakazam, L50, F, shiny|100/100\n|switch|p1b: Vökuró|Meowstic, L50, M|100/100\n|switch|p2a: Basculegion|Basculegion, L50, M|100/100\n|switch|p2b: Whimsicott|Whimsicott, L50, M|100/100\n|turn|1\n|j| Person_McSomeone\n|\n|t:|1788325215\n|move|p2b: Whimsicott|Tailwind|p2b: Whimsicott\n|-sidestart|p2: bronzongbroomsvgc|move: Tailwind\n|move|p1b: Vökuró|Psychic Terrain|p1b: Vökuró\n|-fieldstart|move: Psychic Terrain\n|move|p2a: Basculegion|Wave Crash|p1a: Abracadabra\n|-damage|p1a: Abracadabra|0 fnt\n|faint|p1a: Abracadabra\n|-damage|p2a: Basculegion|74/100|[from] Recoil\n|-damage|p2a: Basculegion|64/100|[from] item: Life Orb\n|\n|upkeep\n|\n|t:|1788325247\n|switch|p1a: Whimsicott|Whimsicott, L50, F|100/100\n|turn|2\n|\n|t:|1788325276\n|switch|p2a: Kingambit|Kingambit, L50, M|100/100\n|detailschange|p1b: Vökuró|Meowstic-M-Mega, L50, M\n|-mega|p1b: Vökuró|Meowstic|Meowsticite\n|-ability|p1b: Vökuró|Defiant|Trace|[from] ability: Trace|[of] p2a: Kingambit\n|move|p1a: Whimsicott|Tailwind|p1a: Whimsicott\n|-sidestart|p1: gackajink|move: Tailwind\n|move|p2b: Whimsicott|Moonblast|p1a: Whimsicott\n|-damage|p1a: Whimsicott|44/100\n|move|p1b: Vökuró|Expanding Force|p2b: Whimsicott|[spread] p2b\n|-immune|p2a: Kingambit\n|-damage|p2b: Whimsicott|12/100\n|\n|upkeep\n|turn|3\n|\n|t:|1788325293\n|switch|p1b: Annihilape|Annihilape, L50, F, shiny|100/100\n|move|p2b: Whimsicott|Protect|p2b: Whimsicott\n|-singleturn|p2b: Whimsicott|Protect\n|move|p1a: Whimsicott|Beat Up|p1b: Annihilape\n|-damage|p1b: Annihilape|97/100\n|-damage|p1b: Annihilape|95/100\n|-damage|p1b: Annihilape|92/100\n|-hitcount|p1b: Annihilape|3\n|move|p2a: Kingambit|Kowtow Cleave|p1b: Annihilape\n|-damage|p1b: Annihilape|32/100\n|\n|upkeep\n|turn|4\n|\n|t:|1788325330\n|switch|p1a: Vökuró|Meowstic-M-Mega, L50, M|100/100\n|-ability|p1a: Vökuró|Prankster|Trace|[from] ability: Trace|[of] p2b: Whimsicott\n|move|p1b: Annihilape|Protect|p1b: Annihilape\n|-singleturn|p1b: Annihilape|Protect\n|move|p2b: Whimsicott|Moonblast|p1b: Annihilape\n|-activate|p1b: Annihilape|move: Protect\n|move|p2a: Kingambit|Iron Head|p1a: Vökuró\n|-damage|p1a: Vökuró|43/100\n|\n|-sideend|p2: bronzongbroomsvgc|move: Tailwind\n|upkeep\n|turn|5\n|j| busterbunner\n|\n|t:|1788325361\n|switch|p2a: Basculegion|Basculegion, L50, M|64/100\n|move|p2b: Whimsicott|Tailwind|p2b: Whimsicott\n|-sidestart|p2: bronzongbroomsvgc|move: Tailwind\n|move|p1a: Vökuró|Expanding Force|p2b: Whimsicott|[spread] p2a,p2b\n|-damage|p2a: Basculegion|5/100\n|-damage|p2b: Whimsicott|0 fnt\n|faint|p2b: Whimsicott\n|move|p1b: Annihilape|Drain Punch|p2a: Basculegion\n|-immune|p2a: Basculegion\n|\n|-sideend|p1: gackajink|move: Tailwind\n|-fieldend|move: Psychic Terrain\n|upkeep\n|\n|t:|1788325371\n|switch|p2b: Floette|Floette-Eternal, L50, F|100/100\n|turn|6\n|\n|t:|1788325388\n|switch|p1a: Whimsicott|Whimsicott, L50, F|44/100\n|detailschange|p2b: Floette|Floette-Mega, L50, F\n|-mega|p2b: Floette|Floette|Floettite\n|-ability|p2b: Floette|Fairy Aura\n|move|p1b: Annihilape|Protect|p1b: Annihilape\n|-singleturn|p1b: Annihilape|Protect\n|move|p2b: Floette|Dazzling Gleam|p1b: Annihilape|[spread] p1a\n|-activate|p1b: Annihilape|move: Protect\n|-damage|p1a: Whimsicott|0 fnt\n|faint|p1a: Whimsicott\n|move|p2a: Basculegion|Last Respects|p1b: Annihilape\n|-activate|p1b: Annihilape|move: Protect\n|\n|upkeep\n|\n|t:|1788325403\n|switch|p1a: Vökuró|Meowstic-M-Mega, L50, M|43/100\n|-ability|p1a: Vökuró|Fairy Aura|Trace|[from] ability: Trace|[of] p2b: Floette\n|-ability|p1a: Vökuró|Fairy Aura\n|turn|7\n|\n|t:|1788325413\n|move|p1a: Vökuró|Fake Out|p2b: Floette\n|-damage|p2b: Floette|94/100\n|move|p2a: Basculegion|Aqua Jet|p1b: Annihilape\n|-damage|p1b: Annihilape|0 fnt\n|faint|p1b: Annihilape\n|-damage|p2a: Basculegion|0 fnt|[from] item: Life Orb\n|faint|p2a: Basculegion\n|cant|p2b: Floette|flinch\n|\n|upkeep\n|\n|t:|1788325418\n|switch|p2a: Kingambit|Kingambit, L50, M|100/100\n|turn|8\n|-message|gackajink forfeited.\n|\n|win|bronzongbroomsvgc\n||gackajink is ready for game 3.\n||bronzongbroomsvgc is ready for game 3.\n|uhtml|next|Next: <a href=\"/battle-gen9championsvgc2026regmbbo3-2674259549\"><strong>Game 3 of 3</strong></a>\n|l| Person_McSomeone\n|l| busterbunner\n|l|☆gackajink\n|player|p1|\n","uploadtime":1788325698,"views":"1","formatid":"gen9championsvgc2026regmbbo3","rating":null,"private":0,"password":null}