{"id":"gen9championsvgc2026regmb-2674580069","format":"[Gen 9 Champions] VGC 2026 Reg M-B","players":["a silly team","jaredshane"],"log":"|j|☆a silly team\n|j|☆jaredshane\n|t:|1788376313\n|gametype|doubles\n|player|p1|a silly team|swimmer-gen4|1533\n|player|p2|jaredshane|steven|1442\n|gen|9\n|tier|[Gen 9 Champions] VGC 2026 Reg M-B\n|rated|\n|rule|Species Clause: Limit one of each Pokémon\n|rule|Item Clause: Limit 1 of each item\n|clearpoke\n|poke|p1|Kangaskhan, L50, F|\n|poke|p1|Zoroark-Hisui, L50, M|\n|poke|p1|Sylveon, L50, M|\n|poke|p1|Farigiraf, L50, M|\n|poke|p1|Staraptor, L50, M|\n|poke|p1|Pyroar, L50, F|\n|poke|p2|Charizard, L50, M, shiny|\n|poke|p2|Grimmsnarl, L50, M, shiny|\n|poke|p2|Archaludon, L50, M, shiny|\n|poke|p2|Pelipper, L50, F, shiny|\n|poke|p2|Venusaur, L50, M, shiny|\n|poke|p2|Swampert, L50, M, shiny|\n|teampreview|4\njaredshane has agreed to open team sheets.\n|inactive|Battle timer is ON: inactive players will automatically lose when time's up. (requested by a silly team)\n|\n|t:|1788376353\n|teamsize|p1|4\n|teamsize|p2|4\n|start\n|switch|p1a: Farigiraf|Farigiraf, L50, M|100/100\n|switch|p1b: Sylveon|Sylveon, L50, M|100/100\n|switch|p2a: Charizard|Charizard, L50, M, shiny|100/100\n|switch|p2b: Venusaur|Venusaur, L50, M, shiny|100/100\n|turn|1\n|inactive|a silly team has 30 seconds left.\n|inactive|jaredshane has 30 seconds left.\n|inactive|a silly team has 20 seconds left.\n|\n|t:|1788376390\n|detailschange|p2a: Charizard|Charizard-Mega-Y, L50, M, shiny\n|-mega|p2a: Charizard|Charizard|Charizardite Y\n|-weather|SunnyDay|[from] ability: Drought|[of] p2a: Charizard\n|move|p1a: Farigiraf|Protect|p1a: Farigiraf\n|-singleturn|p1a: Farigiraf|Protect\n|move|p2b: Venusaur|Sludge Bomb|p1a: Farigiraf\n|-activate|p1a: Farigiraf|move: Protect\n|move|p2a: Charizard|Heat Wave|p1a: Farigiraf|[spread] p1b\n|-activate|p1a: Farigiraf|move: Protect\n|-damage|p1b: Sylveon|53/100\n|move|p1b: Sylveon|Mystical Fire|p2b: Venusaur\n|-supereffective|p2b: Venusaur|1\n|-damage|p2b: Venusaur|8/100\n|-unboost|p2b: Venusaur|spa|1\n|\n|-weather|SunnyDay|[upkeep]\n|upkeep\n|turn|2\n|inactive|a silly team has 30 seconds left.\n|inactive|jaredshane has 30 seconds left.\n|\n|t:|1788376421\n|move|p2b: Venusaur|Sleep Powder|p1a: Farigiraf\n|-status|p1a: Farigiraf|slp|[from] move: Sleep Powder\n|cant|p1a: Farigiraf|slp\n|move|p2a: Charizard|Weather Ball|p1b: Sylveon\n|-damage|p1b: Sylveon|0 fnt\n|faint|p1b: Sylveon\n|\n|-weather|SunnyDay|[upkeep]\n|upkeep\n|\n|t:|1788376442\n|switch|p1b: Staraptor|Staraptor, L50, M|100/100\n|-ability|p1b: Staraptor|Intimidate|boost\n|-unboost|p2a: Charizard|atk|1\n|-unboost|p2b: Venusaur|atk|1\n|turn|3\n|\n|t:|1788376453\n|move|p2b: Venusaur|Protect|p2b: Venusaur\n|-singleturn|p2b: Venusaur|Protect\n|cant|p1a: Farigiraf|slp\n|move|p1b: Staraptor|Protect|p1b: Staraptor\n|-singleturn|p1b: Staraptor|Protect\n|move|p2a: Charizard|Weather Ball|p1b: Staraptor\n|-activate|p1b: Staraptor|move: Protect\n|\n|-weather|SunnyDay|[upkeep]\n|upkeep\n|turn|4\n|\n|t:|1788376476\n|switch|p1b: Farigiraf|Farigiraf, L50, M|100/100\n|move|p2b: Venusaur|Sleep Powder|p1b: Farigiraf\n|-status|p1b: Farigiraf|slp|[from] move: Sleep Powder\n|-curestatus|p1a: Farigiraf|slp|[msg]\n|move|p1a: Farigiraf|Shadow Ball|p2a: Charizard\n|-damage|p2a: Charizard|60/100\n|-unboost|p2a: Charizard|spd|1\n|move|p2a: Charizard|Heat Wave|p1a: Farigiraf|[spread] p1a,p1b\n|-enditem|p1a: Farigiraf|Focus Sash\n|-damage|p1a: Farigiraf|1/100\n|-damage|p1b: Farigiraf|37/100 slp\n|replace|p1a: Zoroark|Zoroark-Hisui, L50, M\n|-end|p1a: Zoroark|Illusion\n|-enditem|p1b: Farigiraf|Sitrus Berry|[eat]\n|-heal|p1b: Farigiraf|62/100 slp|[from] item: Sitrus Berry\n|\n|-weather|SunnyDay|[upkeep]\n|upkeep\n|turn|5\n|inactive|jaredshane has 30 seconds left.\n|inactive|jaredshane has 20 seconds left.\n|\n|t:|1788376513\n|move|p1a: Zoroark|Protect|p1a: Zoroark\n|-singleturn|p1a: Zoroark|Protect\n|move|p2b: Venusaur|Sludge Bomb|p1a: Zoroark\n|-activate|p1a: Zoroark|move: Protect\n|move|p2a: Charizard|Weather Ball|p1b: Farigiraf\n|-damage|p1b: Farigiraf|0 fnt\n|faint|p1b: Farigiraf\n|\n|-weather|none\n|upkeep\n|\n|t:|1788376525\n|switch|p1b: Staraptor|Staraptor, L50, M|100/100\n|-ability|p1b: Staraptor|Intimidate|boost\n|-unboost|p2a: Charizard|atk|1\n|-unboost|p2b: Venusaur|atk|1\n|turn|6\n|\n|t:|1788376536\n|switch|p2b: Archaludon|Archaludon, L50, M, shiny|100/100\n|detailschange|p1b: Staraptor|Staraptor-Mega, L50, M\n|-mega|p1b: Staraptor|Staraptor|Staraptite\n|move|p1a: Zoroark|Shadow Ball|p2a: Charizard\n|-damage|p2a: Charizard|6/100\n|-unboost|p2a: Charizard|spd|1\n|move|p2a: Charizard|Heat Wave|p1a: Zoroark|[spread] p1a,p1b\n|-damage|p1a: Zoroark|0 fnt\n|-damage|p1b: Staraptor|62/100\n|-status|p1b: Staraptor|brn\n|faint|p1a: Zoroark\n|move|p1b: Staraptor|Close Combat|p2b: Archaludon\n|-supereffective|p2b: Archaludon|1\n|-damage|p2b: Archaludon|45/100\n|-boost|p1b: Staraptor|def|1\n|-boost|p1b: Staraptor|spd|1\n|-ability|p2b: Archaludon|Stamina|boost\n|-boost|p2b: Archaludon|def|1\n|\n|-heal|p2b: Archaludon|51/100|[from] item: Leftovers\n|-damage|p1b: Staraptor|56/100 brn|[from] brn\n|upkeep\n|turn|7\n|\n|t:|1788376560\n|switch|p2a: Pelipper|Pelipper, L50, F, shiny|100/100\n|-weather|RainDance|[from] ability: Drizzle|[of] p2a: Pelipper\n|move|p2b: Archaludon|Protect|p2b: Archaludon\n|-singleturn|p2b: Archaludon|Protect\n|move|p1b: Staraptor|Close Combat|p2b: Archaludon\n|-activate|p2b: Archaludon|move: Protect\n|\n|-weather|RainDance|[upkeep]\n|-heal|p2b: Archaludon|57/100|[from] item: Leftovers\n|-damage|p1b: Staraptor|50/100g brn|[from] brn\n|upkeep\n|turn|8\n|-message|a silly team forfeited.\n|\n|win|jaredshane\n|raw|a silly team's rating: 1533 &rarr; <strong>1508</strong><br />(-25 for losing)\n|raw|jaredshane's rating: 1442 &rarr; <strong>1467</strong><br />(+25 for winning)\n","uploadtime":1788376572,"views":"4","formatid":"gen9championsvgc2026regmb","rating":1467,"private":0,"password":null}