{"id":"gen9championsvgc2026regmbbo3-2674202165","format":"[Gen 9 Champions] VGC 2026 Reg M-B (Bo3)","players":["manquitoprime","eldanger10"],"log":"|j|☆manquitoprime\n|j|☆eldanger10\n|html|<table width=\"100%\"><tr><td align=\"left\">manquitoprime</td><td align=\"right\">eldanger10</tr><tr><td align=\"left\"><i class=\"fa fa-circle-o\"></i> <i class=\"fa fa-circle-o\"></i> </td><td align=\"right\"><i class=\"fa fa-circle-o\"></i> <i class=\"fa fa-circle-o\"></i> </tr></table>\n|uhtml|bestof|<h2><strong>Game 1</strong> of <a href=\"/game-bestof3-gen9championsvgc2026regmbbo3-2674202164\">a best-of-3</a></h2>\n|t:|1788314698\n|gametype|doubles\n|player|p1|manquitoprime|cynthia|1159\n|player|p2|eldanger10|hilda|1265\n|gen|9\n|tier|[Gen 9 Champions] VGC 2026 Reg M-B (Bo3)\n|rated|\n|rule|Species Clause: Limit one of each Pokémon\n|rule|Item Clause: Limit 1 of each item\n|clearpoke\n|poke|p1|Archaludon, L50, F|\n|poke|p1|Charizard, L50, F|\n|poke|p1|Pelipper, L50, F|\n|poke|p1|Venusaur, L50, F|\n|poke|p1|Swampert, L50, F|\n|poke|p1|Grimmsnarl, L50, M|\n|poke|p2|Charizard, L50, F|\n|poke|p2|Whimsicott, L50, M|\n|poke|p2|Floette-Eternal, L50, F|\n|poke|p2|Garchomp, L50, F|\n|poke|p2|Basculegion, L50, M|\n|poke|p2|Kingambit, L50, M|\n|teampreview|4\n|showteam|p1|Archaludon||Leftovers|Stamina|FlashCannon,Protect,ElectroShot,DragonPulse|Timid||F|||50|]Charizard||CharizarditeY|Blaze|HeatWave,SolarBeam,WeatherBall,Protect|Timid||F|||50|]Pelipper||SitrusBerry|Drizzle|Hurricane,WideGuard,WeatherBall,Tailwind|Modest||F|||50|]Venusaur||FocusSash|Chlorophyll|LeafStorm,EarthPower,SludgeBomb,Protect|Modest||F|||50|]Swampert||Swampertite|Torrent|WaveCrash,Protect,Earthquake,IcePunch|Adamant||F|||50|]Grimmsnarl||LightClay|Prankster|Reflect,LightScreen,PartingShot,SpiritBreak|Careful||M|||50|\n|showteam|p2|Charizard||CharizarditeY|Blaze|HeatWave,WeatherBall,AncientPower,Protect|Timid||F|||50|]Whimsicott||FocusSash|Prankster|Moonblast,Tailwind,Encore,Protect|Timid||M|||50|]Floette-Eternal||Floettite|FlowerVeil|Moonblast,DazzlingGleam,LightofRuin,Protect|Modest||F|||50|]Garchomp||LifeOrb|RoughSkin|DragonClaw,Earthquake,RockSlide,Protect|Jolly||F|||50|]Basculegion||ColburBerry|SwiftSwim|WaveCrash,LastRespects,AquaJet,Protect|Adamant||M|||50|]Kingambit||OccaBerry|Defiant|KowtowCleave,SuckerPunch,IronHead,LowKick|Adamant||M|||50|\n|inactive|Battle timer is ON: inactive players will automatically lose when time's up. (requested by manquitoprime)\n|inactive|manquitoprime has 60 seconds left.\n|inactive|eldanger10 has 60 seconds left.\n|inactive|eldanger10 has 30 seconds left.\n|inactive|manquitoprime has 30 seconds left.\n|inactive|eldanger10 has 20 seconds left.\n|inactive|eldanger10 has 15 seconds left.\n|inactive|manquitoprime has 20 seconds left.\n|inactive|eldanger10 has 10 seconds left.\n|\n|t:|1788314782\n|teamsize|p1|4\n|teamsize|p2|4\n|start\n|switch|p1a: Swampert|Swampert, L50, F|100/100\n|switch|p1b: Grimmsnarl|Grimmsnarl, L50, M|100/100\n|switch|p2a: Charizard|Charizard, L50, F|100/100\n|switch|p2b: Whimsicott|Whimsicott, L50, M|100/100\n|turn|1\n|inactive|manquitoprime has 30 seconds left.\n|inactive|manquitoprime has 20 seconds left.\n|\n|t:|1788314821\n|detailschange|p1a: Swampert|Swampert-Mega, L50, F\n|-mega|p1a: Swampert|Swampert|Swampertite\n|move|p2a: Charizard|Protect|p2a: Charizard\n|-singleturn|p2a: Charizard|Protect\n|move|p1a: Swampert|Protect|p1a: Swampert\n|-singleturn|p1a: Swampert|Protect\n|move|p1b: Grimmsnarl|Light Screen|p1b: Grimmsnarl\n|-sidestart|p1: manquitoprime|move: Light Screen\n|move|p2b: Whimsicott|Moonblast|p1b: Grimmsnarl\n|-supereffective|p1b: Grimmsnarl|1\n|-damage|p1b: Grimmsnarl|64/100\n|\n|upkeep\n|turn|2\n|inactive|manquitoprime has 30 seconds left.\n|inactive|eldanger10 has 30 seconds left.\n|inactive|manquitoprime has 20 seconds left.\n|inactive|manquitoprime has 15 seconds left.\n|inactive|manquitoprime has 10 seconds left.\n|inactive|manquitoprime has 5 seconds left.\n|\n|t:|1788314873\n|switch|p1a: Pelipper|Pelipper, L50, F|100/100\n|-weather|RainDance|[from] ability: Drizzle|[of] p1a: Pelipper\n|move|p2b: Whimsicott|Encore||[still]\n|-fail|p2b: Whimsicott\n|move|p1b: Grimmsnarl|Parting Shot|p2b: Whimsicott\n|-unboost|p2b: Whimsicott|atk|1\n|-unboost|p2b: Whimsicott|spa|1\n|\n|t:|1788314893\n|switch|p1b: Swampert|Swampert-Mega, L50, F|100/100|[from] Parting Shot\n|move|p2a: Charizard|Heat Wave|p1a: Pelipper|[spread] p1a,p1b\n|-resisted|p1a: Pelipper|1\n|-resisted|p1b: Swampert|1\n|-damage|p1a: Pelipper|93/100\n|-damage|p1b: Swampert|96/100\n|\n|-weather|RainDance|[upkeep]\n|upkeep\n|turn|3\n|inactive|manquitoprime has 30 seconds left.\n|\n|t:|1788314919\n|detailschange|p2a: Charizard|Charizard-Mega-Y, L50, F\n|-mega|p2a: Charizard|Charizard|Charizardite Y\n|-weather|SunnyDay|[from] ability: Drought|[of] p2a: Charizard\n|move|p2b: Whimsicott|Moonblast|p1a: Pelipper\n|-crit|p1a: Pelipper\n|-damage|p1a: Pelipper|20/100y\n|-enditem|p1a: Pelipper|Sitrus Berry|[eat]\n|-heal|p1a: Pelipper|45/100|[from] item: Sitrus Berry\n|move|p2a: Charizard|Ancient Power|p1a: Pelipper\n|-supereffective|p1a: Pelipper|1\n|-damage|p1a: Pelipper|7/100\n|move|p1b: Swampert|Wave Crash|p2a: Charizard\n|-supereffective|p2a: Charizard|1\n|-damage|p2a: Charizard|10/100\n|-damage|p1b: Swampert|73/100|[from] Recoil\n|move|p1a: Pelipper|Hurricane|p2b: Whimsicott\n|-supereffective|p2b: Whimsicott|1\n|-enditem|p2b: Whimsicott|Focus Sash\n|-damage|p2b: Whimsicott|1/100\n|\n|-weather|SunnyDay|[upkeep]\n|upkeep\n|turn|4\n|inactive|manquitoprime has 30 seconds left.\n|inactive|manquitoprime has 20 seconds left.\n|\n|t:|1788314956\n|switch|p1a: Grimmsnarl|Grimmsnarl, L50, M|64/100\n|move|p1b: Swampert|Protect|p1b: Swampert\n|-singleturn|p1b: Swampert|Protect\n|move|p2b: Whimsicott|Moonblast|p1a: Grimmsnarl\n|-supereffective|p1a: Grimmsnarl|1\n|-damage|p1a: Grimmsnarl|40/100\n|move|p2a: Charizard|Weather Ball|p1b: Swampert\n|-activate|p1b: Swampert|move: Protect\n|\n|-weather|SunnyDay|[upkeep]\n|upkeep\n|turn|5\n|inactive|manquitoprime has 30 seconds left.\n|\n|t:|1788314989\n|switch|p2a: Basculegion|Basculegion, L50, M|100/100\n|move|p2b: Whimsicott|Protect|p2b: Whimsicott\n|-singleturn|p2b: Whimsicott|Protect\n|move|p1a: Grimmsnarl|Parting Shot|p2a: Basculegion\n|-unboost|p2a: Basculegion|atk|1\n|-unboost|p2a: Basculegion|spa|1\n|\n|t:|1788315003\n|switch|p1a: Archaludon|Archaludon, L50, F|100/100|[from] Parting Shot\n|move|p1b: Swampert|Ice Punch|p2b: Whimsicott\n|-activate|p2b: Whimsicott|move: Protect\n|\n|-weather|SunnyDay|[upkeep]\n|upkeep\n|turn|6\n|inactive|manquitoprime has 30 seconds left.\n|inactive|eldanger10 has 30 seconds left.\n|inactive|manquitoprime has 20 seconds left.\n|inactive|eldanger10 has 20 seconds left.\n|\n|t:|1788315043\n|move|p1b: Swampert|Protect|p1b: Swampert\n|-singleturn|p1b: Swampert|Protect\n|move|p2b: Whimsicott|Tailwind|p2b: Whimsicott\n|-sidestart|p2: eldanger10|move: Tailwind\n|move|p2a: Basculegion|Wave Crash|p1b: Swampert\n|-activate|p1b: Swampert|move: Protect\n|move|p1a: Archaludon|Flash Cannon|p2b: Whimsicott\n|-supereffective|p2b: Whimsicott|1\n|-damage|p2b: Whimsicott|0 fnt\n|faint|p2b: Whimsicott\n|\n|-weather|SunnyDay|[upkeep]\n|upkeep\n|\n|t:|1788315052\n|switch|p2b: Garchomp|Garchomp, L50, F|100/100\n|turn|7\n|\n|t:|1788315076\n|switch|p1a: Grimmsnarl|Grimmsnarl, L50, M|40/100\n|move|p2b: Garchomp|Earthquake|p1a: Grimmsnarl|[spread] p2a,p1a,p1b\n|-damage|p2a: Basculegion|54/100\n|-damage|p1a: Grimmsnarl|0 fnt\n|-damage|p1b: Swampert|36/100\n|faint|p1a: Grimmsnarl\n|-damage|p2b: Garchomp|90/100|[from] item: Life Orb\n|move|p2a: Basculegion|Last Respects|p1b: Swampert\n|-damage|p1b: Swampert|8/100\n|move|p1b: Swampert|Ice Punch|p2b: Garchomp\n|-supereffective|p2b: Garchomp|2\n|-damage|p2b: Garchomp|0 fnt\n|-damage|p1b: Swampert|0 fnt|[from] ability: Rough Skin|[of] p2b: Garchomp\n|faint|p2b: Garchomp\n|faint|p1b: Swampert\n|\n|-weather|none\n|upkeep\n|\n|t:|1788315092\n|switch|p2b: Charizard|Charizard-Mega-Y, L50, F|10/100\n|switch|p1b: Pelipper|Pelipper, L50, F|7/100\n|switch|p1a: Archaludon|Archaludon, L50, F|100/100\n|-weather|SunnyDay|[from] ability: Drought|[of] p2b: Charizard\n|-weather|RainDance|[from] ability: Drizzle|[of] p1b: Pelipper\n|turn|8\n|inactive|manquitoprime has 30 seconds left.\n|inactive|eldanger10 has 30 seconds left.\n|\n|t:|1788315131\n|move|p2a: Basculegion|Protect|p2a: Basculegion\n|-singleturn|p2a: Basculegion|Protect\n|move|p2b: Charizard|Ancient Power|p1b: Pelipper\n|-supereffective|p1b: Pelipper|1\n|-damage|p1b: Pelipper|0 fnt\n|faint|p1b: Pelipper\n|move|p1a: Archaludon|Electro Shot||[still]\n|-prepare|p1a: Archaludon|Electro Shot\n|-boost|p1a: Archaludon|spa|1\n|-anim|p1a: Archaludon|Electro Shot|p2a: Basculegion\n|-activate|p2a: Basculegion|move: Protect\n|\n|-weather|RainDance|[upkeep]\n|-sideend|p1: manquitoprime|move: Light Screen\n|upkeep\n|turn|9\n|\n|t:|1788315144\n|move|p2a: Basculegion|Last Respects|p1a: Archaludon\n|-damage|p1a: Archaludon|52/100\n|-ability|p1a: Archaludon|Stamina|boost\n|-boost|p1a: Archaludon|def|1\n|move|p2b: Charizard|Weather Ball|p1a: Archaludon\n|-resisted|p1a: Archaludon|1\n|-damage|p1a: Archaludon|10/100\n|-ability|p1a: Archaludon|Stamina|boost\n|-boost|p1a: Archaludon|def|1\n|move|p1a: Archaludon|Electro Shot||[still]\n|-prepare|p1a: Archaludon|Electro Shot\n|-boost|p1a: Archaludon|spa|1\n|-anim|p1a: Archaludon|Electro Shot|p2a: Basculegion\n|-supereffective|p2a: Basculegion|1\n|-damage|p2a: Basculegion|0 fnt\n|faint|p2a: Basculegion\n|\n|-weather|RainDance|[upkeep]\n|-heal|p1a: Archaludon|16/100|[from] item: Leftovers\n|-sideend|p2: eldanger10|move: Tailwind\n|upkeep\n|turn|10\n|\n|t:|1788315161\n|move|p1a: Archaludon|Protect|p1a: Archaludon\n|-singleturn|p1a: Archaludon|Protect\n|move|p2b: Charizard|Weather Ball|p1a: Archaludon\n|-activate|p1a: Archaludon|move: Protect\n|\n|-weather|RainDance|[upkeep]\n|-heal|p1a: Archaludon|22/100|[from] item: Leftovers\n|upkeep\n|turn|11\n|\n|t:|1788315174\n|move|p2b: Charizard|Weather Ball|p1a: Archaludon\n|-resisted|p1a: Archaludon|1\n|-damage|p1a: Archaludon|0 fnt\n|faint|p1a: Archaludon\n|\n|win|eldanger10\n||manquitoprime is ready for game 2.\n||eldanger10 is ready for game 2.\n|uhtml|next|Next: <a href=\"/battle-gen9championsvgc2026regmbbo3-2674205196\"><strong>Game 2 of 3</strong></a>\n|l|☆manquitoprime\n|player|p1|\n","uploadtime":1788315924,"views":"17","formatid":"gen9championsvgc2026regmbbo3","rating":null,"private":0,"password":null}