{"id":"gen9championsvgc2026regmb-2674205516","format":"[Gen 9 Champions] VGC 2026 Reg M-B","players":["Namranan","justn.arz"],"log":"|j|☆Namranan\n|j|☆justn.arz\n|t:|1788315226\n|gametype|doubles\n|player|p1|Namranan|harlequin|1143\n|player|p2|justn.arz|n|1136\n|gen|9\n|tier|[Gen 9 Champions] VGC 2026 Reg M-B\n|rated|\n|rule|Species Clause: Limit one of each Pokémon\n|rule|Item Clause: Limit 1 of each item\n|clearpoke\n|poke|p1|Volcarona, L50, M|\n|poke|p1|Lycanroc-Dusk, L50, M|\n|poke|p1|Metagross, L50|\n|poke|p1|Basculegion, L50, M|\n|poke|p1|Aerodactyl, L50, F|\n|poke|p1|Raichu, L50, F|\n|poke|p2|Gholdengo, L50|\n|poke|p2|Staraptor, L50, F|\n|poke|p2|Whimsicott, L50, M, shiny|\n|poke|p2|Tyranitar, L50, M|\n|poke|p2|Sinistcha-Masterpiece, L50|\n|poke|p2|Sneasler, L50, F|\n|teampreview|4\n|inactive|Battle timer is ON: inactive players will automatically lose when time's up. (requested by justn.arz)\n|inactive|justn.arz has 60 seconds left.\n|\n|t:|1788315264\n|teamsize|p1|4\n|teamsize|p2|4\n|start\n|switch|p1a: Aerodactyl|Aerodactyl, L50, F|100/100\n|switch|p1b: Metagross|Metagross, L50|100/100\n|switch|p2a: Tyranitar|Tyranitar, L50, M|100/100\n|switch|p2b: Gholdengo|Gholdengo, L50|100/100\n|-ability|p1a: Aerodactyl|Unnerve\n|-weather|Sandstorm|[from] ability: Sand Stream|[of] p2a: Tyranitar\n|turn|1\n|inactive|justn.arz has 30 seconds left.\n|\n|t:|1788315294\n|switch|p2a: Sneasler|Sneasler, L50, F|100/100\n|detailschange|p1b: Metagross|Metagross-Mega, L50\n|-mega|p1b: Metagross|Metagross|Metagrossite\n|move|p1a: Aerodactyl|Tailwind|p1a: Aerodactyl\n|-sidestart|p1: Namranan|move: Tailwind\n|move|p1b: Metagross|Meteor Mash|p2a: Sneasler|[miss]\n|-miss|p1b: Metagross|p2a: Sneasler\n|move|p2b: Gholdengo|Shadow Ball|p1b: Metagross\n|-supereffective|p1b: Metagross|1\n|-damage|p1b: Metagross|0 fnt\n|faint|p1b: Metagross\n|-damage|p2b: Gholdengo|90/100|[from] item: Life Orb\n|\n|-weather|Sandstorm|[upkeep]\n|-damage|p2a: Sneasler|94/100|[from] Sandstorm\n|upkeep\n|\n|t:|1788315308\n|switch|p1b: Basculegion|Basculegion, L50, M|100/100\n|turn|2\n|\n|t:|1788315321\n|move|p2b: Gholdengo|Protect|p2b: Gholdengo\n|-singleturn|p2b: Gholdengo|Protect\n|move|p2a: Sneasler|Fake Out|p1a: Aerodactyl\n|-resisted|p1a: Aerodactyl|1\n|-damage|p1a: Aerodactyl|88/100\n|cant|p1a: Aerodactyl|flinch\n|move|p1b: Basculegion|Last Respects|p2b: Gholdengo\n|-activate|p2b: Gholdengo|move: Protect\n|\n|-weather|Sandstorm|[upkeep]\n|-damage|p1b: Basculegion|93/100|[from] Sandstorm\n|-damage|p2a: Sneasler|88/100|[from] Sandstorm\n|upkeep\n|turn|3\n|inactive|justn.arz has 30 seconds left.\n|\n|t:|1788315352\n|move|p1a: Aerodactyl|Dual Wingbeat|p2a: Sneasler\n|-supereffective|p2a: Sneasler|1\n|-damage|p2a: Sneasler|28/100\n|-supereffective|p2a: Sneasler|1\n|-damage|p2a: Sneasler|0 fnt\n|faint|p2a: Sneasler\n|-hitcount|p2: Sneasler|2\n|move|p1b: Basculegion|Last Respects|p2b: Gholdengo\n|-supereffective|p2b: Gholdengo|1\n|-damage|p2b: Gholdengo|0 fnt\n|faint|p2b: Gholdengo\n|-damage|p1b: Basculegion|84/100|[from] item: Life Orb\n|\n|-weather|Sandstorm|[upkeep]\n|-damage|p1b: Basculegion|78/100|[from] Sandstorm\n|upkeep\n|\n|t:|1788315357\n|switch|p2a: Sinistcha|Sinistcha-Masterpiece, L50|100/100\n|switch|p2b: Tyranitar|Tyranitar, L50, M|100/100\n|turn|4\n|\n|t:|1788315376\n|detailschange|p2b: Tyranitar|Tyranitar-Mega, L50, M\n|-mega|p2b: Tyranitar|Tyranitar|Tyranitarite\n|move|p2a: Sinistcha|Rage Powder|p2a: Sinistcha\n|-singleturn|p2a: Sinistcha|move: Rage Powder\n|move|p1a: Aerodactyl|Dual Wingbeat|p2a: Sinistcha\n|-supereffective|p2a: Sinistcha|1\n|-damage|p2a: Sinistcha|75/100\n|-supereffective|p2a: Sinistcha|1\n|-damage|p2a: Sinistcha|51/100\n|-hitcount|p2a: Sinistcha|2\n|move|p1b: Basculegion|Last Respects|p2a: Sinistcha\n|-supereffective|p2a: Sinistcha|1\n|-damage|p2a: Sinistcha|0 fnt\n|faint|p2a: Sinistcha\n|-damage|p1b: Basculegion|68/100|[from] item: Life Orb\n|move|p2b: Tyranitar|Dragon Dance|p2b: Tyranitar\n|-boost|p2b: Tyranitar|atk|1\n|-boost|p2b: Tyranitar|spe|1\n|\n|-weather|Sandstorm|[upkeep]\n|-damage|p1b: Basculegion|62/100|[from] Sandstorm\n|-sideend|p1: Namranan|move: Tailwind\n|upkeep\n|turn|5\n|inactive|Namranan has 30 seconds left.\n|inactive|Namranan has 20 seconds left.\n|\n|t:|1788315412\n|move|p1b: Basculegion|Protect|p1b: Basculegion\n|-singleturn|p1b: Basculegion|Protect\n|move|p1a: Aerodactyl|Tailwind|p1a: Aerodactyl\n|-sidestart|p1: Namranan|move: Tailwind\n|move|p2b: Tyranitar|Knock Off|p1b: Basculegion\n|-activate|p1b: Basculegion|move: Protect\n|\n|-weather|none\n|upkeep\n|turn|6\n|\n|t:|1788315425\n|move|p1a: Aerodactyl|Rock Slide|p2b: Tyranitar\n|-damage|p2b: Tyranitar|79/100\n|move|p1b: Basculegion|Wave Crash|p2b: Tyranitar\n|-supereffective|p2b: Tyranitar|1\n|-damage|p2b: Tyranitar|0 fnt\n|faint|p2b: Tyranitar\n|-damage|p1b: Basculegion|38/100|[from] Recoil\n|-damage|p1b: Basculegion|28/100|[from] item: Life Orb\n|\n|win|Namranan\n|raw|Namranan's rating: 1143 &rarr; <strong>1167</strong><br />(+24 for winning)\n|raw|justn.arz's rating: 1136 &rarr; <strong>1112</strong><br />(-24 for losing)\n|l|☆justn.arz\n|player|p2|\n","uploadtime":1788315432,"views":"0","formatid":"gen9championsvgc2026regmb","rating":1112,"private":0,"password":null}