{"id":"gen9championsvgc2026regmb-2674451705","format":"[Gen 9 Champions] VGC 2026 Reg M-B","players":["PedroMonteiro","Zapdos79"],"log":"|j|☆PedroMonteiro\n|j|☆Zapdos79\n|t:|1788361447\n|gametype|doubles\n|player|p1|PedroMonteiro|crasherwake|1101\n|player|p2|Zapdos79|flannery|1088\n|gen|9\n|tier|[Gen 9 Champions] VGC 2026 Reg M-B\n|rated|\n|rule|Species Clause: Limit one of each Pokémon\n|rule|Item Clause: Limit 1 of each item\n|clearpoke\n|poke|p1|Kingambit, L50, M|\n|poke|p1|Archaludon, L50, F|\n|poke|p1|Grimmsnarl, L50, M|\n|poke|p1|Pelipper, L50, F|\n|poke|p1|Swampert, L50, F|\n|poke|p1|Scizor, L50, F|\n|poke|p2|Espathra, L50, M|\n|poke|p2|Floette-Eternal, L50, F|\n|poke|p2|Charizard, L50, M|\n|poke|p2|Zoroark-Hisui, L50, M|\n|poke|p2|Sneasler, L50, F|\n|poke|p2|Kingambit, L50, F|\n|teampreview|4\nPedroMonteiro rejected open team sheets.\n|\n|t:|1788361555\n|teamsize|p1|4\n|teamsize|p2|4\n|start\n|switch|p1a: Archaludon|Archaludon, L50, F|100/100\n|switch|p1b: Swampert|Swampert, L50, F|100/100\n|switch|p2a: Floette|Floette-Eternal, L50, F|100/100\n|switch|p2b: Espathra|Espathra, L50, M|100/100\n|turn|1\n|inactive|Battle timer is ON: inactive players will automatically lose when time's up. (requested by Zapdos79)\n|\n|t:|1788361577\n|switch|p1b: Pelipper|Pelipper, L50, F|100/100\n|-weather|RainDance|[from] ability: Drizzle|[of] p1b: Pelipper\n|move|p2a: Floette|Will-O-Wisp|p1b: Pelipper\n|-status|p1b: Pelipper|brn\n|move|p1a: Archaludon|Flash Cannon|p2a: Floette\n|-damage|p2a: Floette|18/100\n|replace|p2a: Zoroark|Zoroark-Hisui, L50, M\n|-end|p2a: Zoroark|Illusion\n|move|p2b: Espathra|Calm Mind|p2b: Espathra\n|-boost|p2b: Espathra|spa|1\n|-boost|p2b: Espathra|spd|1\n|\n|-weather|RainDance|[upkeep]\n|-damage|p1b: Pelipper|94/100 brn|[from] brn\n|-ability|p2b: Espathra|Speed Boost|boost\n|-boost|p2b: Espathra|spe|1\n|upkeep\n|turn|2\n|inactive|PedroMonteiro has 30 seconds left.\n|inactive|Zapdos79 has 30 seconds left.\n|\n|t:|1788361607\n|move|p2b: Espathra|Protect|p2b: Espathra\n|-singleturn|p2b: Espathra|Protect\n|move|p2a: Zoroark|Bitter Malice|p1a: Archaludon\n|-damage|p1a: Archaludon|41/100\n|-unboost|p1a: Archaludon|atk|1\n|-ability|p1a: Archaludon|Stamina|boost\n|-boost|p1a: Archaludon|def|1\n|move|p1a: Archaludon|Electro Shot||[still]\n|-prepare|p1a: Archaludon|Electro Shot\n|-boost|p1a: Archaludon|spa|1\n|-anim|p1a: Archaludon|Electro Shot|p2b: Espathra\n|-activate|p2b: Espathra|move: Protect\n|move|p1b: Pelipper|Weather Ball|p2b: Espathra\n|-activate|p2b: Espathra|move: Protect\n|\n|-weather|RainDance|[upkeep]\n|-heal|p1a: Archaludon|47/100|[from] item: Leftovers\n|-damage|p1b: Pelipper|88/100 brn|[from] brn\n|-ability|p2b: Espathra|Speed Boost|boost\n|-boost|p2b: Espathra|spe|1\n|upkeep\n|turn|3\n|inactive|PedroMonteiro has 30 seconds left.\n|inactive|Zapdos79 has 30 seconds left.\n|\n|t:|1788361634\n|move|p2b: Espathra|Baton Pass|p2b: Espathra\n|\n|t:|1788361637\n|switch|p2b: Floette|Floette-Eternal, L50, F|100/100|[from] Baton Pass\n|move|p2a: Zoroark|Bitter Malice|p1a: Archaludon\n|-damage|p1a: Archaludon|0 fnt\n|faint|p1a: Archaludon\n|move|p1b: Pelipper|Weather Ball|p2b: Floette\n|-damage|p2b: Floette|58/100\n|\n|-weather|RainDance|[upkeep]\n|-damage|p1b: Pelipper|82/100 brn|[from] brn\n|upkeep\n|\n|t:|1788361649\n|switch|p1a: Swampert|Swampert, L50, F|100/100\n|turn|4\n|\n|t:|1788361665\n|detailschange|p2b: Floette|Floette-Mega, L50, F\n|-mega|p2b: Floette|Floette|Floettite\n|-ability|p2b: Floette|Fairy Aura\n|detailschange|p1a: Swampert|Swampert-Mega, L50, F\n|-mega|p1a: Swampert|Swampert|Swampertite\n|move|p2b: Floette|Protect|p2b: Floette\n|-singleturn|p2b: Floette|Protect\n|move|p1b: Pelipper|Wide Guard|p1b: Pelipper\n|-singleturn|p1b: Pelipper|Wide Guard\n|move|p1a: Swampert|Wave Crash|p2b: Floette\n|-activate|p2b: Floette|move: Protect\n|move|p2a: Zoroark|Will-O-Wisp|p1a: Swampert\n|-status|p1a: Swampert|brn\n|\n|-weather|RainDance|[upkeep]\n|-damage|p1a: Swampert|94/100 brn|[from] brn\n|-damage|p1b: Pelipper|76/100 brn|[from] brn\n|upkeep\n|turn|5\n|inactive|Zapdos79 has 30 seconds left.\n|inactive|Zapdos79 has 20 seconds left.\n|\n|t:|1788361702\n|switch|p2b: Espathra|Espathra, L50, M|100/100\n|move|p1a: Swampert|Wave Crash|p2b: Espathra\n|-damage|p2b: Espathra|51/100\n|-damage|p1a: Swampert|79/100 brn|[from] Recoil\n|move|p2a: Zoroark|Bitter Malice|p1a: Swampert\n|-damage|p1a: Swampert|48/100 brn\n|-unboost|p1a: Swampert|atk|1\n|move|p1b: Pelipper|Hurricane|p2a: Zoroark\n|-damage|p2a: Zoroark|0 fnt\n|faint|p2a: Zoroark\n|\n|-weather|none\n|-damage|p1a: Swampert|42/100 brn|[from] brn\n|-damage|p1b: Pelipper|70/100 brn|[from] brn\n|upkeep\n|inactive|Zapdos79 has 30 seconds left.\n|\n|t:|1788361727\n|switch|p2a: Floette|Floette-Mega, L50, F|58/100\n|-ability|p2a: Floette|Fairy Aura\n|turn|6\n|\n|t:|1788361735\n|switch|p1b: Kingambit|Kingambit, L50, M|100/100\n|move|p1a: Swampert|Protect|p1a: Swampert\n|-singleturn|p1a: Swampert|Protect\n|move|p2b: Espathra|Lumina Crash|p1b: Kingambit\n|-immune|p1b: Kingambit\n|move|p2a: Floette|Draining Kiss|p1b: Kingambit\n|-damage|p1b: Kingambit|63/100\n|-heal|p2a: Floette|90/100|[from] drain|[of] p1b: Kingambit\n|\n|-damage|p1a: Swampert|36/100 brn|[from] brn\n|-ability|p2b: Espathra|Speed Boost|boost\n|-boost|p2b: Espathra|spe|1\n|upkeep\n|turn|7\n|\n|t:|1788361757\n|switch|p1a: Pelipper|Pelipper, L50, F|70/100 brn\n|-weather|RainDance|[from] ability: Drizzle|[of] p1a: Pelipper\n|move|p2b: Espathra|Lumina Crash|p1a: Pelipper\n|-damage|p1a: Pelipper|28/100 brn\n|-unboost|p1a: Pelipper|spd|2\n|-enditem|p1a: Pelipper|Sitrus Berry|[eat]\n|-heal|p1a: Pelipper|53/100 brn|[from] item: Sitrus Berry\n|move|p2a: Floette|Dazzling Gleam|p1b: Kingambit|[spread] p1a,p1b\n|-damage|p1a: Pelipper|0 fnt\n|-damage|p1b: Kingambit|21/100\n|faint|p1a: Pelipper\n|move|p1b: Kingambit|Swords Dance|p1b: Kingambit\n|-boost|p1b: Kingambit|atk|2\n|\n|-weather|RainDance|[upkeep]\n|-ability|p2b: Espathra|Speed Boost|boost\n|-boost|p2b: Espathra|spe|1\n|upkeep\n|\n|t:|1788361774\n|switch|p1a: Swampert|Swampert-Mega, L50, F|36/100 brn\n|turn|8\n|\n|t:|1788361785\n|move|p2a: Floette|Protect|p2a: Floette\n|-singleturn|p2a: Floette|Protect\n|move|p2b: Espathra|Lumina Crash|p1a: Swampert\n|-damage|p1a: Swampert|15/100 brn\n|-unboost|p1a: Swampert|spd|2\n|move|p1a: Swampert|Wave Crash|p2a: Floette\n|-activate|p2a: Floette|move: Protect\n|move|p1b: Kingambit|Kowtow Cleave|p2b: Espathra\n|-supereffective|p2b: Espathra|1\n|-damage|p2b: Espathra|0 fnt\n|faint|p2b: Espathra\n|\n|-weather|RainDance|[upkeep]\n|-damage|p1a: Swampert|10/100 brn|[from] brn\n|upkeep\n|\n|t:|1788361799\n|switch|p2b: Sneasler|Sneasler, L50, F|100/100\n|turn|9\n|\n|t:|1788361804\n|move|p1a: Swampert|Protect|p1a: Swampert\n|-singleturn|p1a: Swampert|Protect\n|move|p1b: Kingambit|Protect|p1b: Kingambit\n|-singleturn|p1b: Kingambit|Protect\n|move|p2b: Sneasler|Fake Out|p1a: Swampert\n|-activate|p1a: Swampert|move: Protect\n|move|p2a: Floette|Dazzling Gleam|p1a: Swampert|[spread] \n|-activate|p1a: Swampert|move: Protect\n|-activate|p1b: Kingambit|move: Protect\n|\n|-weather|RainDance|[upkeep]\n|-damage|p1a: Swampert|4/100 brn|[from] brn\n|upkeep\n|turn|10\n|\n|t:|1788361825\n|move|p1b: Kingambit|Sucker Punch|p2a: Floette\n|-resisted|p2a: Floette|1\n|-damage|p2a: Floette|55/100\n|move|p1a: Swampert|High Horsepower|p2b: Sneasler\n|-supereffective|p2b: Sneasler|1\n|-damage|p2b: Sneasler|1/100\n|move|p2b: Sneasler|Close Combat|p1b: Kingambit\n|-supereffective|p1b: Kingambit|2\n|-enditem|p1b: Kingambit|Chople Berry|[eat]\n|-enditem|p1b: Kingambit|Chople Berry|[weaken]\n|-damage|p1b: Kingambit|0 fnt\n|-unboost|p2b: Sneasler|def|1\n|-unboost|p2b: Sneasler|spd|1\n|faint|p1b: Kingambit\n|-enditem|p2b: Sneasler|White Herb\n|-clearnegativeboost|p2b: Sneasler|[silent]\n|move|p2a: Floette|Dazzling Gleam|p1a: Swampert\n|-damage|p1a: Swampert|0 fnt\n|faint|p1a: Swampert\n|\n|win|Zapdos79\n|raw|PedroMonteiro's rating: 1101 &rarr; <strong>1075</strong><br />(-26 for losing)\n|raw|Zapdos79's rating: 1088 &rarr; <strong>1116</strong><br />(+28 for winning)\n|c|☆Zapdos79|gg\n","uploadtime":1788361845,"views":"24","formatid":"gen9championsvgc2026regmb","rating":1075,"private":0,"password":null}