{"id":"gen9championsvgc2026regmbbo3-2673558858","format":"[Gen 9 Champions] VGC 2026 Reg M-B (Bo3)","players":["Surwiival","Piccone Baldo"],"log":"|j|☆Surwiival\n|j|☆Piccone Baldo\n|html|<table width=\"100%\"><tr><td align=\"left\">Surwiival</td><td align=\"right\">Piccone Baldo</tr><tr><td align=\"left\"><i class=\"fa fa-circle-o\"></i> <i class=\"fa fa-circle-o\"></i> </td><td align=\"right\"><i class=\"fa fa-circle-o\"></i> <i class=\"fa fa-circle-o\"></i> </tr></table>\n|uhtml|bestof|<h2><strong>Game 1</strong> of <a href=\"/game-bestof3-gen9championsvgc2026regmbbo3-2673558857\">a best-of-3</a></h2>\n|t:|1788213040\n|gametype|doubles\n|player|p1|Surwiival|2|1171\n|player|p2|Piccone Baldo|ingo|1473\n|gen|9\n|tier|[Gen 9 Champions] VGC 2026 Reg M-B (Bo3)\n|rated|\n|rule|Species Clause: Limit one of each Pokémon\n|rule|Item Clause: Limit 1 of each item\n|clearpoke\n|poke|p1|Raichu, L50, F|\n|poke|p1|Ninetales-Alola, L50, F|\n|poke|p1|Talonflame, L50, F|\n|poke|p1|Kingambit, L50, M|\n|poke|p1|Sneasler, L50, F|\n|poke|p1|Basculegion, L50, M|\n|poke|p2|Staraptor, L50, F, shiny|\n|poke|p2|Arcanine-Hisui, L50, F, shiny|\n|poke|p2|Kingambit, L50, F, shiny|\n|poke|p2|Sylveon, L50, M, shiny|\n|poke|p2|Raichu, L50, M, shiny|\n|poke|p2|Farigiraf, L50, M, shiny|\n|teampreview|4\n|showteam|p1|Raichu||RaichuniteY|LightningRod|ZapCannon,FocusBlast,FakeOut,Protect|Timid||F|||50|]Ninetales-Alola||NeverMeltIce|SnowWarning|Blizzard,FreezeDry,Encore,Protect|Timid||F|||50|]Talonflame||SharpBeak|GaleWings|BraveBird,FlareBlitz,Tailwind,Protect|Jolly||F|||50|]Kingambit||BlackGlasses|Defiant|KowtowCleave,SuckerPunch,IronHead,Protect|Adamant||M|||50|]Sneasler||FocusSash|PoisonTouch|CloseCombat,PoisonJab,QuickGuard,FakeOut|Jolly||F|||50|]Basculegion||LifeOrb|Adaptability|WaveCrash,AquaJet,LastRespects,Protect|Adamant||M|||50|\n|showteam|p2|Staraptor||Staraptite|Intimidate|DualWingbeat,CloseCombat,Tailwind,Protect|Jolly||F|||50|]Arcanine-Hisui||FocusSash|RockHead|FlareBlitz,HeadSmash,ExtremeSpeed,Protect|Jolly||F|||50|]Kingambit||LifeOrb|Defiant|KowtowCleave,SuckerPunch,SwordsDance,Protect|Adamant||F|||50|]Sylveon||FairyFeather|Pixilate|HyperVoice,HyperBeam,QuickAttack,Detect|Modest||M|||50|]Raichu||RaichuniteY|LightningRod|ZapCannon,FocusBlast,FakeOut,Protect|Timid||M|||50|]Farigiraf||SitrusBerry|ArmorTail|Psychic,HelpingHand,TrickRoom,Protect|Calm||M|||50|\n|\n|t:|1788213145\n|teamsize|p1|4\n|teamsize|p2|4\n|start\n|switch|p1a: Sneasler|Sneasler, L50, F|100/100\n|switch|p1b: Kingambit|Kingambit, L50, M|100/100\n|switch|p2a: Flower Man|Staraptor, L50, F, shiny|100/100\n|switch|p2b: WrathofKhan|Kingambit, L50, F, shiny|100/100\n|-ability|p2a: Flower Man|Intimidate|boost\n|-unboost|p1a: Sneasler|atk|1\n|-unboost|p1b: Kingambit|atk|1\n|-ability|p1b: Kingambit|Defiant|boost\n|-boost|p1b: Kingambit|atk|2\n|turn|1\n|\n|t:|1788213196\n|switch|p2b: Fridge|Farigiraf, L50, M, shiny|100/100\n|switch|p1b: Basculegion|Basculegion, L50, M|100/100\n|detailschange|p2a: Flower Man|Staraptor-Mega, L50, F, shiny\n|-mega|p2a: Flower Man|Staraptor|Staraptite\n|move|p1a: Sneasler|Close Combat|p2b: Fridge\n|-damage|p2b: Fridge|60/100\n|-unboost|p1a: Sneasler|def|1\n|-unboost|p1a: Sneasler|spd|1\n|-status|p2b: Fridge|psn|[from] ability: Poison Touch|[of] p1a: Sneasler\n|move|p2a: Flower Man|Close Combat|p1b: Basculegion\n|-immune|p1b: Basculegion\n|\n|-damage|p2b: Fridge|48/100 psn|[from] psn\n|upkeep\n|-enditem|p2b: Fridge|Sitrus Berry|[eat]\n|-heal|p2b: Fridge|73/100 psn|[from] item: Sitrus Berry\n|turn|2\n|\n|t:|1788213266\n|move|p1a: Sneasler|Close Combat|p2a: Flower Man\n|-resisted|p2a: Flower Man|1\n|-damage|p2a: Flower Man|78/100\n|-unboost|p1a: Sneasler|def|1\n|-unboost|p1a: Sneasler|spd|1\n|move|p2a: Flower Man|Close Combat|p1a: Sneasler\n|-resisted|p1a: Sneasler|1\n|-crit|p1a: Sneasler\n|-enditem|p1a: Sneasler|Focus Sash\n|-damage|p1a: Sneasler|1/100\n|-boost|p2a: Flower Man|def|1\n|-boost|p2a: Flower Man|spd|1\n|move|p1b: Basculegion|Wave Crash|p2b: Fridge\n|-damage|p2b: Fridge|0 fnt\n|faint|p2b: Fridge\n|-damage|p1b: Basculegion|72/100|[from] Recoil\n|-damage|p1b: Basculegion|62/100|[from] item: Life Orb\n|\n|upkeep\n|\n|t:|1788213283\n|switch|p2b: Sadie Sink|Sylveon, L50, M, shiny|100/100\n|turn|3\n|inactive|Battle timer is ON: inactive players will automatically lose when time's up. (requested by Piccone Baldo)\n|\n|t:|1788213331\n|switch|p1b: Raichu|Raichu, L50, F|100/100\n|move|p1a: Sneasler|Quick Guard|p1a: Sneasler\n|-singleturn|p1a: Sneasler|Quick Guard\n|move|p2a: Flower Man|Tailwind|p2a: Flower Man\n|-sidestart|p2: Piccone Baldo|move: Tailwind\n|move|p2b: Sadie Sink|Hyper Voice|p1a: Sneasler|[spread] p1a,p1b\n|-damage|p1a: Sneasler|0 fnt\n|-damage|p1b: Raichu|43/100\n|faint|p1a: Sneasler\n|\n|upkeep\n|\n|t:|1788213347\n|switch|p1a: Basculegion|Basculegion, L50, M|62/100\n|turn|4\n|\n|t:|1788213367\n|detailschange|p1b: Raichu|Raichu-Mega-Y, L50, F\n|-mega|p1b: Raichu|Raichu|Raichunite Y\n|move|p2a: Flower Man|Protect|p2a: Flower Man\n|-singleturn|p2a: Flower Man|Protect\n|move|p2b: Sadie Sink|Detect|p2b: Sadie Sink\n|-singleturn|p2b: Sadie Sink|Protect\n|move|p1b: Raichu|Fake Out|p2a: Flower Man\n|-activate|p2a: Flower Man|move: Protect\n|move|p1a: Basculegion|Last Respects|p2b: Sadie Sink\n|-activate|p2b: Sadie Sink|move: Protect\n|\n|upkeep\n|turn|5\n|inactive|Surwiival has 30 seconds left.\n|\n|t:|1788213398\n|switch|p1a: Kingambit|Kingambit, L50, M|100/100\n|move|p2a: Flower Man|Close Combat|p1b: Raichu\n|-damage|p1b: Raichu|0 fnt\n|-boost|p2a: Flower Man|def|1\n|-boost|p2a: Flower Man|spd|1\n|faint|p1b: Raichu\n|move|p2b: Sadie Sink|Hyper Voice|p1a: Kingambit\n|-crit|p1a: Kingambit\n|-damage|p1a: Kingambit|4/100\n|\n|upkeep\n|\n|t:|1788213409\n|switch|p1b: Basculegion|Basculegion, L50, M|62/100\n|turn|6\n|\n|t:|1788213417\n|move|p2a: Flower Man|Close Combat|p1a: Kingambit\n|-supereffective|p1a: Kingambit|2\n|-damage|p1a: Kingambit|0 fnt\n|-boost|p2a: Flower Man|def|1\n|-boost|p2a: Flower Man|spd|1\n|faint|p1a: Kingambit\n|move|p2b: Sadie Sink|Hyper Voice|p1b: Basculegion\n|-damage|p1b: Basculegion|0 fnt\n|faint|p1b: Basculegion\n|\n|win|Piccone Baldo\n","uploadtime":1788213418,"views":"1","formatid":"gen9championsvgc2026regmbbo3","rating":null,"private":0,"password":null}