{"id":"gen9championsvgc2026regmbbo3-2674001490","format":"[Gen 9 Champions] VGC 2026 Reg M-B (Bo3)","players":["DINOLONK","busterbunner"],"log":"|j|☆DINOLONK\n|j|☆busterbunner\n|html|<table width=\"100%\"><tr><td align=\"left\">DINOLONK</td><td align=\"right\">busterbunner</tr><tr><td align=\"left\"><i class=\"fa fa-circle-o\"></i> <i class=\"fa fa-circle-o\"></i> </td><td align=\"right\"><i class=\"fa fa-circle-o\"></i> <i class=\"fa fa-circle-o\"></i> </tr></table>\n|uhtml|bestof|<h2><strong>Game 1</strong> of <a href=\"/game-bestof3-gen9championsvgc2026regmbbo3-2674001489\">a best-of-3</a></h2>\n|t:|1788286832\n|gametype|doubles\n|player|p1|DINOLONK|parasollady-gen4|1326\n|player|p2|busterbunner|2|1286\n|gen|9\n|tier|[Gen 9 Champions] VGC 2026 Reg M-B (Bo3)\n|rated|\n|rule|Species Clause: Limit one of each Pokémon\n|rule|Item Clause: Limit 1 of each item\n|clearpoke\n|poke|p1|Dragonite, L50, M|\n|poke|p1|Sneasler, L50, M|\n|poke|p1|Kingambit, L50, F|\n|poke|p1|Basculegion, L50, M|\n|poke|p1|Whimsicott, L50, M|\n|poke|p1|Floette-Eternal, L50, F|\n|poke|p2|Metagross, L50|\n|poke|p2|Whimsicott, L50, M|\n|poke|p2|Garchomp, L50, F|\n|poke|p2|Raichu, L50, F|\n|poke|p2|Kingambit, L50, M|\n|poke|p2|Sinistcha, L50|\n|teampreview|4\n|showteam|p1|Dragonite||Dragoninite|InnerFocus|DragonPulse,HeatWave,Thunderbolt,Protect|Modest||M|||50|]Sneasler||WhiteHerb|Unburden|DireClaw,CloseCombat,RockSlide,FakeOut|Jolly||M|||50|]Kingambit||ChopleBerry|Defiant|KowtowCleave,SuckerPunch,LowKick,IronHead|Adamant||F|||50|]Basculegion||LifeOrb|Adaptability|WaveCrash,LastRespects,AquaJet,Protect|Adamant||M|||50|]Whimsicott||FocusSash|Prankster|Moonblast,Tailwind,Encore,Protect|Timid||M|||50|]Floette-Eternal||Floettite|FlowerVeil|Moonblast,DazzlingGleam,LightofRuin,Protect|Timid||F|||50|\n|showteam|p2|Metagross||Metagrossite|ClearBody|IronHead,IcePunch,Protect,PsychicFangs|Jolly|||||50|]Whimsicott||FocusSash|Prankster|Moonblast,Tailwind,Encore,Protect|Timid||M|||50|]Garchomp||LifeOrb|RoughSkin|DragonClaw,RockSlide,StompingTantrum,Protect|Jolly||F|||50|]Raichu||RaichuniteY|Static|FakeOut,FocusBlast,ZapCannon,Protect|Timid||F|||50|]Kingambit||BlackGlasses|Defiant|KowtowCleave,SuckerPunch,LowKick,Protect|Adamant||M|||50|]Sinistcha||SitrusBerry|Hospitality|RagePowder,MatchaGotcha,ShadowBall,Protect|Bold|||||50|\n|inactive|Battle timer is ON: inactive players will automatically lose when time's up. (requested by DINOLONK)\n|inactive|busterbunner also wants the timer to be on.\n|\n|t:|1788286860\n|teamsize|p1|4\n|teamsize|p2|4\n|start\n|switch|p1a: Dragonite|Dragonite, L50, M|100/100\n|switch|p1b: Sneasler|Sneasler, L50, M|100/100\n|switch|p2a: Sinistcha|Sinistcha, L50|100/100\n|switch|p2b: Whimsicott|Whimsicott, L50, M|100/100\n|turn|1\n|\n|t:|1788286876\n|detailschange|p1a: Dragonite|Dragonite-Mega, L50, M\n|-mega|p1a: Dragonite|Dragonite|Dragoninite\n|move|p2b: Whimsicott|Protect|p2b: Whimsicott\n|-singleturn|p2b: Whimsicott|Protect\n|move|p1b: Sneasler|Dire Claw|p2a: Sinistcha\n|-damage|p2a: Sinistcha|66/100\n|-status|p2a: Sinistcha|psn\n|move|p1a: Dragonite|Heat Wave|p2b: Whimsicott|[spread] p2a\n|-activate|p2b: Whimsicott|move: Protect\n|-supereffective|p2a: Sinistcha|1\n|-damage|p2a: Sinistcha|0 fnt\n|faint|p2a: Sinistcha\n|\n|upkeep\n|\n|t:|1788286885\n|switch|p2a: Raichu|Raichu, L50, F|100/100\n|turn|2\n|\n|t:|1788286893\n|detailschange|p2a: Raichu|Raichu-Mega-Y, L50, F\n|-mega|p2a: Raichu|Raichu|Raichunite Y\n|move|p2a: Raichu|Zap Cannon|p1b: Sneasler\n|-damage|p1b: Sneasler|17/100\n|-status|p1b: Sneasler|par\n|move|p2b: Whimsicott|Moonblast|p1a: Dragonite\n|-supereffective|p1a: Dragonite|1\n|-damage|p1a: Dragonite|73/100\n|move|p1a: Dragonite|Heat Wave|p2a: Raichu|[spread] p2a,p2b\n|-supereffective|p2b: Whimsicott|1\n|-damage|p2a: Raichu|54/100\n|-damage|p2b: Whimsicott|2/100\n|cant|p1b: Sneasler|par\n|\n|upkeep\n|turn|3\n|\n|t:|1788286914\n|switch|p1a: Whimsicott|Whimsicott, L50, M|100/100\n|move|p2a: Raichu|Zap Cannon|p1a: Whimsicott\n|-resisted|p1a: Whimsicott|1\n|-damage|p1a: Whimsicott|48/100\n|-status|p1a: Whimsicott|par\n|move|p2b: Whimsicott|Moonblast|p1b: Sneasler\n|-damage|p1b: Sneasler|0 fnt\n|faint|p1b: Sneasler\n|\n|upkeep\n|\n|t:|1788286917\n|switch|p1b: Dragonite|Dragonite-Mega, L50, M|73/100\n|turn|4\n|\n|t:|1788286927\n|move|p2b: Whimsicott|Tailwind|p2b: Whimsicott\n|-sidestart|p2: busterbunner|move: Tailwind\n|move|p1a: Whimsicott|Tailwind|p1a: Whimsicott\n|-sidestart|p1: DINOLONK|move: Tailwind\n|move|p2a: Raichu|Zap Cannon|p1b: Dragonite\n|-damage|p1b: Dragonite|17/100\n|-status|p1b: Dragonite|par\n|move|p1b: Dragonite|Heat Wave|p2a: Raichu|[spread] p2a,p2b\n|-supereffective|p2b: Whimsicott|1\n|-damage|p2a: Raichu|12/100\n|-damage|p2b: Whimsicott|0 fnt\n|faint|p2b: Whimsicott\n|\n|upkeep\n|\n|t:|1788286933\n|switch|p2b: Kingambit|Kingambit, L50, M|100/100\n|turn|5\n|\n|t:|1788286947\n|move|p1b: Dragonite|Protect|p1b: Dragonite\n|-singleturn|p1b: Dragonite|Protect\n|move|p2b: Kingambit|Sucker Punch||[still]\n|-fail|p2b: Kingambit\n|move|p2a: Raichu|Zap Cannon|p1a: Whimsicott\n|-resisted|p1a: Whimsicott|1\n|-damage|p1a: Whimsicott|0 fnt\n|faint|p1a: Whimsicott\n|\n|upkeep\n|\n|t:|1788286953\n|switch|p1a: Basculegion|Basculegion, L50, M|100/100\n|turn|6\n|\n|t:|1788286971\n|move|p2a: Raichu|Protect|p2a: Raichu\n|-singleturn|p2a: Raichu|Protect\n|move|p1b: Dragonite|Protect||[still]\n|-fail|p1b: Dragonite\n|move|p1a: Basculegion|Aqua Jet|p2a: Raichu\n|-activate|p2a: Raichu|move: Protect\n|move|p2b: Kingambit|Sucker Punch||[still]\n|-fail|p2b: Kingambit\n|\n|upkeep\n|turn|7\n|\n|t:|1788286986\n|move|p1a: Basculegion|Aqua Jet|p2a: Raichu\n|-damage|p2a: Raichu|0 fnt\n|faint|p2a: Raichu\n|-damage|p1a: Basculegion|90/100|[from] item: Life Orb\n|move|p2b: Kingambit|Sucker Punch|p1b: Dragonite\n|-damage|p1b: Dragonite|0 fnt\n|faint|p1b: Dragonite\n|\n|-sideend|p1: DINOLONK|move: Tailwind\n|-sideend|p2: busterbunner|move: Tailwind\n|upkeep\n|turn|8\n|\n|t:|1788286998\n|move|p1a: Basculegion|Wave Crash|p2b: Kingambit\n|-damage|p2b: Kingambit|29/100\n|-damage|p1a: Basculegion|67/100|[from] Recoil\n|-damage|p1a: Basculegion|57/100|[from] item: Life Orb\n|move|p2b: Kingambit|Kowtow Cleave|p1a: Basculegion\n|-supereffective|p1a: Basculegion|1\n|-damage|p1a: Basculegion|0 fnt\n|faint|p1a: Basculegion\n|\n|win|busterbunner\n","uploadtime":1788286998,"views":"0","formatid":"gen9championsvgc2026regmbbo3","rating":null,"private":0,"password":null}