{"id":"gen9championsvgc2026regmb-2674733073","format":"[Gen 9 Champions] VGC 2026 Reg M-B","players":["bigwooperenerg","EL_K1wi"],"log":"|j|☆bigwooperenerg\n|j|☆EL_K1wi\n|html|<table width=\"100%\"><tr><td align=\"left\">bigwooperenerg</td><td align=\"right\">EL_K1wi</tr><tr><td align=\"left\"><i class=\"fa fa-circle-o\"></i> <i class=\"fa fa-circle-o\"></i> </td><td align=\"right\"><i class=\"fa fa-circle-o\"></i> <i class=\"fa fa-circle\"></i> </tr></table>\n|uhtml|bestof|<h2><strong>Game 2</strong> of <a href=\"/game-bestof3-gen9championsvgc2026regmb-2674730205\">a best-of-3</a></h2>\n|t:|1788397661\n|gametype|doubles\n|player|p1|bigwooperenerg|266|\n|player|p2|EL_K1wi|pokemaniac|\n|gen|9\n|tier|[Gen 9 Champions] VGC 2026 Reg M-B\n|rule|Species Clause: Limit one of each Pokémon\n|rule|Item Clause: Limit 1 of each item\n|raw|<div class=\"infobox\"><details class=\"readmore\" open><summary><strong>1 custom rule:</strong></summary> Best of = 3</details></div>\n|clearpoke\n|poke|p1|Wyrdeer, L50, F|\n|poke|p1|Milotic, L50, F|\n|poke|p1|Gardevoir, L50, F|\n|poke|p1|Machamp, L50, F|\n|poke|p1|Meowstic, L50, M|\n|poke|p1|Staraptor, L50, M, shiny|\n|poke|p2|Raichu, L50, M|\n|poke|p2|Sneasler, L50, F, shiny|\n|poke|p2|Skarmory, L50, M, shiny|\n|poke|p2|Oranguru, L50, F, shiny|\n|poke|p2|Camerupt, L50, F, shiny|\n|poke|p2|Meowscarada, L50, F, shiny|\n|teampreview|4\nbigwooperenerg rejected open team sheets.\n|\n|t:|1788397738\n|teamsize|p1|4\n|teamsize|p2|4\n|start\n|switch|p1a: Milotic|Milotic, L50, F|100/100\n|switch|p1b: Wyrdeer|Wyrdeer, L50, F|100/100\n|switch|p2a: Stewart|Raichu, L50, M|100/100\n|switch|p2b: Chuy|Sneasler, L50, F, shiny|100/100\n|-ability|p1b: Wyrdeer|Intimidate|boost\n|-unboost|p2a: Stewart|atk|1\n|-unboost|p2b: Chuy|atk|1\n|turn|1\n|\n|t:|1788397767\n|detailschange|p2a: Stewart|Raichu-Mega-Y, L50, M\n|-mega|p2a: Stewart|Raichu|Raichunite Y\n|move|p2b: Chuy|Protect|p2b: Chuy\n|-singleturn|p2b: Chuy|Protect\n|move|p1a: Milotic|Protect|p1a: Milotic\n|-singleturn|p1a: Milotic|Protect\n|move|p2a: Stewart|Discharge|p1b: Wyrdeer|[spread] p1b\n|-activate|p2b: Chuy|move: Protect\n|-activate|p1a: Milotic|move: Protect\n|-damage|p1b: Wyrdeer|68/100\n|move|p1b: Wyrdeer|Skill Swap|p2a: Stewart\n|-activate|p1b: Wyrdeer|Skill Swap|No Guard|Intimidate|[of] p2a: Stewart\n|-ability|p2a: Stewart|Intimidate|boost\n|-unboost|p1a: Milotic|atk|1\n|-ability|p1a: Milotic|Competitive|boost\n|-boost|p1a: Milotic|spa|2\n|-unboost|p1b: Wyrdeer|atk|1\n|\n|upkeep\n|turn|2\n|\n|t:|1788397801\n|move|p2a: Stewart|Zap Cannon|p1a: Milotic|[miss]\n|-miss|p2a: Stewart|p1a: Milotic\n|move|p2b: Chuy|Poison Jab|p1a: Milotic\n|-damage|p1a: Milotic|75/100\n|move|p1a: Milotic|Muddy Water|p2b: Chuy|[spread] p2a\n|-miss|p1a: Milotic|p2b: Chuy\n|-damage|p2a: Stewart|16/100\n|move|p1b: Wyrdeer|Earth Power|p2b: Chuy\n|-supereffective|p2b: Chuy|1\n|-damage|p2b: Chuy|33/100\n|\n|-heal|p1a: Milotic|81/100|[from] item: Leftovers\n|upkeep\n|turn|3\n|\n|t:|1788397851\n|move|p2b: Chuy|Protect|p2b: Chuy\n|-singleturn|p2b: Chuy|Protect\n|move|p2a: Stewart|Discharge|p1b: Wyrdeer|[spread] p1a,p1b\n|-activate|p2b: Chuy|move: Protect\n|-supereffective|p1a: Milotic|1\n|-crit|p1b: Wyrdeer\n|-damage|p1a: Milotic|33/100\n|-damage|p1b: Wyrdeer|23/100\n|-status|p1b: Wyrdeer|par\n|-enditem|p1b: Wyrdeer|Sitrus Berry|[eat]\n|-heal|p1b: Wyrdeer|48/100 par|[from] item: Sitrus Berry\n|move|p1a: Milotic|Muddy Water|p2b: Chuy|[spread] p2a\n|-activate|p2b: Chuy|move: Protect\n|-damage|p2a: Stewart|0 fnt\n|faint|p2a: Stewart\n|move|p1b: Wyrdeer|Earth Power|p2b: Chuy\n|-activate|p2b: Chuy|move: Protect\n|\n|-heal|p1a: Milotic|39/100|[from] item: Leftovers\n|upkeep\n|\n|t:|1788397872\n|switch|p2a: Walll-E|Meowscarada, L50, F, shiny|100/100\n|turn|4\n|\n|t:|1788397897\n|switch|p1b: Meowstic|Meowstic, L50, M|100/100\n|move|p1a: Milotic|Protect|p1a: Milotic\n|-singleturn|p1a: Milotic|Protect\n|move|p2b: Chuy|Poison Jab|p1a: Milotic\n|-activate|p1a: Milotic|move: Protect\n|move|p2a: Walll-E|Throat Chop|p1b: Meowstic\n|-start|p2a: Walll-E|typechange|Dark|[from] ability: Protean\n|-supereffective|p1b: Meowstic|1\n|-damage|p1b: Meowstic|16/100\n|-start|p1b: Meowstic|Throat Chop|[silent]\n|\n|-heal|p1a: Milotic|45/100|[from] item: Leftovers\n|upkeep\n|turn|5\n|\n|t:|1788397933\n|move|p2b: Chuy|Poison Jab|p1b: Meowstic\n|-damage|p1b: Meowstic|0 fnt\n|faint|p1b: Meowstic\n|move|p2a: Walll-E|Flower Trick|p1a: Milotic\n|-supereffective|p1a: Milotic|1\n|-crit|p1a: Milotic\n|-damage|p1a: Milotic|0 fnt\n|faint|p1a: Milotic\n|\n|upkeep\n|\n|t:|1788397942\n|switch|p1b: Wyrdeer|Wyrdeer, L50, F|48/100 par\n|switch|p1a: Staraptor|Staraptor, L50, M, shiny|100/100\n|-ability|p1a: Staraptor|Intimidate|boost\n|-unboost|p2a: Walll-E|atk|1\n|-unboost|p2b: Chuy|atk|1\n|-ability|p1b: Wyrdeer|Intimidate|boost\n|-unboost|p2a: Walll-E|atk|1\n|-unboost|p2b: Chuy|atk|1\n|turn|6\n|\n|t:|1788397968\n|detailschange|p1a: Staraptor|Staraptor-Mega, L50, M, shiny\n|-mega|p1a: Staraptor|Staraptor|Staraptite\n|move|p2b: Chuy|Poison Jab|p1a: Staraptor\n|-damage|p1a: Staraptor|85/100\n|move|p1a: Staraptor|Close Combat|p2a: Walll-E\n|-supereffective|p2a: Walll-E|1\n|-enditem|p2a: Walll-E|Chople Berry|[eat]\n|-enditem|p2a: Walll-E|Chople Berry|[weaken]\n|-damage|p2a: Walll-E|39/100\n|-boost|p1a: Staraptor|def|1\n|-boost|p1a: Staraptor|spd|1\n|move|p2a: Walll-E|Triple Axel|p1a: Staraptor\n|-supereffective|p1a: Staraptor|1\n|-damage|p1a: Staraptor|81/100\n|-supereffective|p1a: Staraptor|1\n|-damage|p1a: Staraptor|72/100\n|-supereffective|p1a: Staraptor|1\n|-damage|p1a: Staraptor|62/100\n|-hitcount|p1a: Staraptor|3\n|move|p1b: Wyrdeer|Earth Power|p2b: Chuy\n|-supereffective|p2b: Chuy|1\n|-damage|p2b: Chuy|0 fnt\n|faint|p2b: Chuy\n|\n|upkeep\n|\n|t:|1788397988\n|switch|p2b: J|Skarmory, L50, M, shiny|100/100\n|turn|7\n|\n|t:|1788398014\n|move|p1a: Staraptor|Close Combat|p2b: J\n|-damage|p2b: J|54/100\n|-boost|p1a: Staraptor|def|1\n|-boost|p1a: Staraptor|spd|1\n|move|p2a: Walll-E|Throat Chop|p1b: Wyrdeer\n|-supereffective|p1b: Wyrdeer|1\n|-damage|p1b: Wyrdeer|10/100 par\n|-start|p1b: Wyrdeer|Throat Chop|[silent]\n|move|p2b: J|Tailwind|p2b: J\n|-sidestart|p2: EL_K1wi|move: Tailwind\n|move|p1b: Wyrdeer|Skill Swap|p2b: J\n|-activate|p1b: Wyrdeer|Skill Swap|Sturdy|Intimidate|[of] p2b: J\n|-ability|p2b: J|Intimidate|boost\n|-boost|p1a: Staraptor|atk|1\n|-unboost|p1b: Wyrdeer|atk|1\n|\n|-heal|p2b: J|60/100|[from] item: Leftovers\n|upkeep\n|turn|8\n|\n|t:|1788398056\n|move|p2a: Walll-E|Flower Trick|p1a: Staraptor\n|-resisted|p1a: Staraptor|1\n|-crit|p1a: Staraptor\n|-damage|p1a: Staraptor|49/100\n|move|p2b: J|Roost|p2b: J\n|-heal|p2b: J|100/100\n|-singleturn|p2b: J|move: Roost\n|move|p1a: Staraptor|Close Combat|p2a: Walll-E\n|-supereffective|p2a: Walll-E|1\n|-damage|p2a: Walll-E|0 fnt\n|-boost|p1a: Staraptor|def|1\n|-boost|p1a: Staraptor|spd|1\n|faint|p2a: Walll-E\n|move|p1b: Wyrdeer|Trick Room|p1b: Wyrdeer\n|-fieldstart|move: Trick Room|[of] p1b: Wyrdeer\n|\n|-end|p1b: Wyrdeer|Throat Chop|[silent]\n|upkeep\n|turn|9\n|\n|t:|1788398083\n|move|p1b: Wyrdeer|Earth Power|p2b: J\n|-immune|p2b: J\n|move|p1a: Staraptor|Close Combat|p2b: J\n|-damage|p2b: J|33/100\n|-boost|p1a: Staraptor|def|1\n|-boost|p1a: Staraptor|spd|1\n|move|p2b: J|Body Press|p1a: Staraptor\n|-resisted|p1a: Staraptor|1\n|-damage|p1a: Staraptor|45/100\n|\n|-heal|p2b: J|39/100|[from] item: Leftovers\n|upkeep\n|turn|10\n|\n|t:|1788398098\n|move|p1b: Wyrdeer|Earth Power|p2b: J\n|-immune|p2b: J\n|move|p1a: Staraptor|Close Combat|p2b: J\n|-damage|p2b: J|0 fnt\n|-boost|p1a: Staraptor|def|1\n|-boost|p1a: Staraptor|spd|1\n|faint|p2b: J\n|\n|win|bigwooperenerg\n","uploadtime":1788398106,"views":"1","formatid":"gen9championsvgc2026regmb","rating":null,"private":0,"password":null}