{"id":"gen9championsvgc2026regmb-2673977471","format":"[Gen 9 Champions] VGC 2026 Reg M-B","players":["LargeWinKyle","tempcm"],"log":"|j|☆LargeWinKyle\n|j|☆tempcm\n|t:|1788284051\n|gametype|doubles\n|player|p1|LargeWinKyle|169|1000\n|player|p2|tempcm|265|1049\n|gen|9\n|tier|[Gen 9 Champions] VGC 2026 Reg M-B\n|rated|\n|rule|Species Clause: Limit one of each Pokémon\n|rule|Item Clause: Limit 1 of each item\n|clearpoke\n|poke|p1|Farigiraf, L50, F|\n|poke|p1|Arcanine-Hisui, L50, F|\n|poke|p1|Sylveon, L50, M|\n|poke|p1|Staraptor, L50, F|\n|poke|p1|Raichu, L50, F|\n|poke|p1|Kingambit, L50, M|\n|poke|p2|Farigiraf, L50, F|\n|poke|p2|Arcanine-Hisui, L50, F|\n|poke|p2|Sylveon, L50, F|\n|poke|p2|Staraptor, L50, M|\n|poke|p2|Raichu, L50, M|\n|poke|p2|Kingambit, L50, M, shiny|\n|teampreview|4\n|\n|t:|1788284075\n|teamsize|p1|4\n|teamsize|p2|4\n|start\n|switch|p1a: Staraptor|Staraptor, L50, F|100/100\n|switch|p1b: Arcanine|Arcanine-Hisui, L50, F|100/100\n|switch|p2a: Farigiraf|Farigiraf, L50, F|100/100\n|switch|p2b: Sylveon|Sylveon, L50, F|100/100\n|-ability|p1a: Staraptor|Intimidate|boost\n|-unboost|p2a: Farigiraf|atk|1\n|-unboost|p2b: Sylveon|atk|1\n|turn|1\n|\n|t:|1788284090\n|move|p1a: Staraptor|Protect|p1a: Staraptor\n|-singleturn|p1a: Staraptor|Protect\n|move|p2b: Sylveon|Detect|p2b: Sylveon\n|-singleturn|p2b: Sylveon|Protect\n|move|p2a: Farigiraf|Protect|p2a: Farigiraf\n|-singleturn|p2a: Farigiraf|Protect\n|move|p1b: Arcanine|Flare Blitz|p2b: Sylveon\n|-activate|p2b: Sylveon|move: Protect\n|\n|upkeep\n|turn|2\n|\n|t:|1788284110\n|detailschange|p1a: Staraptor|Staraptor-Mega, L50, F\n|-mega|p1a: Staraptor|Staraptor|Staraptite\n|move|p1a: Staraptor|Dual Wingbeat|p2b: Sylveon\n|-damage|p2b: Sylveon|76/100\n|-damage|p2b: Sylveon|53/100\n|-hitcount|p2b: Sylveon|2\n|move|p1b: Arcanine|Flare Blitz|p2b: Sylveon\n|-damage|p2b: Sylveon|1/100\n|move|p2b: Sylveon|Hyper Voice|p1b: Arcanine|[spread] p1a,p1b\n|-supereffective|p1a: Staraptor|1\n|-resisted|p1b: Arcanine|1\n|-damage|p1a: Staraptor|1/100\n|-damage|p1b: Arcanine|74/100\n|move|p2a: Farigiraf|Trick Room|p2a: Farigiraf\n|-fieldstart|move: Trick Room|[of] p2a: Farigiraf\n|\n|upkeep\n|turn|3\n|\n|t:|1788284139\n|move|p2b: Sylveon|Detect|p2b: Sylveon\n|-singleturn|p2b: Sylveon|Protect\n|move|p1a: Staraptor|Protect|p1a: Staraptor\n|-singleturn|p1a: Staraptor|Protect\n|move|p2a: Farigiraf|Psychic|p1b: Arcanine\n|-damage|p1b: Arcanine|30/100\n|move|p1b: Arcanine|Flare Blitz|p2a: Farigiraf\n|-damage|p2a: Farigiraf|56/100\n|\n|upkeep\n|turn|4\n|\n|t:|1788284164\n|switch|p1a: Raichu|Raichu, L50, F|100/100\n|move|p2a: Farigiraf|Helping Hand|p2b: Sylveon\n|-singleturn|p2b: Sylveon|Helping Hand|[of] p2a: Farigiraf\n|move|p2b: Sylveon|Hyper Voice|p1a: Raichu|[spread] p1a,p1b\n|-resisted|p1b: Arcanine|1\n|-damage|p1a: Raichu|0 fnt\n|-damage|p1b: Arcanine|0 fnt\n|faint|p1a: Raichu\n|faint|p1b: Arcanine\n|\n|upkeep\n|\n|t:|1788284174\n|switch|p1b: Staraptor|Staraptor-Mega, L50, F|1/100\n|switch|p1a: Kingambit|Kingambit, L50, M|100/100\n|turn|5\n|\n|t:|1788284195\n|move|p2b: Sylveon|Detect|p2b: Sylveon\n|-singleturn|p2b: Sylveon|Protect\n|move|p1a: Kingambit|Kowtow Cleave|p2b: Sylveon\n|-activate|p2b: Sylveon|move: Protect\n|move|p2a: Farigiraf|Psychic|p1b: Staraptor\n|-supereffective|p1b: Staraptor|1\n|-damage|p1b: Staraptor|0 fnt\n|faint|p1b: Staraptor\n|\n|upkeep\n|turn|6\n|\n|t:|1788284212\n|move|p2a: Farigiraf|Helping Hand|p2b: Sylveon\n|-singleturn|p2b: Sylveon|Helping Hand|[of] p2a: Farigiraf\n|move|p1a: Kingambit|Kowtow Cleave|p2b: Sylveon\n|-resisted|p2b: Sylveon|1\n|-damage|p2b: Sylveon|0 fnt\n|faint|p2b: Sylveon\n|-damage|p1a: Kingambit|90/100|[from] item: Life Orb\n|\n|-fieldend|move: Trick Room\n|upkeep\n|\n|t:|1788284222\n|switch|p2b: Arcanine|Arcanine-Hisui, L50, F|100/100\n|turn|7\n|\n|t:|1788284230\n|move|p2a: Farigiraf|Helping Hand|p2b: Arcanine\n|-singleturn|p2b: Arcanine|Helping Hand|[of] p2a: Farigiraf\n|move|p2b: Arcanine|Flare Blitz|p1a: Kingambit\n|-supereffective|p1a: Kingambit|1\n|-damage|p1a: Kingambit|0 fnt\n|faint|p1a: Kingambit\n|\n|win|tempcm\n|raw|LargeWinKyle's rating: 1000 &rarr; <strong>1000</strong><br />(+0 for losing)\n|raw|tempcm's rating: 1049 &rarr; <strong>1077</strong><br />(+28 for winning)\n|l|☆LargeWinKyle\n|player|p1|\n","uploadtime":1788284238,"views":"8","formatid":"gen9championsvgc2026regmb","rating":1000,"private":0,"password":null}