{"id":"gen9championsvgc2026regmb-2673897609","format":"[Gen 9 Champions] VGC 2026 Reg M-B","players":["fomonono","brtsz"],"log":"|j|☆fomonono\n|j|☆brtsz\n|html|<table width=\"100%\"><tr><td align=\"left\">fomonono</td><td align=\"right\">brtsz</tr><tr><td align=\"left\"><i class=\"fa fa-circle-o\"></i> <i class=\"fa fa-circle-o\"></i> </td><td align=\"right\"><i class=\"fa fa-circle-o\"></i> <i class=\"fa fa-circle-o\"></i> </tr></table>\n|uhtml|bestof|<h2><strong>Game 1</strong> of <a href=\"/game-bestof3-gen9championsvgc2026regmb-2673897608\">a best-of-3</a></h2>\n|t:|1788274492\n|gametype|doubles\n|player|p1|fomonono|101|\n|player|p2|brtsz|leon-masters|\n|gen|9\n|tier|[Gen 9 Champions] VGC 2026 Reg M-B\n|rule|Species Clause: Limit one of each Pokémon\n|rule|Item Clause: Limit 1 of each item\n|raw|<div class=\"infobox\"><details class=\"readmore\" open><summary><strong>1 custom rule:</strong></summary> Best of = 3</details></div>\n|clearpoke\n|poke|p1|Annihilape, L50, F|\n|poke|p1|Aerodactyl, L50, M|\n|poke|p1|Zoroark-Hisui, L50, M|\n|poke|p1|Weavile, L50, F|\n|poke|p1|Serperior, L50, M|\n|poke|p1|Typhlosion, L50, M|\n|poke|p2|Basculegion, L50, M|\n|poke|p2|Kangaskhan, L50, F|\n|poke|p2|Venusaur, L50, F|\n|poke|p2|Klefki, L50, M|\n|poke|p2|Rotom-Heat, L50|\n|poke|p2|Noivern, L50, M|\n|teampreview|4\nfomonono rejected open team sheets.\n|\n|t:|1788274580\n|teamsize|p1|4\n|teamsize|p2|4\n|start\n|switch|p1a: Aerodactyl|Aerodactyl, L50, M|100/100\n|switch|p1b: Weavile|Weavile, L50, F|100/100\n|switch|p2a: Noivern|Noivern, L50, M|100/100\n|switch|p2b: Klefki|Klefki, L50, M|100/100\n|-item|p1a: Aerodactyl|Aerodactylite|[from] ability: Frisk|[of] p2a: Noivern\n|-item|p1b: Weavile|Choice Scarf|[from] ability: Frisk|[of] p2a: Noivern\n|turn|1\n|\n|t:|1788274614\n|switch|p2a: Rotom|Rotom-Heat, L50|100/100\n|detailschange|p1a: Aerodactyl|Aerodactyl-Mega, L50, M\n|-mega|p1a: Aerodactyl|Aerodactyl|Aerodactylite\n|move|p2b: Klefki|Reflect|p2b: Klefki\n|-sidestart|p2: brtsz|Reflect\n|move|p1b: Weavile|Shadow Ball|p2b: Klefki\n|-damage|p2b: Klefki|49/100\n|move|p1a: Aerodactyl|Tailwind|p1a: Aerodactyl\n|-sidestart|p1: fomonono|move: Tailwind\n|\n|upkeep\n|turn|2\n|j| quasmosis\n|\n|t:|1788274686\n|switch|p1a: Serperior|Serperior, L50, M|100/100\n|move|p1b: Weavile|Shadow Ball|p2b: Klefki\n|-damage|p2b: Klefki|0 fnt\n|faint|p2b: Klefki\n|move|p2a: Rotom|Will-O-Wisp|p1a: Serperior\n|-status|p1a: Serperior|brn\n|\n|-damage|p1a: Serperior|93/100 brn|[from] brn\n|upkeep\n|\n|t:|1788274700\n|switch|p2b: Noivern|Noivern, L50, M|100/100\n|-item|p1a: Serperior|Leftovers|[from] ability: Frisk|[of] p2b: Noivern\n|-item|p1b: Weavile|Choice Scarf|[from] ability: Frisk|[of] p2b: Noivern\n|turn|3\n|\n|t:|1788274727\n|move|p1a: Serperior|Protect|p1a: Serperior\n|-singleturn|p1a: Serperior|Protect\n|move|p1b: Weavile|Shadow Ball|p2a: Rotom\n|-damage|p2a: Rotom|54/100\n|move|p2b: Noivern|Tailwind|p2b: Noivern\n|-sidestart|p2: brtsz|move: Tailwind\n|move|p2a: Rotom|Overheat|p1a: Serperior\n|-activate|p1a: Serperior|move: Protect\n|\n|-heal|p1a: Serperior|100/100 brn|[from] item: Leftovers\n|-damage|p1a: Serperior|93/100 brn|[from] brn\n|upkeep\n|turn|4\n|\n|t:|1788274747\n|switch|p1a: Aerodactyl|Aerodactyl-Mega, L50, M|100/100\n|move|p1b: Weavile|Shadow Ball|p2a: Rotom\n|-damage|p2a: Rotom|5/100\n|-enditem|p2a: Rotom|Sitrus Berry|[eat]\n|-heal|p2a: Rotom|30/100|[from] item: Sitrus Berry\n|move|p2b: Noivern|Air Slash|p1a: Aerodactyl\n|-resisted|p1a: Aerodactyl|1\n|-damage|p1a: Aerodactyl|84/100\n|move|p2a: Rotom|Overheat|p1b: Weavile\n|-damage|p1b: Weavile|0 fnt\n|-unboost|p2a: Rotom|spa|2\n|replace|p1b: Zoroark|Zoroark-Hisui, L50, M\n|-end|p1b: Zoroark|Illusion\n|faint|p1b: Zoroark\n|\n|-sideend|p1: fomonono|move: Tailwind\n|upkeep\n|\n|t:|1788274763\n|switch|p1b: Weavile|Weavile, L50, F|100/100\n|-ability|p1b: Weavile|Pressure\n|turn|5\n|\n|t:|1788274806\n|switch|p2a: Basculegion|Basculegion, L50, M|100/100\n|move|p1b: Weavile|Fake Out|p2b: Noivern\n|-crit|p2b: Noivern\n|-damage|p2b: Noivern|70/100\n|cant|p2b: Noivern|flinch\n|move|p1a: Aerodactyl|Rock Slide|p2a: Basculegion|[spread] p2b\n|-miss|p1a: Aerodactyl|p2a: Basculegion\n|-supereffective|p2b: Noivern|1\n|-damage|p2b: Noivern|19/100\n|\n|-sideend|p2: brtsz|Reflect\n|upkeep\n|turn|6\n|\n|t:|1788274842\n|move|p2a: Basculegion|Aqua Jet|p1a: Aerodactyl\n|-supereffective|p1a: Aerodactyl|1\n|-damage|p1a: Aerodactyl|2/100\n|-damage|p2a: Basculegion|90/100|[from] item: Life Orb\n|move|p2b: Noivern|Super Fang|p1b: Weavile|[miss]\n|-miss|p2b: Noivern|p1b: Weavile\n|move|p1a: Aerodactyl|Ice Fang|p2b: Noivern\n|-supereffective|p2b: Noivern|2\n|-damage|p2b: Noivern|0 fnt\n|faint|p2b: Noivern\n|move|p1b: Weavile|Knock Off|p2a: Basculegion\n|-supereffective|p2a: Basculegion|1\n|-damage|p2a: Basculegion|0 fnt\n|-enditem|p2a: Basculegion|Life Orb|[from] move: Knock Off|[of] p1b: Weavile\n|faint|p2a: Basculegion\n|\n|-sideend|p2: brtsz|move: Tailwind\n|upkeep\n|\n|t:|1788274853\n|switch|p2b: Rotom|Rotom-Heat, L50|30/100\n|turn|7\n|c| quasmosis|why so many misses\n|c| quasmosis|geeg\n|\n|t:|1788274869\n|move|p1a: Aerodactyl|Tailwind|p1a: Aerodactyl\n|-sidestart|p1: fomonono|move: Tailwind\n|move|p1b: Weavile|Knock Off|p2b: Rotom\n|-damage|p2b: Rotom|0 fnt\n|faint|p2b: Rotom\n|\n|win|fomonono\n||brtsz is ready for game 2.\n||fomonono is ready for game 2.\n|uhtml|next|Next: <a href=\"/battle-gen9championsvgc2026regmb-2673900719\"><strong>Game 2 of 3</strong></a>\n|j| SneakyEne\n|l| SneakyEne\n|l|☆fomonono\n|player|p1|\n|l| quasmosis\n","uploadtime":1788274869,"views":"14","formatid":"gen9championsvgc2026regmb","rating":null,"private":0,"password":null}