{"id":"gen9championsvgc2026regmbbo3-2673498932","format":"[Gen 9 Champions] VGC 2026 Reg M-B (Bo3)","players":["humania1","Ndndhcje"],"log":"|j|☆humania1\n|j|☆Ndndhcje\n|html|<table width=\"100%\"><tr><td align=\"left\">humania1</td><td align=\"right\">Ndndhcje</tr><tr><td align=\"left\"><i class=\"fa fa-circle-o\"></i> <i class=\"fa fa-circle-o\"></i> </td><td align=\"right\"><i class=\"fa fa-circle-o\"></i> <i class=\"fa fa-circle\"></i> </tr></table>\n|uhtml|bestof|<h2><strong>Game 2</strong> of <a href=\"/game-bestof3-gen9championsvgc2026regmbbo3-2673495662\">a best-of-3</a></h2>\n|t:|1788205125\n|gametype|doubles\n|player|p1|humania1|170|1036\n|player|p2|Ndndhcje|266|1000\n|gen|9\n|tier|[Gen 9 Champions] VGC 2026 Reg M-B (Bo3)\n|rated|\n|rule|Species Clause: Limit one of each Pokémon\n|rule|Item Clause: Limit 1 of each item\n|clearpoke\n|poke|p1|Blastoise, L50, F|\n|poke|p1|Delphox, L50, F, shiny|\n|poke|p1|Incineroar, L50, F|\n|poke|p1|Sinistcha, L50|\n|poke|p1|Sneasler, L50, M|\n|poke|p1|Vivillon, L50, M|\n|poke|p2|Gengar, L50, F|\n|poke|p2|Politoed, L50, F|\n|poke|p2|Incineroar, L50, M|\n|poke|p2|Sinistcha, L50|\n|poke|p2|Hydreigon, L50, F|\n|poke|p2|Scizor, L50, F|\n|teampreview|4\n|showteam|p1|Blastoise||Blastoisinite|Torrent|Protect,ShellSmash,WaterSpout,DarkPulse|Modest||F|||50|]Delphox||Delphoxite|Blaze|Protect,HeatWave,Psyshock,NastyPlot|Timid||F|||50|]Incineroar||PasshoBerry|Intimidate|FakeOut,PartingShot,FlareBlitz,ThroatChop|Impish||F|||50|]Sinistcha||SitrusBerry|Hospitality|Protect,MatchaGotcha,TrickRoom,RagePowder|Bold|||||50|]Sneasler||FocusSash|PoisonTouch|QuickGuard,FakeOut,CloseCombat,DireClaw|Jolly||M|||50|]Vivillon||ChoiceScarf|CompoundEyes|Hurricane,SleepPowder,RagePowder,Uturn|Timid||M|||50|\n|showteam|p2|Gengar||Gengarite|CursedBody|ShadowBall,Disable,PerishSong,Protect|Calm||F|||50|]Politoed||Leftovers|Drizzle|WeatherBall,Encore,PerishSong,Protect|Bold||F|||50|]Incineroar||SitrusBerry|Intimidate|DarkestLariat,PartingShot,FakeOut,Protect|Sassy||M|||50|]Sinistcha||KasibBerry|Hospitality|MatchaGotcha,RagePowder,Protect,TrickRoom|Calm|||||50|]Hydreigon||ScopeLens|Levitate|FocusEnergy,DracoMeteor,DarkPulse,Protect|Modest||F|||50|]Scizor||Scizorite|Technician|BulletPunch,BugBite,SwordsDance,Protect|Careful||F|||50|\n|inactive|Battle timer is ON: inactive players will automatically lose when time's up. (requested by humania1)\n|\n|t:|1788205140\n|teamsize|p1|4\n|teamsize|p2|4\n|start\n|switch|p1a: Incineroar|Incineroar, L50, F|100/100\n|switch|p1b: Sinistcha|Sinistcha, L50|100/100\n|switch|p2a: Hydreigon|Hydreigon, L50, F|100/100\n|switch|p2b: Incineroar|Incineroar, L50, M|100/100\n|-ability|p1a: Incineroar|Intimidate|boost\n|-unboost|p2a: Hydreigon|atk|1\n|-unboost|p2b: Incineroar|atk|1\n|-ability|p2b: Incineroar|Intimidate|boost\n|-unboost|p1a: Incineroar|atk|1\n|-unboost|p1b: Sinistcha|atk|1\n|turn|1\n|inactive|Ndndhcje has 30 seconds left.\n|\n|t:|1788205167\n|move|p1a: Incineroar|Fake Out|p2a: Hydreigon\n|-damage|p2a: Hydreigon|92/100\n|cant|p2a: Hydreigon|flinch\n|move|p2b: Incineroar|Parting Shot|p1b: Sinistcha\n|-unboost|p1b: Sinistcha|atk|1\n|-unboost|p1b: Sinistcha|spa|1\n|\n|t:|1788205175\n|switch|p2b: Scizor|Scizor, L50, F|100/100|[from] Parting Shot\n|move|p1b: Sinistcha|Trick Room|p1b: Sinistcha\n|-fieldstart|move: Trick Room|[of] p1b: Sinistcha\n|\n|upkeep\n|turn|2\n|inactive|Ndndhcje has 30 seconds left.\n|\n|t:|1788205201\n|switch|p2a: Politoed|Politoed, L50, F|100/100\n|-weather|RainDance|[from] ability: Drizzle|[of] p2a: Politoed\n|detailschange|p2b: Scizor|Scizor-Mega, L50, F\n|-mega|p2b: Scizor|Scizor|Scizorite\n|move|p1b: Sinistcha|Matcha Gotcha|p2a: Politoed|[spread] p2a,p2b\n|-supereffective|p2a: Politoed|1\n|-resisted|p2b: Scizor|2\n|-damage|p2a: Politoed|71/100\n|-damage|p2b: Scizor|97/100\n|-status|p2a: Politoed|brn\n|move|p2b: Scizor|Swords Dance|p2b: Scizor\n|-boost|p2b: Scizor|atk|2\n|move|p1a: Incineroar|Flare Blitz|p2b: Scizor\n|-supereffective|p2b: Scizor|2\n|-damage|p2b: Scizor|49/100\n|-damage|p1a: Incineroar|86/100|[from] Recoil\n|\n|-weather|RainDance|[upkeep]\n|-heal|p2a: Politoed|78/100 brn|[from] item: Leftovers\n|-damage|p2a: Politoed|71/100 brn|[from] brn\n|upkeep\n|turn|3\n|inactive|Ndndhcje has 30 seconds left.\n|\n|t:|1788205234\n|move|p2a: Politoed|Weather Ball|p1a: Incineroar\n|-supereffective|p1a: Incineroar|1\n|-enditem|p1a: Incineroar|Passho Berry|[eat]\n|-enditem|p1a: Incineroar|Passho Berry|[weaken]\n|-damage|p1a: Incineroar|41/100\n|move|p1b: Sinistcha|Matcha Gotcha|p2b: Scizor|[spread] p2a,p2b\n|-supereffective|p2a: Politoed|1\n|-resisted|p2b: Scizor|2\n|-damage|p2a: Politoed|45/100 brn\n|-damage|p2b: Scizor|46/100\n|move|p2b: Scizor|Bug Bite|p1b: Sinistcha\n|-damage|p1b: Sinistcha|19/100\n|-enditem|p1b: Sinistcha|Sitrus Berry|[from] stealeat|[move] Bug Bite|[of] p2b: Scizor\n|-heal|p2b: Scizor|71/100|[from] item: Sitrus Berry\n|move|p1a: Incineroar|Flare Blitz|p2b: Scizor\n|-supereffective|p2b: Scizor|2\n|-damage|p2b: Scizor|24/100\n|-damage|p1a: Incineroar|27/100|[from] Recoil\n|\n|-weather|RainDance|[upkeep]\n|-heal|p2a: Politoed|52/100 brn|[from] item: Leftovers\n|-damage|p2a: Politoed|45/100 brn|[from] brn\n|upkeep\n|turn|4\n|\n|t:|1788205259\n|switch|p1b: Blastoise|Blastoise, L50, F|100/100\n|switch|p2a: Incineroar|Incineroar, L50, M|100/100\n|-ability|p2a: Incineroar|Intimidate|boost\n|-unboost|p1a: Incineroar|atk|1\n|-unboost|p1b: Blastoise|atk|1\n|move|p2b: Scizor|Protect|p2b: Scizor\n|-singleturn|p2b: Scizor|Protect\n|move|p1a: Incineroar|Throat Chop|p2b: Scizor\n|-activate|p2b: Scizor|move: Protect\n|\n|-weather|RainDance|[upkeep]\n|upkeep\n|turn|5\n|inactive|Ndndhcje has 30 seconds left.\n|inactive|Ndndhcje has 20 seconds left.\n|\n|t:|1788205296\n|detailschange|p1b: Blastoise|Blastoise-Mega, L50, F\n|-mega|p1b: Blastoise|Blastoise|Blastoisinite\n|move|p2a: Incineroar|Darkest Lariat|p1b: Blastoise\n|-damage|p1b: Blastoise|66/100\n|move|p2b: Scizor|Bug Bite|p1a: Incineroar\n|-damage|p1a: Incineroar|0 fnt\n|faint|p1a: Incineroar\n|move|p1b: Blastoise|Water Spout|p2a: Incineroar|[spread] p2a,p2b\n|-supereffective|p2a: Incineroar|1\n|-damage|p2a: Incineroar|7/100\n|-damage|p2b: Scizor|0 fnt\n|-enditem|p2a: Incineroar|Sitrus Berry|[eat]\n|-heal|p2a: Incineroar|32/100|[from] item: Sitrus Berry\n|faint|p2b: Scizor\n|\n|-weather|RainDance|[upkeep]\n|-fieldend|move: Trick Room\n|upkeep\n|\n|t:|1788205316\n|switch|p1a: Sinistcha|Sinistcha, L50|19/100\n|switch|p2b: Hydreigon|Hydreigon, L50, F|92/100\n|-heal|p1b: Blastoise|91/100|[from] ability: Hospitality|[of] p1a: Sinistcha\n|turn|6\n|\n|t:|1788205334\n|switch|p2a: Politoed|Politoed, L50, F|45/100 brn\n|move|p1a: Sinistcha|Protect|p1a: Sinistcha\n|-singleturn|p1a: Sinistcha|Protect\n|move|p1b: Blastoise|Water Spout|p2a: Politoed|[spread] p2a,p2b\n|-resisted|p2a: Politoed|1\n|-resisted|p2b: Hydreigon|1\n|-damage|p2a: Politoed|12/100 brn\n|-damage|p2b: Hydreigon|49/100\n|move|p2b: Hydreigon|Focus Energy|p2b: Hydreigon\n|-start|p2b: Hydreigon|move: Focus Energy\n|\n|-weather|none\n|-heal|p2a: Politoed|18/100 brn|[from] item: Leftovers\n|-damage|p2a: Politoed|12/100 brn|[from] brn\n|upkeep\n|turn|7\n|inactive|Ndndhcje has 30 seconds left.\n|inactive|Ndndhcje has 20 seconds left.\n|inactive|Ndndhcje has 15 seconds left.\n|inactive|Ndndhcje has 10 seconds left.\n|\n|t:|1788205381\n|move|p1b: Blastoise|Water Spout|p2b: Hydreigon|[spread] p2a,p2b\n|-resisted|p2a: Politoed|1\n|-resisted|p2b: Hydreigon|1\n|-damage|p2a: Politoed|0 fnt\n|-damage|p2b: Hydreigon|20/100y\n|faint|p2a: Politoed\n|move|p2b: Hydreigon|Draco Meteor|p1b: Blastoise\n|-crit|p1b: Blastoise\n|-damage|p1b: Blastoise|0 fnt\n|-unboost|p2b: Hydreigon|spa|2\n|faint|p1b: Blastoise\n|move|p1a: Sinistcha|Matcha Gotcha|p2b: Hydreigon\n|-resisted|p2b: Hydreigon|1\n|-damage|p2b: Hydreigon|4/100\n|-heal|p1a: Sinistcha|28/100|[from] drain|[of] p2b: Hydreigon\n|\n|upkeep\n|\n|t:|1788205397\n|switch|p1b: Delphox|Delphox, L50, F, shiny|100/100\n|switch|p2a: Incineroar|Incineroar, L50, M|32/100\n|-ability|p2a: Incineroar|Intimidate|boost\n|-unboost|p1a: Sinistcha|atk|1\n|-unboost|p1b: Delphox|atk|1\n|turn|8\n|\n|t:|1788205419\n|move|p1b: Delphox|Heat Wave|p2a: Incineroar|[spread] p2a\n|-miss|p1b: Delphox|p2b: Hydreigon\n|-resisted|p2a: Incineroar|1\n|-damage|p2a: Incineroar|20/100y\n|move|p2b: Hydreigon|Dark Pulse|p1a: Sinistcha\n|-supereffective|p1a: Sinistcha|1\n|-crit|p1a: Sinistcha\n|-damage|p1a: Sinistcha|0 fnt\n|faint|p1a: Sinistcha\n|move|p2a: Incineroar|Darkest Lariat|p1b: Delphox\n|-supereffective|p1b: Delphox|1\n|-damage|p1b: Delphox|5/100\n|\n|upkeep\n|turn|9\n|\n|t:|1788205435\n|move|p1b: Delphox|Heat Wave|p2b: Hydreigon|[spread] p2a,p2b\n|-resisted|p2a: Incineroar|1\n|-resisted|p2b: Hydreigon|1\n|-damage|p2a: Incineroar|3/100\n|-damage|p2b: Hydreigon|0 fnt\n|faint|p2b: Hydreigon\n|move|p2a: Incineroar|Darkest Lariat|p1b: Delphox\n|-supereffective|p1b: Delphox|1\n|-crit|p1b: Delphox\n|-damage|p1b: Delphox|0 fnt\n|faint|p1b: Delphox\n|\n|win|Ndndhcje\n|raw|humania1's rating: 1036 &rarr; <strong>1019</strong><br />(-17 for losing)\n|raw|Ndndhcje's rating: 1000 &rarr; <strong>1044</strong><br />(+44 for winning)\n","uploadtime":1788205435,"views":"4","formatid":"gen9championsvgc2026regmbbo3","rating":1019,"private":0,"password":null}