{"id":"gen9championsvgc2026regmbbo3-2674164904","format":"[Gen 9 Champions] VGC 2026 Reg M-B (Bo3)","players":["Puglover20","sugarglider_9603"],"log":"|j|☆Puglover20\n|j|☆sugarglider_9603\n|html|<table width=\"100%\"><tr><td align=\"left\">Puglover20</td><td align=\"right\">sugarglider_9603</tr><tr><td align=\"left\"><i class=\"fa fa-circle-o\"></i> <i class=\"fa fa-circle-o\"></i> </td><td align=\"right\"><i class=\"fa fa-circle-o\"></i> <i class=\"fa fa-circle-o\"></i> </tr></table>\n|uhtml|bestof|<h2><strong>Game 1</strong> of <a href=\"/game-bestof3-gen9championsvgc2026regmbbo3-2674164903\">a best-of-3</a></h2>\n|t:|1788308866\n|gametype|doubles\n|player|p1|Puglover20|102|\n|player|p2|sugarglider_9603|wallace|\n|gen|9\n|tier|[Gen 9 Champions] VGC 2026 Reg M-B (Bo3)\n|rule|Species Clause: Limit one of each Pokémon\n|rule|Item Clause: Limit 1 of each item\n|raw|<div class=\"infobox\"><details class=\"readmore\" open><summary><strong>1 custom rule:</strong></summary> !Force Open Team Sheets</details></div>\n|clearpoke\n|poke|p1|Raichu, L50, M|\n|poke|p1|Snorlax, L50, M|\n|poke|p1|Blastoise, L50, F|\n|poke|p1|Ninetales, L50, M|\n|poke|p1|Machamp, L50, F|\n|poke|p1|Maushold, L50|\n|poke|p2|Runerigus, L50, F|\n|poke|p2|Meganium, L50, M|\n|poke|p2|Archaludon, L50, M|\n|poke|p2|Tyranitar, L50, M|\n|poke|p2|Hatterene, L50, F|\n|poke|p2|Goodra-Hisui, L50, M|\n|teampreview|4\n|\n|t:|1788308938\n|teamsize|p1|4\n|teamsize|p2|4\n|start\n|switch|p1a: Naruto Uzumaki|Ninetales, L50, M|100/100\n|switch|p1b: Hannibal Lecter|Snorlax, L50, M|100/100\n|switch|p2a: Transgenda|Hatterene, L50, F|100/100\n|switch|p2b: Slugothy|Goodra-Hisui, L50, M|100/100\n|-weather|SunnyDay|[from] ability: Drought|[of] p1a: Naruto Uzumaki\n|turn|1\n|\n|t:|1788309078\n|move|p2b: Slugothy|Protect|p2b: Slugothy\n|-singleturn|p2b: Slugothy|Protect\n|move|p1a: Naruto Uzumaki|Scorching Sands|p2b: Slugothy\n|-activate|p2b: Slugothy|move: Protect\n|move|p1b: Hannibal Lecter|Heavy Slam|p2a: Transgenda\n|-supereffective|p2a: Transgenda|1\n|-damage|p2a: Transgenda|37/100\n|move|p2a: Transgenda|Trick Room|p2a: Transgenda\n|-fieldstart|move: Trick Room|[of] p2a: Transgenda\n|\n|-weather|SunnyDay|[upkeep]\n|upkeep\n|turn|2\n|\n|t:|1788309102\n|move|p2a: Transgenda|Helping Hand|p2b: Slugothy\n|-singleturn|p2b: Slugothy|Helping Hand|[of] p2a: Transgenda\n|move|p1b: Hannibal Lecter|Heavy Slam|p2a: Transgenda\n|-supereffective|p2a: Transgenda|1\n|-damage|p2a: Transgenda|0 fnt\n|faint|p2a: Transgenda\n|move|p2b: Slugothy|Earthquake|p1a: Naruto Uzumaki|[spread] p1a,p1b\n|-supereffective|p1a: Naruto Uzumaki|1\n|-damage|p1a: Naruto Uzumaki|17/100\n|-damage|p1b: Hannibal Lecter|80/100\n|move|p1a: Naruto Uzumaki|Scorching Sands|p2b: Slugothy\n|-supereffective|p2b: Slugothy|1\n|-damage|p2b: Slugothy|66/100\n|-damage|p1a: Naruto Uzumaki|8/100|[from] item: Life Orb\n|\n|-weather|SunnyDay|[upkeep]\n|-heal|p1b: Hannibal Lecter|86/100|[from] item: Leftovers\n|-heal|p2b: Slugothy|72/100|[from] item: Leftovers\n|upkeep\n|\n|t:|1788309119\n|switch|p2a: Chompster|Tyranitar, L50, M|100/100\n|-weather|Sandstorm|[from] ability: Sand Stream|[of] p2a: Chompster\n|turn|3\n|\n|t:|1788309167\n|move|p2b: Slugothy|Protect|p2b: Slugothy\n|-singleturn|p2b: Slugothy|Protect\n|move|p1b: Hannibal Lecter|Fissure|p2a: Chompster|[miss]\n|-miss|p1b: Hannibal Lecter|p2a: Chompster\n|move|p2a: Chompster|Rock Slide|p1b: Hannibal Lecter|[spread] p1a,p1b\n|-supereffective|p1a: Naruto Uzumaki|1\n|-damage|p1a: Naruto Uzumaki|0 fnt\n|-damage|p1b: Hannibal Lecter|66/100\n|faint|p1a: Naruto Uzumaki\n|\n|-weather|Sandstorm|[upkeep]\n|-damage|p1b: Hannibal Lecter|60/100|[from] Sandstorm\n|-heal|p1b: Hannibal Lecter|66/100|[from] item: Leftovers\n|-heal|p2b: Slugothy|78/100|[from] item: Leftovers\n|upkeep\n|\n|t:|1788309192\n|switch|p1a: Soap Mactavish|Machamp, L50, F|100/100\n|turn|4\n|\n|t:|1788309230\n|move|p1b: Hannibal Lecter|Fissure|p2b: Slugothy\n|-damage|p2b: Slugothy|0 fnt\n|faint|p2b: Slugothy\n|-ohko\n|move|p2a: Chompster|Knock Off|p1a: Soap Mactavish\n|-resisted|p1a: Soap Mactavish|1\n|-damage|p1a: Soap Mactavish|60/100\n|-enditem|p1a: Soap Mactavish|Sitrus Berry|[from] move: Knock Off|[of] p2a: Chompster\n|move|p1a: Soap Mactavish|Dynamic Punch|p2a: Chompster\n|-supereffective|p2a: Chompster|2\n|-damage|p2a: Chompster|0 fnt\n|faint|p2a: Chompster\n|\n|-weather|Sandstorm|[upkeep]\n|-damage|p1b: Hannibal Lecter|60/100|[from] Sandstorm\n|-damage|p1a: Soap Mactavish|53/100|[from] Sandstorm\n|-heal|p1b: Hannibal Lecter|66/100|[from] item: Leftovers\n|upkeep\n|\n|t:|1788309236\n|switch|p2b: Flower Power|Meganium, L50, M|100/100\n|turn|5\n|\n|t:|1788309291\n|detailschange|p2b: Flower Power|Meganium-Mega, L50, M\n|-mega|p2b: Flower Power|Meganium|Meganiumite\n|move|p1b: Hannibal Lecter|Heavy Slam|p2b: Flower Power\n|-supereffective|p2b: Flower Power|1\n|-damage|p2b: Flower Power|69/100\n|move|p2b: Flower Power|Dazzling Gleam|p1b: Hannibal Lecter|[spread] p1a,p1b\n|-supereffective|p1a: Soap Mactavish|1\n|-damage|p1a: Soap Mactavish|0 fnt\n|-damage|p1b: Hannibal Lecter|43/100\n|faint|p1a: Soap Mactavish\n|\n|-weather|Sandstorm|[upkeep]\n|-damage|p1b: Hannibal Lecter|37/100|[from] Sandstorm\n|-damage|p2b: Flower Power|63/100|[from] Sandstorm\n|-heal|p1b: Hannibal Lecter|43/100|[from] item: Leftovers\n|-fieldend|move: Trick Room\n|upkeep\n|\n|t:|1788309303\n|switch|p1a: Hans Capon|Raichu, L50, M|100/100\n|turn|6\n|\n|t:|1788309420\n|detailschange|p1a: Hans Capon|Raichu-Mega-Y, L50, M\n|-mega|p1a: Hans Capon|Raichu|Raichunite Y\n|move|p1a: Hans Capon|Focus Blast|p2b: Flower Power\n|-resisted|p2b: Flower Power|1\n|-damage|p2b: Flower Power|42/100\n|move|p2b: Flower Power|Earth Power|p1a: Hans Capon\n|-supereffective|p1a: Hans Capon|1\n|-damage|p1a: Hans Capon|0 fnt\n|faint|p1a: Hans Capon\n|move|p1b: Hannibal Lecter|Heavy Slam|p2b: Flower Power\n|-supereffective|p2b: Flower Power|1\n|-damage|p2b: Flower Power|8/100\n|\n|-weather|Sandstorm|[upkeep]\n|-damage|p2b: Flower Power|2/100|[from] Sandstorm\n|-damage|p1b: Hannibal Lecter|37/100|[from] Sandstorm\n|-heal|p1b: Hannibal Lecter|43/100|[from] item: Leftovers\n|upkeep\n|turn|7\n|\n|t:|1788309441\n|move|p2b: Flower Power|Synthesis|p2b: Flower Power\n|-activate|p2b: Flower Power|ability: Mega Sol\n|-heal|p2b: Flower Power|69/100\n|move|p1b: Hannibal Lecter|Heavy Slam|p2b: Flower Power\n|-supereffective|p2b: Flower Power|1\n|-damage|p2b: Flower Power|38/100\n|\n|-weather|none\n|-heal|p1b: Hannibal Lecter|50/100y|[from] item: Leftovers\n|upkeep\n|turn|8\n|\n|t:|1788309451\n|move|p2b: Flower Power|Synthesis|p2b: Flower Power\n|-activate|p2b: Flower Power|ability: Mega Sol\n|-heal|p2b: Flower Power|100/100\n|move|p1b: Hannibal Lecter|Heavy Slam|p2b: Flower Power\n|-supereffective|p2b: Flower Power|1\n|-damage|p2b: Flower Power|66/100\n|\n|-heal|p1b: Hannibal Lecter|56/100|[from] item: Leftovers\n|upkeep\n|turn|9\n|\n|t:|1788309462\n|move|p2b: Flower Power|Solar Beam||[still]\n|-prepare|p2b: Flower Power|Solar Beam\n|-activate|p2b: Flower Power|ability: Mega Sol\n|-anim|p2b: Flower Power|Solar Beam|p1b: Hannibal Lecter\n|-crit|p1b: Hannibal Lecter\n|-damage|p1b: Hannibal Lecter|0 fnt\n|faint|p1b: Hannibal Lecter\n|\n|win|sugarglider_9603\n|inactive|Puglover20 has 30 seconds to confirm battle start!\n|inactive|sugarglider_9603 has 30 seconds to confirm battle start!\n||sugarglider_9603 is ready for game 2.\n|inactive|Puglover20 has 20 seconds to confirm battle start!\n||Puglover20 is ready for game 2.\n|uhtml|next|Next: <a href=\"/battle-gen9championsvgc2026regmbbo3-2674168840\"><strong>Game 2 of 3</strong></a>\n","uploadtime":1788309471,"views":"7","formatid":"gen9championsvgc2026regmbbo3","rating":null,"private":0,"password":null}