{"id":"gen9championsvgc2026regmbbo3-2673915884","format":"[Gen 9 Champions] VGC 2026 Reg M-B (Bo3)","players":["U1184","raksbach"],"log":"|j|☆U1184\n|j|☆raksbach\n|html|<table width=\"100%\"><tr><td align=\"left\">U1184</td><td align=\"right\">raksbach</tr><tr><td align=\"left\"><i class=\"fa fa-circle\"></i> <i class=\"fa fa-circle-o\"></i> </td><td align=\"right\"><i class=\"fa fa-circle-o\"></i> <i class=\"fa fa-circle-o\"></i> </tr></table>\n|uhtml|bestof|<h2><strong>Game 2</strong> of <a href=\"/game-bestof3-gen9championsvgc2026regmbbo3-2673913800\">a best-of-3</a></h2>\n|t:|1788276712\n|gametype|doubles\n|player|p1|U1184|170|1183\n|player|p2|raksbach|doubleteam|1209\n|gen|9\n|tier|[Gen 9 Champions] VGC 2026 Reg M-B (Bo3)\n|rated|\n|rule|Species Clause: Limit one of each Pokémon\n|rule|Item Clause: Limit 1 of each item\n|clearpoke\n|poke|p1|Gengar, L50, F|\n|poke|p1|Dragonite, L50, M|\n|poke|p1|Incineroar, L50, F|\n|poke|p1|Garchomp, L50, F|\n|poke|p1|Sneasler, L50, M|\n|poke|p1|Charizard, L50, F|\n|poke|p2|Dragonite, L50, F|\n|poke|p2|Sneasler, L50, M|\n|poke|p2|Basculegion, L50, M|\n|poke|p2|Kingambit, L50, M|\n|poke|p2|Garchomp, L50, F|\n|poke|p2|Floette-Eternal, L50, F|\n|teampreview|4\n|showteam|p1|Gengar||Gengarite|CursedBody|Protect,Substitute,SludgeBomb,ShadowBall|Timid||F|||50|]Dragonite||LifeOrb|InnerFocus|Protect,Superpower,DragonClaw,ExtremeSpeed|Adamant||M|||50|]Incineroar||SitrusBerry|Intimidate|FlareBlitz,PartingShot,ThroatChop,FakeOut|Impish||F|||50|]Garchomp||ChoiceScarf|RoughSkin|DragonClaw,Earthquake,RockSlide,StompingTantrum|Adamant||F|||50|]Sneasler||WhiteHerb|Unburden|FakeOut,Protect,CloseCombat,DireClaw|Adamant||M|||50|]Charizard||CharizarditeY|Blaze|Protect,HeatWave,WeatherBall,AncientPower|Modest||F|||50|\n|showteam|p2|Dragonite||Dragoninite|Multiscale|DragonPulse,HeatWave,ExtremeSpeed,Protect|Modest||F|||50|]Sneasler||FocusSash|PoisonTouch|CloseCombat,DireClaw,FakeOut,Feint|Jolly||M|||50|]Basculegion||LifeOrb|Adaptability|WaveCrash,LastRespects,AquaJet,Protect|Adamant||M|||50|]Kingambit||ChopleBerry|Defiant|SuckerPunch,KowtowCleave,LowKick,IronHead|Adamant||M|||50|]Garchomp||ChoiceScarf|RoughSkin|DragonClaw,StompingTantrum,Earthquake,RockSlide|Adamant||F|||50|]Floette-Eternal||Floettite|FlowerVeil|Moonblast,DazzlingGleam,LightofRuin,Protect|Timid||F|||50|\n|inactive|Battle timer is ON: inactive players will automatically lose when time's up. (requested by raksbach)\n|\n|t:|1788276739\n|teamsize|p1|4\n|teamsize|p2|4\n|start\n|switch|p1a: Sneasler|Sneasler, L50, M|100/100\n|switch|p1b: Garchomp|Garchomp, L50, F|100/100\n|switch|p2a: Dragonite|Dragonite, L50, F|100/100\n|switch|p2b: Sneasler|Sneasler, L50, M|100/100\n|turn|1\n|inactive|U1184 has 30 seconds left.\n|inactive|U1184 has 20 seconds left.\n|inactive|U1184 has 15 seconds left.\n|inactive|U1184 has 10 seconds left.\n|\n|t:|1788276787\n|switch|p1b: Incineroar|Incineroar, L50, F|100/100\n|-ability|p1b: Incineroar|Intimidate|boost\n|-unboost|p2a: Dragonite|atk|1\n|-unboost|p2b: Sneasler|atk|1\n|detailschange|p2a: Dragonite|Dragonite-Mega, L50, F\n|-mega|p2a: Dragonite|Dragonite|Dragoninite\n|move|p2b: Sneasler|Fake Out|p1a: Sneasler\n|-damage|p1a: Sneasler|87/100\n|cant|p1a: Sneasler|flinch\n|move|p2a: Dragonite|Dragon Pulse|p1b: Incineroar\n|-damage|p1b: Incineroar|54/100\n|\n|upkeep\n|turn|2\n|inactive|raksbach has 30 seconds left.\n|\n|t:|1788276817\n|switch|p2a: Garchomp|Garchomp, L50, F|100/100\n|move|p1b: Incineroar|Fake Out|p2b: Sneasler\n|-damage|p2b: Sneasler|82/100\n|cant|p2b: Sneasler|flinch\n|move|p1a: Sneasler|Close Combat|p2b: Sneasler\n|-resisted|p2b: Sneasler|1\n|-damage|p2b: Sneasler|32/100\n|-unboost|p1a: Sneasler|def|1\n|-unboost|p1a: Sneasler|spd|1\n|-enditem|p1a: Sneasler|White Herb\n|-clearnegativeboost|p1a: Sneasler|[silent]\n|\n|upkeep\n|turn|3\n|\n|t:|1788276837\n|switch|p2b: Dragonite|Dragonite-Mega, L50, F|100/100\n|switch|p1b: Garchomp|Garchomp, L50, F|100/100\n|move|p1a: Sneasler|Protect|p1a: Sneasler\n|-singleturn|p1a: Sneasler|Protect\n|move|p2a: Garchomp|Earthquake|p1b: Garchomp|[spread] p1b\n|-activate|p1a: Sneasler|move: Protect\n|-immune|p2b: Dragonite\n|-damage|p1b: Garchomp|58/100\n|\n|upkeep\n|turn|4\n|inactive|U1184 has 30 seconds left.\n|inactive|U1184 has 20 seconds left.\n|\n|t:|1788276872\n|move|p1a: Sneasler|Dire Claw|p2b: Dragonite\n|-damage|p2b: Dragonite|82/100\n|move|p1b: Garchomp|Dragon Claw|p2b: Dragonite\n|-supereffective|p2b: Dragonite|1\n|-damage|p2b: Dragonite|0 fnt\n|faint|p2b: Dragonite\n|move|p2a: Garchomp|Earthquake|p1b: Garchomp|[spread] p1a,p1b\n|-supereffective|p1a: Sneasler|1\n|-damage|p1a: Sneasler|0 fnt\n|-damage|p1b: Garchomp|17/100\n|faint|p1a: Sneasler\n|\n|upkeep\n|\n|t:|1788276884\n|switch|p1a: Incineroar|Incineroar, L50, F|54/100\n|switch|p2b: Sneasler|Sneasler, L50, M|32/100\n|-ability|p1a: Incineroar|Intimidate|boost\n|-unboost|p2a: Garchomp|atk|1\n|-unboost|p2b: Sneasler|atk|1\n|turn|5\n|\n|t:|1788276896\n|switch|p1b: Gengar|Gengar, L50, F|100/100\n|move|p2b: Sneasler|Fake Out|p1a: Incineroar\n|-damage|p1a: Incineroar|48/100\n|-enditem|p1a: Incineroar|Sitrus Berry|[eat]\n|-heal|p1a: Incineroar|73/100|[from] item: Sitrus Berry\n|cant|p1a: Incineroar|flinch\n|move|p2a: Garchomp|Earthquake|p1a: Incineroar|[spread] p2b,p1a,p1b\n|-supereffective|p2b: Sneasler|1\n|-supereffective|p1a: Incineroar|1\n|-supereffective|p1b: Gengar|1\n|-damage|p2b: Sneasler|0 fnt\n|-damage|p1a: Incineroar|28/100\n|-damage|p1b: Gengar|17/100\n|-start|p2a: Garchomp|Disable|Earthquake|[from] ability: Cursed Body|[of] p1b: Gengar\n|faint|p2b: Sneasler\n|\n|upkeep\n|\n|t:|1788276907\n|switch|p2b: Basculegion|Basculegion, L50, M|100/100\n|turn|6\n|c|☆raksbach|I die xd\n|inactive|raksbach has 30 seconds left.\n|inactive|raksbach has 20 seconds left.\n|\n|t:|1788276947\n|move|p1b: Gengar|Protect|p1b: Gengar\n|-singleturn|p1b: Gengar|Protect\n|move|p2b: Basculegion|Aqua Jet|p1b: Gengar\n|-activate|p1b: Gengar|move: Protect\n|-activate|p2a: Garchomp|move: Struggle\n|move|p2a: Garchomp|Struggle|p1b: Gengar\n|-activate|p1b: Gengar|move: Protect\n|move|p1a: Incineroar|Throat Chop|p2b: Basculegion\n|-supereffective|p2b: Basculegion|1\n|-damage|p2b: Basculegion|24/100\n|-start|p2b: Basculegion|Throat Chop|[silent]\n|\n|upkeep\n|turn|7\n|inactive|U1184 has 30 seconds left.\n|\n|t:|1788276981\n|switch|p1b: Garchomp|Garchomp, L50, F|17/100\n|-activate|p2a: Garchomp|move: Struggle\n|move|p2a: Garchomp|Struggle|p1b: Garchomp\n|-damage|p1b: Garchomp|5/100\n|-damage|p2a: Garchomp|87/100|[from] ability: Rough Skin|[of] p1b: Garchomp\n|-damage|p2a: Garchomp|62/100|[from] recoil\n|move|p2b: Basculegion|Last Respects|p1a: Incineroar\n|-resisted|p1a: Incineroar|1\n|-damage|p1a: Incineroar|0 fnt\n|faint|p1a: Incineroar\n|-damage|p2b: Basculegion|15/100|[from] item: Life Orb\n|\n|-end|p2b: Basculegion|Throat Chop|[silent]\n|upkeep\n|\n|t:|1788276994\n|switch|p1a: Gengar|Gengar, L50, F|17/100\n|turn|8\n|\n|t:|1788277014\n|move|p1a: Gengar|Protect|p1a: Gengar\n|-singleturn|p1a: Gengar|Protect\n|move|p2b: Basculegion|Aqua Jet|p1b: Garchomp\n|-damage|p1b: Garchomp|0 fnt\n|-damage|p2b: Basculegion|3/100|[from] ability: Rough Skin|[of] p1b: Garchomp\n|faint|p1b: Garchomp\n|-damage|p2b: Basculegion|0 fnt|[from] item: Life Orb\n|faint|p2b: Basculegion\n|-activate|p2a: Garchomp|move: Struggle\n|move|p2a: Garchomp|Struggle|p1a: Gengar\n|-activate|p1a: Gengar|move: Protect\n|\n|-end|p2a: Garchomp|Disable\n|upkeep\n|turn|9\n|c|☆raksbach|bROOOO\n|\n|t:|1788277028\n|detailschange|p1a: Gengar|Gengar-Mega, L50, F\n|-mega|p1a: Gengar|Gengar|Gengarite\n|move|p2a: Garchomp|Earthquake|p1a: Gengar\n|-supereffective|p1a: Gengar|1\n|-damage|p1a: Gengar|0 fnt\n|faint|p1a: Gengar\n|\n|win|raksbach\n","uploadtime":1788277028,"views":"0","formatid":"gen9championsvgc2026regmbbo3","rating":null,"private":0,"password":null}