{"id":"gen9championsvgc2026regmb-2674907445","format":"[Gen 9 Champions] VGC 2026 Reg M-B","players":["xJafanxvgc","Others sides"],"log":"|j|☆xJafanxvgc\n|j|☆Others sides\n|t:|1788433735\n|gametype|doubles\n|player|p1|xJafanxvgc|101|1124\n|player|p2|Others sides|170|1114\n|gen|9\n|tier|[Gen 9 Champions] VGC 2026 Reg M-B\n|rated|\n|rule|Species Clause: Limit one of each Pokémon\n|rule|Item Clause: Limit 1 of each item\n|clearpoke\n|poke|p1|Charizard, L50, M|\n|poke|p1|Garchomp, L50, M|\n|poke|p1|Whimsicott, L50, F|\n|poke|p1|Kingambit, L50, M|\n|poke|p1|Mawile, L50, M|\n|poke|p1|Cofagrigus, L50, M|\n|poke|p2|Camerupt, L50, M, shiny|\n|poke|p2|Farigiraf, L50, F|\n|poke|p2|Abomasnow, L50, M, shiny|\n|poke|p2|Sinistcha-Masterpiece, L50|\n|poke|p2|Incineroar, L50, F|\n|poke|p2|Glaceon, L50, M|\n|teampreview|4\n|inactive|Battle timer is ON: inactive players will automatically lose when time's up. (requested by Others sides)\n|inactive|xJafanxvgc has 60 seconds left.\n|inactive|Others sides has 60 seconds left.\n|\n|t:|1788433782\n|teamsize|p1|4\n|teamsize|p2|4\n|start\n|switch|p1a: Charizard|Charizard, L50, M|100/100\n|switch|p1b: Cofagrigus|Cofagrigus, L50, M|100/100\n|switch|p2a: Farigiraf|Farigiraf, L50, F|100/100\n|switch|p2b: Incineroar|Incineroar, L50, F|100/100\n|turn|1\n|\n|t:|1788433811\n|move|p2b: Incineroar|Fake Out|p1a: Charizard\n|-damage|p1a: Charizard|78/100\n|cant|p1a: Charizard|flinch\n|move|p1b: Cofagrigus|Guard Swap|p1a: Charizard\n|-swapboost|p1b: Cofagrigus|p1a: Charizard|def, spd|[from] move: Guard Swap\n|move|p2a: Farigiraf|Trick Room|p2a: Farigiraf\n|-fieldstart|move: Trick Room|[of] p2a: Farigiraf\n|\n|upkeep\n|turn|2\n|inactive|xJafanxvgc has 30 seconds left.\n|inactive|xJafanxvgc has 20 seconds left.\n|\n|t:|1788433849\n|detailschange|p1a: Charizard|Charizard-Mega-Y, L50, M\n|-mega|p1a: Charizard|Charizard|Charizardite Y\n|-weather|SunnyDay|[from] ability: Drought|[of] p1a: Charizard\n|move|p2a: Farigiraf|Protect|p2a: Farigiraf\n|-singleturn|p2a: Farigiraf|Protect\n|move|p1b: Cofagrigus|Ally Switch|p1b: Cofagrigus\n|swap|p1b: Cofagrigus|0|[from] move: Ally Switch\n|move|p2b: Incineroar|Parting Shot|p1a: Cofagrigus\n|-unboost|p1a: Cofagrigus|atk|1\n|-unboost|p1a: Cofagrigus|spa|1\n|\n|t:|1788433860\n|switch|p2b: Camerupt|Camerupt, L50, M, shiny|100/100|[from] Parting Shot\n|move|p1b: Charizard|Heat Wave|p2a: Farigiraf|[spread] p2b\n|-activate|p2a: Farigiraf|move: Protect\n|-resisted|p2b: Camerupt|1\n|-damage|p2b: Camerupt|58/100\n|\n|-weather|SunnyDay|[upkeep]\n|upkeep\n|turn|3\n|\n|t:|1788433882\n|detailschange|p2b: Camerupt|Camerupt-Mega, L50, M, shiny\n|-mega|p2b: Camerupt|Camerupt|Cameruptite\n|move|p2a: Farigiraf|Helping Hand|p2b: Camerupt\n|-singleturn|p2b: Camerupt|Helping Hand|[of] p2a: Farigiraf\n|move|p1b: Charizard|Protect|p1b: Charizard\n|-singleturn|p1b: Charizard|Protect\n|move|p2b: Camerupt|Ancient Power|p1a: Cofagrigus\n|-damage|p1a: Cofagrigus|66/100\n|move|p1a: Cofagrigus|Trick Room|p1a: Cofagrigus\n|-fieldend|move: Trick Room\n|\n|-weather|SunnyDay|[upkeep]\n|-heal|p1a: Cofagrigus|72/100|[from] item: Leftovers\n|upkeep\n|turn|4\n|inactive|xJafanxvgc has 30 seconds left.\n|\n|t:|1788433914\n|switch|p1b: Garchomp|Garchomp, L50, M|100/100\n|move|p2b: Camerupt|Protect|p2b: Camerupt\n|-singleturn|p2b: Camerupt|Protect\n|move|p2a: Farigiraf|Trick Room|p2a: Farigiraf\n|-fieldstart|move: Trick Room|[of] p2a: Farigiraf\n|move|p1a: Cofagrigus|Trick Room|p1a: Cofagrigus\n|-fieldend|move: Trick Room\n|\n|-weather|SunnyDay|[upkeep]\n|-heal|p1a: Cofagrigus|78/100|[from] item: Leftovers\n|upkeep\n|turn|5\n|inactive|xJafanxvgc has 30 seconds left.\n|\n|t:|1788433944\n|switch|p2b: Sinistcha|Sinistcha-Masterpiece, L50|100/100\n|move|p2a: Farigiraf|Protect|p2a: Farigiraf\n|-singleturn|p2a: Farigiraf|Protect\n|move|p1b: Garchomp|Stomping Tantrum|p2b: Sinistcha\n|-resisted|p2b: Sinistcha|1\n|-damage|p2b: Sinistcha|86/100\n|move|p1a: Cofagrigus|Trick Room|p1a: Cofagrigus\n|-fieldstart|move: Trick Room|[of] p1a: Cofagrigus\n|\n|-weather|SunnyDay|[upkeep]\n|-heal|p1a: Cofagrigus|84/100|[from] item: Leftovers\n|upkeep\n|turn|6\n|\n|t:|1788433968\n|move|p1a: Cofagrigus|Guard Swap|p1b: Garchomp\n|-swapboost|p1a: Cofagrigus|p1b: Garchomp|def, spd|[from] move: Guard Swap\n|move|p2b: Sinistcha|Matcha Gotcha|p1b: Garchomp|[spread] p1a,p1b\n|-damage|p1a: Cofagrigus|66/100\n|-heal|p2b: Sinistcha|94/100|[from] drain|[of] p1a: Cofagrigus\n|-damage|p1b: Garchomp|74/100\n|-heal|p2b: Sinistcha|100/100|[from] drain|[of] p1b: Garchomp\n|move|p1b: Garchomp|Stomping Tantrum|p2a: Farigiraf\n|-damage|p2a: Farigiraf|55/100\n|move|p2a: Farigiraf|Trick Room|p2a: Farigiraf\n|-fieldend|move: Trick Room\n|\n|-weather|none\n|-heal|p1a: Cofagrigus|72/100|[from] item: Leftovers\n|upkeep\n|turn|7\n|\n|t:|1788433992\n|move|p2a: Farigiraf|Protect|p2a: Farigiraf\n|-singleturn|p2a: Farigiraf|Protect\n|move|p1b: Garchomp|Stomping Tantrum|p2b: Sinistcha\n|-resisted|p2b: Sinistcha|1\n|-damage|p2b: Sinistcha|85/100\n|move|p2b: Sinistcha|Life Dew|p2b: Sinistcha|[spread] p2a,p2b\n|-heal|p2a: Farigiraf|81/100\n|-heal|p2b: Sinistcha|100/100\n|move|p1a: Cofagrigus|Will-O-Wisp|p2b: Sinistcha\n|-status|p2b: Sinistcha|brn\n|\n|-heal|p1a: Cofagrigus|78/100|[from] item: Leftovers\n|-damage|p2b: Sinistcha|93/100 brn|[from] brn\n|upkeep\n|turn|8\n|inactive|xJafanxvgc has 30 seconds left.\n|inactive|Others sides has 30 seconds left.\n|inactive|xJafanxvgc has 20 seconds left.\n|\n|t:|1788434027\n|move|p1b: Garchomp|Stomping Tantrum|p2b: Sinistcha\n|-resisted|p2b: Sinistcha|1\n|-damage|p2b: Sinistcha|80/100 brn\n|move|p2a: Farigiraf|Psychic|p1b: Garchomp\n|-crit|p1b: Garchomp\n|-damage|p1b: Garchomp|16/100\n|move|p1a: Cofagrigus|Will-O-Wisp|p2a: Farigiraf\n|-status|p2a: Farigiraf|brn\n|move|p2b: Sinistcha|Trick Room|p2b: Sinistcha\n|-fieldstart|move: Trick Room|[of] p2b: Sinistcha\n|\n|-heal|p1a: Cofagrigus|84/100|[from] item: Leftovers\n|-damage|p2a: Farigiraf|74/100 brn|[from] brn\n|-damage|p2b: Sinistcha|74/100 brn|[from] brn\n|upkeep\n|turn|9\n|\n|t:|1788434047\n|move|p2a: Farigiraf|Psychic|p1a: Cofagrigus\n|-damage|p1a: Cofagrigus|58/100\n|move|p2b: Sinistcha|Matcha Gotcha|p1a: Cofagrigus|[spread] p1a,p1b\n|-damage|p1a: Cofagrigus|41/100\n|-heal|p2b: Sinistcha|82/100 brn|[from] drain|[of] p1a: Cofagrigus\n|-damage|p1b: Garchomp|0 fnt\n|-heal|p2b: Sinistcha|91/100 brn|[from] drain|[of] p1b: Garchomp\n|faint|p1b: Garchomp\n|move|p1a: Cofagrigus|Trick Room|p1a: Cofagrigus\n|-fieldend|move: Trick Room\n|\n|-heal|p1a: Cofagrigus|47/100|[from] item: Leftovers\n|-damage|p2b: Sinistcha|85/100 brn|[from] brn\n|-damage|p2a: Farigiraf|68/100 brn|[from] brn\n|upkeep\n|\n|t:|1788434056\n|switch|p1b: Charizard|Charizard-Mega-Y, L50, M|78/100\n|-weather|SunnyDay|[from] ability: Drought|[of] p1b: Charizard\n|turn|10\n|\n|t:|1788434073\n|move|p1a: Cofagrigus|Ally Switch|p1a: Cofagrigus\n|swap|p1a: Cofagrigus|1|[from] move: Ally Switch\n|move|p1a: Charizard|Heat Wave|p2a: Farigiraf|[spread] p2a,p2b\n|-supereffective|p2b: Sinistcha|1\n|-damage|p2a: Farigiraf|26/100 brn\n|-damage|p2b: Sinistcha|0 fnt\n|faint|p2b: Sinistcha\n|move|p2a: Farigiraf|Trick Room|p2a: Farigiraf\n|-fieldstart|move: Trick Room|[of] p2a: Farigiraf\n|\n|-weather|SunnyDay|[upkeep]\n|-heal|p1b: Cofagrigus|53/100|[from] item: Leftovers\n|-damage|p2a: Farigiraf|20/100y brn|[from] brn\n|upkeep\n|\n|t:|1788434095\n|switch|p2b: Incineroar|Incineroar, L50, F|100/100\n|turn|11\n|\n|t:|1788434114\n|move|p1a: Charizard|Protect|p1a: Charizard\n|-singleturn|p1a: Charizard|Protect\n|move|p2a: Farigiraf|Psychic|p1b: Cofagrigus\n|-damage|p1b: Cofagrigus|26/100\n|move|p2b: Incineroar|Throat Chop|p1a: Charizard\n|-activate|p1a: Charizard|move: Protect\n|move|p1b: Cofagrigus|Trick Room|p1b: Cofagrigus\n|-fieldend|move: Trick Room\n|\n|-weather|SunnyDay|[upkeep]\n|-heal|p1b: Cofagrigus|32/100|[from] item: Leftovers\n|-damage|p2a: Farigiraf|14/100 brn|[from] brn\n|upkeep\n|turn|12\n|inactive|xJafanxvgc has 30 seconds left.\n|inactive|xJafanxvgc has 20 seconds left.\n|inactive|xJafanxvgc has 15 seconds left.\n|\n|t:|1788434159\n|move|p2a: Farigiraf|Protect|p2a: Farigiraf\n|-singleturn|p2a: Farigiraf|Protect\n|move|p1a: Charizard|Heat Wave|p2b: Incineroar|[spread] \n|-activate|p2a: Farigiraf|move: Protect\n|-miss|p1a: Charizard|p2b: Incineroar\n|move|p2b: Incineroar|Throat Chop|p1b: Cofagrigus\n|-supereffective|p1b: Cofagrigus|1\n|-damage|p1b: Cofagrigus|0 fnt\n|-activate|p1b: Cofagrigus|ability: Mummy|p2b: Incineroar|[ability] Blaze\n|faint|p1b: Cofagrigus\n|\n|-weather|SunnyDay|[upkeep]\n|-damage|p2a: Farigiraf|7/100 brn|[from] brn\n|upkeep\n|\n|t:|1788434162\n|switch|p1b: Kingambit|Kingambit, L50, M|100/100\n|turn|13\n|\n|t:|1788434185\n|move|p2a: Farigiraf|Protect|p2a: Farigiraf\n|-singleturn|p2a: Farigiraf|Protect\n|move|p1b: Kingambit|Protect|p1b: Kingambit\n|-singleturn|p1b: Kingambit|Protect\n|move|p1a: Charizard|Heat Wave|p2a: Farigiraf|[spread] p2b\n|-activate|p2a: Farigiraf|move: Protect\n|-resisted|p2b: Incineroar|1\n|-damage|p2b: Incineroar|70/100\n|move|p2b: Incineroar|Flare Blitz|p1b: Kingambit\n|-activate|p1b: Kingambit|move: Protect\n|\n|-weather|SunnyDay|[upkeep]\n|-heal|p2b: Incineroar|76/100|[from] item: Leftovers\n|-damage|p2a: Farigiraf|1/100 brn|[from] brn\n|upkeep\n|turn|14\n|\n|t:|1788434204\n|move|p2a: Farigiraf|Helping Hand|p2b: Incineroar\n|-singleturn|p2b: Incineroar|Helping Hand|[of] p2a: Farigiraf\n|move|p1a: Charizard|Dragon Pulse|p2b: Incineroar\n|-damage|p2b: Incineroar|45/100\n|move|p2b: Incineroar|Flare Blitz|p1b: Kingambit\n|-supereffective|p1b: Kingambit|1\n|-damage|p1b: Kingambit|0 fnt\n|faint|p1b: Kingambit\n|-damage|p2b: Incineroar|11/100|[from] Recoil\n|\n|-weather|none\n|-heal|p2b: Incineroar|17/100|[from] item: Leftovers\n|-damage|p2a: Farigiraf|0 fnt|[from] brn\n|faint|p2a: Farigiraf\n|upkeep\n|\n|t:|1788434212\n|switch|p2a: Camerupt|Camerupt-Mega, L50, M, shiny|58/100\n|turn|15\n|inactive|xJafanxvgc has 30 seconds left.\n|\n|t:|1788434240\n|move|p1a: Charizard|Protect|p1a: Charizard\n|-singleturn|p1a: Charizard|Protect\n|move|p2b: Incineroar|Throat Chop|p1a: Charizard\n|-activate|p1a: Charizard|move: Protect\n|move|p2a: Camerupt|Ancient Power|p1a: Charizard\n|-activate|p1a: Charizard|move: Protect\n|\n|-heal|p2b: Incineroar|23/100|[from] item: Leftovers\n|upkeep\n|turn|16\n|\n|t:|1788434259\n|move|p1a: Charizard|Dragon Pulse|p2a: Camerupt\n|-damage|p2a: Camerupt|25/100\n|move|p2b: Incineroar|Throat Chop|p1a: Charizard\n|-damage|p1a: Charizard|18/100\n|-start|p1a: Charizard|Throat Chop|[silent]\n|move|p2a: Camerupt|Ancient Power|p1a: Charizard\n|-supereffective|p1a: Charizard|2\n|-damage|p1a: Charizard|0 fnt\n|faint|p1a: Charizard\n|\n|win|Others sides\n|raw|xJafanxvgc's rating: 1124 &rarr; <strong>1098</strong><br />(-26 for losing)\n|raw|Others sides's rating: 1114 &rarr; <strong>1140</strong><br />(+26 for winning)\n|l|☆xJafanxvgc\n|player|p1|\n|c|☆Others sides|Gg\n","uploadtime":1788434321,"views":"7","formatid":"gen9championsvgc2026regmb","rating":1098,"private":0,"password":null}