{"id":"gen9championsvgc2026regmbbo3-2673354549","format":"[Gen 9 Champions] VGC 2026 Reg M-B (Bo3)","players":["humania1","Bananin4"],"log":"|j|☆humania1\n|j|☆Bananin4\n|html|<table width=\"100%\"><tr><td align=\"left\">humania1</td><td align=\"right\">Bananin4</tr><tr><td align=\"left\"><i class=\"fa fa-circle-o\"></i> <i class=\"fa fa-circle-o\"></i> </td><td align=\"right\"><i class=\"fa fa-circle-o\"></i> <i class=\"fa fa-circle\"></i> </tr></table>\n|uhtml|bestof|<h2><strong>Game 2</strong> of <a href=\"/game-bestof3-gen9championsvgc2026regmbbo3-2673352261\">a best-of-3</a></h2>\n|t:|1788187494\n|gametype|doubles\n|player|p1|humania1|170|1018\n|player|p2|Bananin4|lucas-gen4pt|1163\n|gen|9\n|tier|[Gen 9 Champions] VGC 2026 Reg M-B (Bo3)\n|rated|\n|rule|Species Clause: Limit one of each Pokémon\n|rule|Item Clause: Limit 1 of each item\n|clearpoke\n|poke|p1|Blastoise, L50, M|\n|poke|p1|Delphox, L50, F, shiny|\n|poke|p1|Incineroar, L50, M|\n|poke|p1|Sinistcha, L50|\n|poke|p1|Sneasler, L50, F|\n|poke|p1|Vivillon, L50, F|\n|poke|p2|Floette-Eternal, L50, F|\n|poke|p2|Basculegion, L50, M, shiny|\n|poke|p2|Kingambit, L50, M, shiny|\n|poke|p2|Sneasler, L50, M|\n|poke|p2|Dragonite, L50, F|\n|poke|p2|Garchomp, L50, F|\n|teampreview|4\n|showteam|p1|Blastoise||Blastoisinite|Torrent|Protect,ShellSmash,WaterSpout,DarkPulse|Modest||M|||50|]Delphox||Delphoxite|Blaze|Protect,HeatWave,Psyshock,NastyPlot|Timid||F|||50|]Incineroar||PasshoBerry|Intimidate|FakeOut,PartingShot,FlareBlitz,ThroatChop|Impish||M|||50|]Sinistcha||SitrusBerry|Hospitality|Protect,MatchaGotcha,TrickRoom,RagePowder|Bold|||||50|]Sneasler||FocusSash|PoisonTouch|QuickGuard,FakeOut,CloseCombat,DireClaw|Jolly||F|||50|]Vivillon||ChoiceScarf|CompoundEyes|Hurricane,SleepPowder,RagePowder,Uturn|Timid||F|||50|\n|showteam|p2|Floette-Eternal||Floettite|FlowerVeil|Moonblast,DazzlingGleam,LightofRuin,Protect|Modest||F|||50|]Basculegion||LifeOrb|Adaptability|WaveCrash,LastRespects,AquaJet,Protect|Adamant||M|||50|]Kingambit||ChopleBerry|Defiant|KowtowCleave,SuckerPunch,IronHead,LowKick|Adamant||M|||50|]Sneasler||FocusSash|PoisonTouch|DireClaw,CloseCombat,Feint,FakeOut|Jolly||M|||50|]Dragonite||Dragoninite|InnerFocus|DragonPulse,HeatWave,Thunderbolt,Protect|Modest||F|||50|]Garchomp||ChoiceScarf|RoughSkin|Earthquake,StompingTantrum,RockSlide,DragonClaw|Adamant||F|||50|\n|inactive|Battle timer is ON: inactive players will automatically lose when time's up. (requested by humania1)\n|\n|t:|1788187520\n|teamsize|p1|4\n|teamsize|p2|4\n|start\n|switch|p1a: Blastoise|Blastoise, L50, M|100/100\n|switch|p1b: Incineroar|Incineroar, L50, M|100/100\n|switch|p2a: Sneasler|Sneasler, L50, M|100/100\n|switch|p2b: Garchomp|Garchomp, L50, F|100/100\n|-ability|p1b: Incineroar|Intimidate|boost\n|-unboost|p2a: Sneasler|atk|1\n|-unboost|p2b: Garchomp|atk|1\n|turn|1\n|\n|t:|1788187536\n|move|p2a: Sneasler|Fake Out|p1b: Incineroar\n|-crit|p1b: Incineroar\n|-damage|p1b: Incineroar|81/100\n|-status|p1b: Incineroar|psn|[from] ability: Poison Touch|[of] p2a: Sneasler\n|move|p2b: Garchomp|Dragon Claw|p1a: Blastoise\n|-damage|p1a: Blastoise|69/100\n|move|p1a: Blastoise|Water Spout|p2a: Sneasler|[spread] p2a,p2b\n|-damage|p2a: Sneasler|59/100\n|-damage|p2b: Garchomp|63/100\n|cant|p1b: Incineroar|flinch\n|\n|-damage|p1b: Incineroar|68/100 psn|[from] psn\n|upkeep\n|turn|2\n|\n|t:|1788187552\n|move|p2b: Garchomp|Dragon Claw|p1a: Blastoise\n|-damage|p1a: Blastoise|35/100\n|move|p2a: Sneasler|Dire Claw|p1a: Blastoise\n|-damage|p1a: Blastoise|5/100\n|-status|p1a: Blastoise|psn\n|move|p1a: Blastoise|Water Spout|p2b: Garchomp|[spread] p2a,p2b\n|-damage|p2a: Sneasler|54/100\n|-damage|p2b: Garchomp|59/100\n|move|p1b: Incineroar|Flare Blitz|p2a: Sneasler\n|-damage|p2a: Sneasler|0 fnt\n|faint|p2a: Sneasler\n|-damage|p1b: Incineroar|54/100 psn|[from] Recoil\n|\n|-damage|p1a: Blastoise|0 fnt|[from] psn\n|faint|p1a: Blastoise\n|-damage|p1b: Incineroar|42/100 psn|[from] psn\n|upkeep\n|\n|t:|1788187576\n|switch|p2a: Basculegion|Basculegion, L50, M, shiny|100/100\n|switch|p1a: Sinistcha|Sinistcha, L50|100/100\n|-heal|p1b: Incineroar|67/100 psn|[from] ability: Hospitality|[of] p1a: Sinistcha\n|turn|3\n|\n|t:|1788187599\n|move|p2b: Garchomp|Dragon Claw|p1a: Sinistcha\n|-damage|p1a: Sinistcha|73/100\n|move|p2a: Basculegion|Last Respects|p1a: Sinistcha\n|-supereffective|p1a: Sinistcha|1\n|-damage|p1a: Sinistcha|0 fnt\n|faint|p1a: Sinistcha\n|-damage|p2a: Basculegion|90/100|[from] item: Life Orb\n|move|p1b: Incineroar|Throat Chop|p2a: Basculegion\n|-supereffective|p2a: Basculegion|1\n|-damage|p2a: Basculegion|23/100\n|-start|p2a: Basculegion|Throat Chop|[silent]\n|\n|-damage|p1b: Incineroar|54/100 psn|[from] psn\n|upkeep\n|\n|t:|1788187599\n|switch|p1a: Delphox|Delphox, L50, F, shiny|100/100\n|turn|4\n|inactive|Bananin4 has 30 seconds left.\n|inactive|Bananin4 has 20 seconds left.\n|\n|t:|1788187639\n|switch|p2a: Dragonite|Dragonite, L50, F|100/100\n|move|p2b: Garchomp|Dragon Claw|p1a: Delphox\n|-damage|p1a: Delphox|57/100\n|move|p1a: Delphox|Psyshock|p2a: Dragonite\n|-damage|p2a: Dragonite|60/100\n|move|p1b: Incineroar|Throat Chop|p2a: Dragonite\n|-damage|p2a: Dragonite|24/100\n|-start|p2a: Dragonite|Throat Chop|[silent]\n|\n|-damage|p1b: Incineroar|42/100 psn|[from] psn\n|upkeep\n|turn|5\n|\n|t:|1788187656\n|detailschange|p2a: Dragonite|Dragonite-Mega, L50, F\n|-mega|p2a: Dragonite|Dragonite|Dragoninite\n|move|p2b: Garchomp|Dragon Claw|p1b: Incineroar\n|-damage|p1b: Incineroar|18/100 psn\n|move|p1a: Delphox|Heat Wave|p2b: Garchomp|[spread] p2a,p2b\n|-resisted|p2a: Dragonite|1\n|-resisted|p2b: Garchomp|1\n|-damage|p2a: Dragonite|10/100\n|-damage|p2b: Garchomp|40/100\n|move|p2a: Dragonite|Dragon Pulse|p1a: Delphox\n|-damage|p1a: Delphox|0 fnt\n|faint|p1a: Delphox\n|move|p1b: Incineroar|Flare Blitz|p2a: Dragonite\n|-resisted|p2a: Dragonite|1\n|-damage|p2a: Dragonite|0 fnt\n|faint|p2a: Dragonite\n|-damage|p1b: Incineroar|15/100 psn|[from] Recoil\n|\n|-damage|p1b: Incineroar|2/100 psn|[from] psn\n|upkeep\n|\n|t:|1788187672\n|switch|p2a: Basculegion|Basculegion, L50, M, shiny|23/100\n|turn|6\n|\n|t:|1788187677\n|move|p2a: Basculegion|Aqua Jet|p1b: Incineroar\n|-supereffective|p1b: Incineroar|1\n|-enditem|p1b: Incineroar|Passho Berry|[eat]\n|-enditem|p1b: Incineroar|Passho Berry|[weaken]\n|-damage|p1b: Incineroar|0 fnt\n|faint|p1b: Incineroar\n|-damage|p2a: Basculegion|13/100|[from] item: Life Orb\n|\n|win|Bananin4\n|raw|humania1's rating: 1018 &rarr; <strong>1010</strong><br />(-8 for losing)\n|raw|Bananin4's rating: 1163 &rarr; <strong>1178</strong><br />(+15 for winning)\n","uploadtime":1788187677,"views":"1","formatid":"gen9championsvgc2026regmbbo3","rating":1010,"private":0,"password":null}