{"id":"gen9championsvgc2026regmb-2674842857","format":"[Gen 9 Champions] VGC 2026 Reg M-B","players":["dielho","jekdkdksjdn"],"log":"|j|☆dielho\n|j|☆jekdkdksjdn\n|t:|1788419137\n|gametype|doubles\n|player|p1|dielho|hilda-wonderlauncher|1084\n|player|p2|jekdkdksjdn|101|1000\n|gen|9\n|tier|[Gen 9 Champions] VGC 2026 Reg M-B\n|rated|\n|rule|Species Clause: Limit one of each Pokémon\n|rule|Item Clause: Limit 1 of each item\n|clearpoke\n|poke|p1|Gengar, L50, F, shiny|\n|poke|p1|Swampert, L50, F|\n|poke|p1|Politoed, L50, F, shiny|\n|poke|p1|Vivillon-Ocean, L50, F|\n|poke|p1|Meowscarada, L50, F, shiny|\n|poke|p1|Reuniclus, L50, F, shiny|\n|poke|p2|Altaria, L50, F|\n|poke|p2|Annihilape, L50, M, shiny|\n|poke|p2|Farigiraf, L50, F, shiny|\n|poke|p2|Whimsicott, L50, M, shiny|\n|poke|p2|Basculegion, L50, M, shiny|\n|poke|p2|Incineroar, L50, M|\n|teampreview|4\n|inactive|Battle timer is ON: inactive players will automatically lose when time's up. (requested by dielho)\n|\n|t:|1788419169\n|teamsize|p1|4\n|teamsize|p2|4\n|start\n|switch|p1a: Billy|Gengar, L50, F, shiny|100/100\n|switch|p1b: El general Enrecio|Reuniclus, L50, F, shiny|100/100\n|switch|p2a: Basculegion|Basculegion, L50, M, shiny|100/100\n|switch|p2b: Annihilape|Annihilape, L50, M, shiny|100/100\n|turn|1\n|inactive|jekdkdksjdn has 30 seconds left.\n|\n|t:|1788419202\n|detailschange|p1a: Billy|Gengar-Mega, L50, F, shiny\n|-mega|p1a: Billy|Gengar|Gengarite\n|move|p1a: Billy|Perish Song|p1a: Billy\n|-start|p1a: Billy|perish3|[silent]\n|-start|p1b: El general Enrecio|perish3|[silent]\n|-start|p2a: Basculegion|perish3|[silent]\n|-start|p2b: Annihilape|perish3|[silent]\n|-fieldactivate|move: Perish Song\n|move|p2b: Annihilape|Rage Fist|p1a: Billy\n|-supereffective|p1a: Billy|1\n|-damage|p1a: Billy|49/100\n|move|p2a: Basculegion|Wave Crash|p1b: El general Enrecio\n|-damage|p1b: El general Enrecio|1/100\n|-enditem|p1b: El general Enrecio|Sitrus Berry|[eat]\n|-heal|p1b: El general Enrecio|26/100|[from] item: Sitrus Berry\n|-damage|p2a: Basculegion|64/100|[from] Recoil\n|-damage|p2a: Basculegion|54/100|[from] item: Life Orb\n|move|p1b: El general Enrecio|Skill Swap|p1a: Billy\n|-activate|p1b: El general Enrecio|Skill Swap|||[of] p1a: Billy\n|-hint|Skill Swap does not announce the abilities of the Pokémon when used between allies.\n|\n|-start|p1a: Billy|perish3\n|-start|p2b: Annihilape|perish3\n|-start|p2a: Basculegion|perish3\n|-start|p1b: El general Enrecio|perish3\n|upkeep\n|turn|2\n|inactive|jekdkdksjdn has 30 seconds left.\n|inactive|jekdkdksjdn has 20 seconds left.\n|\n|t:|1788419241\n|move|p1a: Billy|Protect|p1a: Billy\n|-singleturn|p1a: Billy|Protect\n|move|p2b: Annihilape|Protect|p2b: Annihilape\n|-singleturn|p2b: Annihilape|Protect\n|move|p1b: El general Enrecio|Protect|p1b: El general Enrecio\n|-singleturn|p1b: El general Enrecio|Protect\n|move|p2a: Basculegion|Surf|p1a: Billy|[spread] \n|-activate|p2b: Annihilape|move: Protect\n|-activate|p1a: Billy|move: Protect\n|-activate|p1b: El general Enrecio|move: Protect\n|\n|-start|p1a: Billy|perish2\n|-start|p2b: Annihilape|perish2\n|-start|p2a: Basculegion|perish2\n|-start|p1b: El general Enrecio|perish2\n|upkeep\n|turn|3\n|inactive|dielho has 30 seconds left.\n|inactive|jekdkdksjdn has 30 seconds left.\n|\n|t:|1788419275\n|-heal|p1a: Billy|83/100|[from] ability: Regenerator|[silent]\n|switch|p1a: El papá de Billy|Politoed, L50, F, shiny|100/100\n|-weather|RainDance|[from] ability: Drizzle|[of] p1a: El papá de Billy\n|move|p2b: Annihilape|Rage Fist|p1a: El papá de Billy\n|-damage|p1a: El papá de Billy|77/100\n|move|p2a: Basculegion|Last Respects|p1b: El general Enrecio\n|-supereffective|p1b: El general Enrecio|1\n|-damage|p1b: El general Enrecio|0 fnt\n|faint|p1b: El general Enrecio\n|-damage|p2a: Basculegion|44/100|[from] item: Life Orb\n|\n|-weather|RainDance|[upkeep]\n|-heal|p1a: El papá de Billy|83/100|[from] item: Leftovers\n|-start|p2b: Annihilape|perish1\n|-start|p2a: Basculegion|perish1\n|upkeep\n|\n|t:|1788419285\n|switch|p1b: Billy|Gengar-Mega, L50, F, shiny|83/100\n|turn|4\n|inactive|jekdkdksjdn has 30 seconds left.\n|inactive|jekdkdksjdn has 20 seconds left.\n|\n|t:|1788419321\n|move|p1b: Billy|Sludge Bomb|p2b: Annihilape\n|-resisted|p2b: Annihilape|1\n|-damage|p2b: Annihilape|77/100\n|-status|p2b: Annihilape|psn\n|move|p2b: Annihilape|Rage Fist|p1a: El papá de Billy\n|-damage|p1a: El papá de Billy|40/100\n|move|p2a: Basculegion|Surf|p1b: Billy|[spread] p2b,p1a,p1b\n|-resisted|p1a: El papá de Billy|1\n|-damage|p2b: Annihilape|35/100 psn\n|-damage|p1a: El papá de Billy|22/100\n|-damage|p1b: Billy|37/100\n|-damage|p2a: Basculegion|34/100|[from] item: Life Orb\n|move|p1a: El papá de Billy|Perish Song|p1a: El papá de Billy\n|-start|p1a: El papá de Billy|perish3|[silent]\n|-start|p1b: Billy|perish3|[silent]\n|-fieldactivate|move: Perish Song\n|\n|-weather|RainDance|[upkeep]\n|-heal|p2b: Annihilape|41/100 psn|[from] item: Leftovers\n|-heal|p1a: El papá de Billy|28/100|[from] item: Leftovers\n|-damage|p2b: Annihilape|29/100 psn|[from] psn\n|-start|p1b: Billy|perish3\n|-start|p2b: Annihilape|perish0\n|-start|p2a: Basculegion|perish0\n|-start|p1a: El papá de Billy|perish3\n|faint|p2b: Annihilape\n|faint|p2a: Basculegion\n|upkeep\n|\n|t:|1788419345\n|switch|p2b: Farigiraf|Farigiraf, L50, F, shiny|100/100\n|switch|p2a: Altaria|Altaria, L50, F|100/100\n|-ability|p2a: Altaria|Cloud Nine\n|turn|5\n|inactive|jekdkdksjdn has 30 seconds left.\n|\n|t:|1788419370\n|switch|p1a: Drácula|Meowscarada, L50, F, shiny|100/100\n|detailschange|p2a: Altaria|Altaria-Mega, L50, F\n|-mega|p2a: Altaria|Altaria|Altarianite\n|move|p1b: Billy|Perish Song|p1b: Billy\n|-start|p1a: Drácula|perish3|[silent]\n|-start|p2a: Altaria|perish3|[silent]\n|-start|p2b: Farigiraf|perish3|[silent]\n|-fieldactivate|move: Perish Song\n|move|p2a: Altaria|Dazzling Gleam|p1a: Drácula|[spread] p1a,p1b\n|-supereffective|p1a: Drácula|1\n|-resisted|p1b: Billy|1\n|-damage|p1a: Drácula|37/100\n|-damage|p1b: Billy|25/100\n|move|p2b: Farigiraf|Psychic|p1b: Billy\n|-supereffective|p1b: Billy|1\n|-damage|p1b: Billy|0 fnt\n|faint|p1b: Billy\n|\n|-weather|RainDance|[upkeep]\n|-start|p1a: Drácula|perish3\n|-start|p2a: Altaria|perish3\n|-start|p2b: Farigiraf|perish3\n|upkeep\n|\n|t:|1788419377\n|switch|p1b: El papá de Billy|Politoed, L50, F, shiny|28/100\n|turn|6\n|inactive|jekdkdksjdn has 30 seconds left.\n|inactive|jekdkdksjdn has 20 seconds left.\n|inactive|jekdkdksjdn has 15 seconds left.\n|\n|t:|1788419420\n|move|p1b: El papá de Billy|Protect|p1b: El papá de Billy\n|-singleturn|p1b: El papá de Billy|Protect\n|move|p1a: Drácula|Knock Off|p2b: Farigiraf\n|-start|p1a: Drácula|typechange|Dark|[from] ability: Protean\n|-supereffective|p2b: Farigiraf|1\n|-damage|p2b: Farigiraf|9/100\n|-enditem|p2b: Farigiraf|Mental Herb|[from] move: Knock Off|[of] p1a: Drácula\n|move|p2a: Altaria|Dazzling Gleam|p1a: Drácula|[spread] p1a\n|-activate|p1b: El papá de Billy|move: Protect\n|-supereffective|p1a: Drácula|1\n|-damage|p1a: Drácula|0 fnt\n|faint|p1a: Drácula\n|move|p2b: Farigiraf|Trick Room|p2b: Farigiraf\n|-fieldstart|move: Trick Room|[of] p2b: Farigiraf\n|\n|-weather|RainDance|[upkeep]\n|-heal|p1b: El papá de Billy|35/100|[from] item: Leftovers\n|-start|p2b: Farigiraf|perish2\n|-start|p2a: Altaria|perish2\n|upkeep\n|turn|7\n|inactive|jekdkdksjdn has 30 seconds left.\n|\n|t:|1788419451\n|move|p1b: El papá de Billy|Protect||[still]\n|-fail|p1b: El papá de Billy\n|move|p2b: Farigiraf|Psychic|p1b: El papá de Billy\n|-damage|p1b: El papá de Billy|1/100\n|move|p2a: Altaria|Dragon Pulse|p1b: El papá de Billy\n|-damage|p1b: El papá de Billy|0 fnt\n|faint|p1b: El papá de Billy\n|\n|win|jekdkdksjdn\n|raw|dielho's rating: 1105 &rarr; <strong>1073</strong><br />(-32 for losing)\n|raw|jekdkdksjdn's rating: 1000 &rarr; <strong>1052</strong><br />(+52 for winning)\n|l|☆dielho\n|player|p1|\n","uploadtime":1788419464,"views":"3","formatid":"gen9championsvgc2026regmb","rating":1052,"private":0,"password":null}