{"id":"gen9championsvgc2026regmb-2674003120","format":"[Gen 9 Champions] VGC 2026 Reg M-B","players":["simpward","ethalem77"],"log":"|j|☆simpward\n|j|☆ethalem77\n|t:|1788287015\n|gametype|doubles\n|player|p1|simpward|101|1563\n|player|p2|ethalem77|acetrainer-gen4dp|1522\n|gen|9\n|tier|[Gen 9 Champions] VGC 2026 Reg M-B\n|rated|\n|rule|Species Clause: Limit one of each Pokémon\n|rule|Item Clause: Limit 1 of each item\n|clearpoke\n|poke|p1|Dragapult, L50, M|\n|poke|p1|Blastoise, L50, M|\n|poke|p1|Metagross, L50|\n|poke|p1|Aegislash, L50, F|\n|poke|p1|Drampa, L50, M|\n|poke|p1|Kangaskhan, L50, F|\n|poke|p2|Dragonite, L50, M|\n|poke|p2|Sneasler, L50, F|\n|poke|p2|Basculegion, L50, M|\n|poke|p2|Kingambit, L50, F|\n|poke|p2|Garchomp, L50, M|\n|poke|p2|Floette-Eternal, L50, F|\n|teampreview|4\n|inactive|Battle timer is ON: inactive players will automatically lose when time's up. (requested by ethalem77)\n|inactive|simpward has 60 seconds left.\n|\n|t:|1788287060\n|teamsize|p1|4\n|teamsize|p2|4\n|start\n|switch|p1a: Dragapult|Dragapult, L50, M|100/100\n|switch|p1b: Kangaskhan|Kangaskhan, L50, F|100/100\n|switch|p2a: Sneasler|Sneasler, L50, F|100/100\n|switch|p2b: Basculegion|Basculegion, L50, M|100/100\n|turn|1\n|\n|t:|1788287075\n|move|p2a: Sneasler|Fake Out|p1b: Kangaskhan\n|-damage|p1b: Kangaskhan|85/100\n|cant|p1b: Kangaskhan|flinch\n|move|p1a: Dragapult|Psychic Fangs|p2a: Sneasler\n|-supereffective|p2a: Sneasler|2\n|-enditem|p2a: Sneasler|Focus Sash\n|-damage|p2a: Sneasler|1/100\n|move|p2b: Basculegion|Wave Crash|p1b: Kangaskhan\n|-damage|p1b: Kangaskhan|0 fnt\n|faint|p1b: Kangaskhan\n|-damage|p2b: Basculegion|69/100|[from] Recoil\n|-damage|p2b: Basculegion|60/100|[from] item: Life Orb\n|\n|upkeep\n|\n|t:|1788287090\n|switch|p1b: Blastoise|Blastoise, L50, M|100/100\n|turn|2\n|\n|t:|1788287102\n|move|p1b: Blastoise|Protect|p1b: Blastoise\n|-singleturn|p1b: Blastoise|Protect\n|move|p2a: Sneasler|Feint|p1b: Blastoise\n|-activate|p1b: Blastoise|move: Feint\n|-damage|p1b: Blastoise|89/100\n|move|p2b: Basculegion|Aqua Jet|p1b: Blastoise\n|-resisted|p1b: Blastoise|1\n|-damage|p1b: Blastoise|75/100\n|-damage|p2b: Basculegion|50/100g|[from] item: Life Orb\n|move|p1a: Dragapult|Dragon Darts|p2a: Sneasler\n|-damage|p2a: Sneasler|0 fnt\n|-anim|p1a: Dragapult|Dragon Darts|p2b: Basculegion\n|-damage|p2b: Basculegion|20/100y\n|faint|p2a: Sneasler\n|\n|upkeep\n|\n|t:|1788287107\n|switch|p2a: Kingambit|Kingambit, L50, F|100/100\n|turn|3\n|\n|t:|1788287121\n|detailschange|p1b: Blastoise|Blastoise-Mega, L50, M\n|-mega|p1b: Blastoise|Blastoise|Blastoisinite\n|move|p2b: Basculegion|Aqua Jet|p1b: Blastoise\n|-resisted|p1b: Blastoise|1\n|-damage|p1b: Blastoise|62/100\n|-damage|p2b: Basculegion|11/100|[from] item: Life Orb\n|move|p2a: Kingambit|Sucker Punch|p1b: Blastoise\n|-damage|p1b: Blastoise|30/100\n|move|p1a: Dragapult|Flamethrower|p2a: Kingambit\n|-supereffective|p2a: Kingambit|1\n|-damage|p2a: Kingambit|61/100\n|move|p1b: Blastoise|Aura Sphere|p2a: Kingambit\n|-supereffective|p2a: Kingambit|2\n|-enditem|p2a: Kingambit|Chople Berry|[eat]\n|-enditem|p2a: Kingambit|Chople Berry|[weaken]\n|-damage|p2a: Kingambit|0 fnt\n|faint|p2a: Kingambit\n|\n|upkeep\n|\n|t:|1788287136\n|switch|p2a: Floette|Floette-Eternal, L50, F|100/100\n|turn|4\n|\n|t:|1788287147\n|detailschange|p2a: Floette|Floette-Mega, L50, F\n|-mega|p2a: Floette|Floette|Floettite\n|-ability|p2a: Floette|Fairy Aura\n|move|p1b: Blastoise|Protect|p1b: Blastoise\n|-singleturn|p1b: Blastoise|Protect\n|move|p2b: Basculegion|Aqua Jet|p1a: Dragapult\n|-resisted|p1a: Dragapult|1\n|-damage|p1a: Dragapult|76/100\n|-damage|p2b: Basculegion|1/100|[from] item: Life Orb\n|move|p1a: Dragapult|Phantom Force||[still]\n|-prepare|p1a: Dragapult|Phantom Force\n|move|p2a: Floette|Dazzling Gleam|p1a: Dragapult|[spread] \n|-miss|p2a: Floette|p1a: Dragapult\n|-activate|p1b: Blastoise|move: Protect\n|\n|upkeep\n|turn|5\n|\n|t:|1788287161\n|move|p2b: Basculegion|Protect|p2b: Basculegion\n|-singleturn|p2b: Basculegion|Protect\n|move|p1a: Dragapult|Phantom Force|p2b: Basculegion|[from] lockedmove\n|-activate|p2b: Basculegion|move: Phantom Force|[broken]\n|-supereffective|p2b: Basculegion|1\n|-damage|p2b: Basculegion|0 fnt\n|faint|p2b: Basculegion\n|move|p2a: Floette|Dazzling Gleam|p1b: Blastoise|[spread] p1a,p1b\n|-supereffective|p1a: Dragapult|1\n|-damage|p1a: Dragapult|0 fnt\n|-damage|p1b: Blastoise|0 fnt\n|faint|p1a: Dragapult\n|faint|p1b: Blastoise\n|\n|upkeep\n|-message|simpward forfeited.\n|\n|win|ethalem77\n|raw|simpward's rating: 1563 &rarr; <strong>1541</strong><br />(-22 for losing)\n|raw|ethalem77's rating: 1522 &rarr; <strong>1544</strong><br />(+22 for winning)\n|l|☆simpward\n|player|p1|\n","uploadtime":1788287171,"views":"0","formatid":"gen9championsvgc2026regmb","rating":1541,"private":0,"password":null}