{"id":"gen9championsvgc2026regmbbo3-2673667824","format":"[Gen 9 Champions] VGC 2026 Reg M-B (Bo3)","players":["pokeplaygg","TPOT_pkmn"],"log":"|j|☆pokeplaygg\n|j|☆TPOT_pkmn\n|html|<table width=\"100%\"><tr><td align=\"left\">pokeplaygg</td><td align=\"right\">TPOT_pkmn</tr><tr><td align=\"left\"><i class=\"fa fa-circle-o\"></i> <i class=\"fa fa-circle-o\"></i> </td><td align=\"right\"><i class=\"fa fa-circle-o\"></i> <i class=\"fa fa-circle-o\"></i> </tr></table>\n|uhtml|bestof|<h2><strong>Game 1</strong> of <a href=\"/game-bestof3-gen9championsvgc2026regmbbo3-2673667823\">a best-of-3</a></h2>\n|t:|1788229957\n|gametype|doubles\n|player|p1|pokeplaygg|2|1302\n|player|p2|TPOT_pkmn|hilbert-wonderlauncher|1402\n|gen|9\n|tier|[Gen 9 Champions] VGC 2026 Reg M-B (Bo3)\n|rated|\n|rule|Species Clause: Limit one of each Pokémon\n|rule|Item Clause: Limit 1 of each item\n|clearpoke\n|poke|p1|Farigiraf, L50, F|\n|poke|p1|Aerodactyl, L50, F|\n|poke|p1|Charizard, L50, M|\n|poke|p1|Kingambit, L50, F|\n|poke|p1|Garchomp, L50, F|\n|poke|p1|Sylveon, L50, F|\n|poke|p2|Sneasler, L50, F|\n|poke|p2|Delphox, L50, M|\n|poke|p2|Kingambit, L50, M|\n|poke|p2|Sinistcha, L50|\n|poke|p2|Incineroar, L50, M|\n|poke|p2|Blastoise, L50, M|\n|teampreview|4\n|showteam|p1|Farigiraf||SitrusBerry|ArmorTail|TwinBeam,TrickRoom,Roar,Thunderbolt|Bold||F|||50|]Aerodactyl||Aerodactylite|Unnerve|Protect,DualWingbeat,RockSlide,Tailwind|Jolly||F|||50|]Charizard||CharizarditeY|Blaze|Protect,HeatWave,WeatherBall,SolarBeam|Modest||M|||50|]Kingambit||FocusSash|Defiant|LowKick,SuckerPunch,KowtowCleave,IronHead|Adamant||F|||50|]Garchomp||LifeOrb|RoughSkin|Protect,Earthquake,DragonClaw,RockSlide|Adamant||F|||50|]Sylveon||FairyFeather|Pixilate|Protect,HyperBeam,QuickAttack,HyperVoice|Quiet||F|||50|\n|showteam|p2|Sneasler||FocusSash|PoisonTouch|PoisonJab,QuickGuard,CloseCombat,FakeOut|Jolly||F|||50|]Delphox||Delphoxite|Blaze|HeatWave,Psychic,NastyPlot,Protect|Timid||M|||50|]Kingambit||LifeOrb|Defiant|KowtowCleave,SuckerPunch,SwordsDance,Protect|Adamant||M|||50|]Sinistcha||ColburBerry|Hospitality|MatchaGotcha,RagePowder,TrickRoom,Protect|Bold|||||50|]Incineroar||SitrusBerry|Intimidate|FlareBlitz,HelpingHand,PartingShot,FakeOut|Impish||M|||50|]Blastoise||Blastoisinite|RainDish|WaterSpout,DarkPulse,ShellSmash,Protect|Modest||M|||50|\n|inactive|Battle timer is ON: inactive players will automatically lose when time's up. (requested by TPOT_pkmn)\n|inactive|pokeplaygg has 60 seconds left.\n|inactive|TPOT_pkmn has 60 seconds left.\n|inactive|TPOT_pkmn has 30 seconds left.\n|inactive|TPOT_pkmn has 20 seconds left.\n|inactive|TPOT_pkmn has 15 seconds left.\n|inactive|TPOT_pkmn has 10 seconds left.\n|\n|t:|1788230041\n|teamsize|p1|4\n|teamsize|p2|4\n|start\n|switch|p1a: Aerodactyl|Aerodactyl, L50, F|100/100\n|switch|p1b: Kingambit|Kingambit, L50, F|100/100\n|switch|p2a: Blastoise|Blastoise, L50, M|100/100\n|switch|p2b: Sneasler|Sneasler, L50, F|100/100\n|-ability|p1a: Aerodactyl|Unnerve\n|turn|1\n|inactive|pokeplaygg has 30 seconds left.\n|inactive|pokeplaygg has 20 seconds left.\n|inactive|pokeplaygg has 15 seconds left.\n|\n|t:|1788230082\n|switch|p2b: Sinistcha|Sinistcha, L50|100/100\n|switch|p1b: Farigiraf|Farigiraf, L50, F|100/100\n|detailschange|p1a: Aerodactyl|Aerodactyl-Mega, L50, F\n|-mega|p1a: Aerodactyl|Aerodactyl|Aerodactylite\n|detailschange|p2a: Blastoise|Blastoise-Mega, L50, M\n|-mega|p2a: Blastoise|Blastoise|Blastoisinite\n|move|p1a: Aerodactyl|Dual Wingbeat|p2b: Sinistcha\n|-supereffective|p2b: Sinistcha|1\n|-crit|p2b: Sinistcha\n|-damage|p2b: Sinistcha|25/100\n|-supereffective|p2b: Sinistcha|1\n|-damage|p2b: Sinistcha|0 fnt\n|faint|p2b: Sinistcha\n|-hitcount|p2: Sinistcha|2\n|move|p2a: Blastoise|Water Spout|p1a: Aerodactyl|[spread] p1a,p1b\n|-supereffective|p1a: Aerodactyl|1\n|-damage|p1a: Aerodactyl|0 fnt\n|-damage|p1b: Farigiraf|26/100\n|-enditem|p1b: Farigiraf|Sitrus Berry|[eat]\n|-heal|p1b: Farigiraf|51/100|[from] item: Sitrus Berry\n|faint|p1a: Aerodactyl\n|\n|upkeep\n|inactive|pokeplaygg has 30 seconds left.\n|\n|t:|1788230108\n|switch|p1a: Garchomp|Garchomp, L50, F|100/100\n|switch|p2b: Sneasler|Sneasler, L50, F|100/100\n|turn|2\n|\n|t:|1788230123\n|switch|p2b: Incineroar|Incineroar, L50, M|100/100\n|-ability|p2b: Incineroar|Intimidate|boost\n|-unboost|p1a: Garchomp|atk|1\n|-unboost|p1b: Farigiraf|atk|1\n|move|p1a: Garchomp|Dragon Claw|p2a: Blastoise\n|-damage|p2a: Blastoise|63/100\n|-damage|p1a: Garchomp|90/100|[from] item: Life Orb\n|move|p2a: Blastoise|Water Spout|p1a: Garchomp|[spread] p1a,p1b\n|-damage|p1a: Garchomp|47/100\n|-damage|p1b: Farigiraf|7/100\n|move|p1b: Farigiraf|Twin Beam|p2b: Incineroar\n|-immune|p2b: Incineroar\n|\n|upkeep\n|turn|3\n|inactive|TPOT_pkmn has 30 seconds left.\n|inactive|TPOT_pkmn has 20 seconds left.\n|inactive|TPOT_pkmn has 15 seconds left.\n|inactive|TPOT_pkmn has 10 seconds left.\n|inactive|TPOT_pkmn has 5 seconds left.\n|\n|t:|1788230176\n|switch|p1a: Kingambit|Kingambit, L50, F|100/100\n|move|p2a: Blastoise|Protect|p2a: Blastoise\n|-singleturn|p2a: Blastoise|Protect\n|move|p2b: Incineroar|Flare Blitz|p1b: Farigiraf\n|-damage|p1b: Farigiraf|0 fnt\n|faint|p1b: Farigiraf\n|-damage|p2b: Incineroar|97/100|[from] Recoil\n|\n|upkeep\n|\n|t:|1788230183\n|switch|p1b: Garchomp|Garchomp, L50, F|47/100\n|turn|4\n|inactive|pokeplaygg has 30 seconds left.\n|inactive|pokeplaygg has 20 seconds left.\n|\n|t:|1788230219\n|move|p1b: Garchomp|Protect|p1b: Garchomp\n|-singleturn|p1b: Garchomp|Protect\n|move|p2a: Blastoise|Water Spout|p1a: Kingambit|[spread] p1a\n|-activate|p1b: Garchomp|move: Protect\n|-damage|p1a: Kingambit|51/100\n|move|p1a: Kingambit|Low Kick|p2b: Incineroar\n|-supereffective|p2b: Incineroar|1\n|-damage|p2b: Incineroar|52/100\n|move|p2b: Incineroar|Flare Blitz|p1a: Kingambit\n|-supereffective|p1a: Kingambit|1\n|-damage|p1a: Kingambit|0 fnt\n|faint|p1a: Kingambit\n|-damage|p2b: Incineroar|37/100|[from] Recoil\n|-enditem|p2b: Incineroar|Sitrus Berry|[eat]\n|-heal|p2b: Incineroar|62/100|[from] item: Sitrus Berry\n|\n|upkeep\n|turn|5\n|\n|t:|1788230236\n|move|p1b: Garchomp|Earthquake|p2a: Blastoise|[spread] p2a,p2b\n|-supereffective|p2b: Incineroar|1\n|-damage|p2a: Blastoise|12/100\n|-damage|p2b: Incineroar|0 fnt\n|faint|p2b: Incineroar\n|-damage|p1b: Garchomp|37/100|[from] item: Life Orb\n|move|p2a: Blastoise|Water Spout|p1b: Garchomp\n|-damage|p1b: Garchomp|25/100\n|\n|upkeep\n|\n|t:|1788230239\n|switch|p2b: Sneasler|Sneasler, L50, F|100/100\n|turn|6\n|\n|t:|1788230243\n|move|p1b: Garchomp|Protect|p1b: Garchomp\n|-singleturn|p1b: Garchomp|Protect\n|move|p2b: Sneasler|Close Combat|p1b: Garchomp\n|-activate|p1b: Garchomp|move: Protect\n|move|p2a: Blastoise|Dark Pulse|p1b: Garchomp\n|-activate|p1b: Garchomp|move: Protect\n|\n|upkeep\n|turn|7\n|\n|t:|1788230247\n|move|p2b: Sneasler|Close Combat|p1b: Garchomp\n|-damage|p1b: Garchomp|0 fnt\n|-unboost|p2b: Sneasler|def|1\n|-unboost|p2b: Sneasler|spd|1\n|-damage|p2b: Sneasler|87/100|[from] ability: Rough Skin|[of] p1b: Garchomp\n|faint|p1b: Garchomp\n|\n|win|TPOT_pkmn\n","uploadtime":1788230247,"views":"1","formatid":"gen9championsvgc2026regmbbo3","rating":null,"private":0,"password":null}