{"id":"smogtours-gen9championsvgc2026regmbbo3-967880","format":"[Gen 9 Champions] VGC 2026 Reg M-B (Bo3)","players":["Nowelle","Dog975"],"log":"|inactive|Battle timer is ON: inactive players will automatically lose when time's up.\n|html|<table width=\"100%\"><tr><td align=\"left\">Nowelle</td><td align=\"right\">Dog975</tr><tr><td align=\"left\"><i class=\"fa fa-circle-o\"></i> <i class=\"fa fa-circle-o\"></i> </td><td align=\"right\"><i class=\"fa fa-circle-o\"></i> <i class=\"fa fa-circle\"></i> </tr></table>\n|uhtml|bestof|<h2><strong>Game 2</strong> of <a href=\"/game-bestof3-gen9championsvgc2026regmbbo3-967876\">a best-of-3</a></h2>\n|t:|1788203409\n|gametype|doubles\n|player|p1|Nowelle|#fcl14guardians|\n|player|p2|Dog975|lucas|\n|gen|9\n|tier|[Gen 9 Champions] VGC 2026 Reg M-B (Bo3)\n|rule|Species Clause: Limit one of each Pokémon\n|rule|Item Clause: Limit 1 of each item\n|clearpoke\n|poke|p1|Metagross, L50, shiny|\n|poke|p1|Kleavor, L50, F|\n|poke|p1|Whimsicott, L50, M, shiny|\n|poke|p1|Kingambit, L50, M|\n|poke|p1|Raichu, L50, F|\n|poke|p1|Basculegion, L50, M|\n|poke|p2|Tyranitar, L50, F|\n|poke|p2|Excadrill, L50, M|\n|poke|p2|Milotic, L50, M|\n|poke|p2|Sinistcha, L50|\n|poke|p2|Staraptor, L50, M|\n|poke|p2|Gholdengo, L50|\n|teampreview|4\n|showteam|p1|Metagross||Metagrossite|ClearBody|Protect,IronHead,PsychicFangs,IcePunch|Jolly|||||50|]Kleavor||FocusSash|Sharpness|Protect,StoneAxe,XScissor,Feint|Adamant||F|||50|]Whimsicott||FairyFeather|Prankster|Protect,Moonblast,Tailwind,Encore|Timid||M|||50|]Kingambit||ChopleBerry|Defiant|Protect,KowtowCleave,SuckerPunch,LowKick|Adamant||M|||50|]Raichu||RaichuniteY|LightningRod|Protect,ZapCannon,FocusBlast,FakeOut|Timid||F|||50|]Basculegion||LifeOrb|Adaptability|Protect,WaveCrash,LastRespects,AquaJet|Adamant||M|||50|\n|showteam|p2|Tyranitar||Tyranitarite|SandStream|KnockOff,RockSlide,LowKick,Protect|Jolly||F|||50|]Excadrill||FocusSash|SandRush|Earthquake,IronHead,RockSlide,Protect|Adamant||M|||50|]Milotic||SitrusBerry|Competitive|Scald,IcyWind,IceBeam,Protect|Calm||M|||50|]Sinistcha||ColburBerry|Hospitality|MatchaGotcha,ShadowBall,Protect,RagePowder|Bold|||||50|]Staraptor||Staraptite|Intimidate|CloseCombat,BraveBird,Tailwind,Protect|Jolly||M|||50|]Gholdengo||LifeOrb|GoodasGold|MakeItRain,ShadowBall,NastyPlot,Protect|Modest|||||50|\n|inactive|Nowelle has 60 seconds left.\n|inactive|Dog975 has 60 seconds left.\n|inactive|Nowelle has 30 seconds left.\n|inactive|Nowelle has 20 seconds left.\n|inactive|Nowelle has 15 seconds left.\n|inactive|Nowelle has 10 seconds left.\n|\n|t:|1788203489\n|teamsize|p1|4\n|teamsize|p2|4\n|start\n|switch|p1a: Kleavor|Kleavor, L50, F|100/100\n|switch|p1b: Basculegion|Basculegion, L50, M|100/100\n|switch|p2a: Staraptor|Staraptor, L50, M|100/100\n|switch|p2b: Excadrill|Excadrill, L50, M|100/100\n|-ability|p2a: Staraptor|Intimidate|boost\n|-unboost|p1a: Kleavor|atk|1\n|-unboost|p1b: Basculegion|atk|1\n|turn|1\n|inactive|Nowelle has 30 seconds left.\n|inactive|Dog975 has 30 seconds left.\n|inactive|Nowelle has 20 seconds left.\n|inactive|Nowelle has 15 seconds left.\n|\n|t:|1788203530\n|detailschange|p2a: Staraptor|Staraptor-Mega, L50, M\n|-mega|p2a: Staraptor|Staraptor|Staraptite\n|move|p2a: Staraptor|Close Combat|p1a: Kleavor\n|-damage|p1a: Kleavor|31/100\n|-boost|p2a: Staraptor|def|1\n|-boost|p2a: Staraptor|spd|1\n|move|p2b: Excadrill|Earthquake|p1a: Kleavor|[spread] p1a,p1b\n|-immune|p2a: Staraptor\n|-damage|p1a: Kleavor|0 fnt\n|-damage|p1b: Basculegion|56/100\n|faint|p1a: Kleavor\n|move|p1b: Basculegion|Wave Crash|p2b: Excadrill\n|-supereffective|p2b: Excadrill|1\n|-enditem|p2b: Excadrill|Focus Sash\n|-damage|p2b: Excadrill|1/100\n|-damage|p1b: Basculegion|25/100|[from] Recoil\n|-damage|p1b: Basculegion|15/100|[from] item: Life Orb\n|\n|upkeep\n|\n|t:|1788203539\n|switch|p1a: Raichu|Raichu, L50, F|100/100\n|turn|2\n|inactive|Dog975 has 30 seconds left.\n|\n|t:|1788203571\n|switch|p2b: Sinistcha|Sinistcha, L50|100/100\n|detailschange|p1a: Raichu|Raichu-Mega-Y, L50, F\n|-mega|p1a: Raichu|Raichu|Raichunite Y\n|move|p2a: Staraptor|Protect|p2a: Staraptor\n|-singleturn|p2a: Staraptor|Protect\n|move|p1b: Basculegion|Aqua Jet|p2b: Sinistcha\n|-resisted|p2b: Sinistcha|1\n|-damage|p2b: Sinistcha|90/100\n|-damage|p1b: Basculegion|5/100|[from] item: Life Orb\n|move|p1a: Raichu|Zap Cannon|p2a: Staraptor\n|-activate|p2a: Staraptor|move: Protect\n|\n|upkeep\n|turn|3\n|inactive|Nowelle has 30 seconds left.\n|\n|t:|1788203600\n|move|p1a: Raichu|Protect|p1a: Raichu\n|-singleturn|p1a: Raichu|Protect\n|move|p2b: Sinistcha|Rage Powder|p2b: Sinistcha\n|-singleturn|p2b: Sinistcha|move: Rage Powder\n|move|p2a: Staraptor|Brave Bird|p1b: Basculegion\n|-damage|p1b: Basculegion|0 fnt\n|faint|p1b: Basculegion\n|-damage|p2a: Staraptor|97/100|[from] Recoil\n|\n|upkeep\n|\n|t:|1788203606\n|switch|p1b: Kingambit|Kingambit, L50, M|100/100\n|turn|4\n|inactive|Dog975 has 30 seconds left.\n|\n|t:|1788203635\n|move|p2a: Staraptor|Protect|p2a: Staraptor\n|-singleturn|p2a: Staraptor|Protect\n|move|p1a: Raichu|Zap Cannon|p2a: Staraptor\n|-activate|p2a: Staraptor|move: Protect\n|move|p1b: Kingambit|Kowtow Cleave|p2b: Sinistcha\n|-supereffective|p2b: Sinistcha|1\n|-enditem|p2b: Sinistcha|Colbur Berry|[eat]\n|-enditem|p2b: Sinistcha|Colbur Berry|[weaken]\n|-damage|p2b: Sinistcha|52/100\n|move|p2b: Sinistcha|Shadow Ball|p1a: Raichu\n|-damage|p1a: Raichu|54/100\n|-unboost|p1a: Raichu|spd|1\n|\n|upkeep\n|turn|5\n|inactive|Dog975 has 30 seconds left.\n|\n|t:|1788203661\n|move|p1a: Raichu|Protect|p1a: Raichu\n|-singleturn|p1a: Raichu|Protect\n|move|p2b: Sinistcha|Rage Powder|p2b: Sinistcha\n|-singleturn|p2b: Sinistcha|move: Rage Powder\n|move|p2a: Staraptor|Close Combat|p1b: Kingambit\n|-supereffective|p1b: Kingambit|2\n|-enditem|p1b: Kingambit|Chople Berry|[eat]\n|-enditem|p1b: Kingambit|Chople Berry|[weaken]\n|-damage|p1b: Kingambit|7/100\n|-boost|p2a: Staraptor|def|1\n|-boost|p2a: Staraptor|spd|1\n|move|p1b: Kingambit|Kowtow Cleave|p2b: Sinistcha\n|-supereffective|p2b: Sinistcha|1\n|-damage|p2b: Sinistcha|0 fnt\n|faint|p2b: Sinistcha\n|\n|upkeep\n|\n|t:|1788203680\n|switch|p2b: Gholdengo|Gholdengo, L50|100/100\n|turn|6\n|\n|t:|1788203689\n|move|p1b: Kingambit|Sucker Punch|p2b: Gholdengo\n|-supereffective|p2b: Gholdengo|1\n|-damage|p2b: Gholdengo|33/100\n|move|p1a: Raichu|Zap Cannon|p2a: Staraptor\n|-supereffective|p2a: Staraptor|1\n|-damage|p2a: Staraptor|34/100\n|-status|p2a: Staraptor|par\n|move|p2b: Gholdengo|Make It Rain|p1a: Raichu|[spread] p1a,p1b\n|-resisted|p1a: Raichu|1\n|-resisted|p1b: Kingambit|1\n|-damage|p1a: Raichu|0 fnt\n|-damage|p1b: Kingambit|0 fnt\n|-unboost|p2b: Gholdengo|spa|2\n|faint|p1a: Raichu\n|faint|p1b: Kingambit\n|-damage|p2b: Gholdengo|23/100|[from] item: Life Orb\n|\n|win|Dog975\n","uploadtime":1788203689,"views":"19","formatid":"gen9championsvgc2026regmbbo3","rating":null,"private":0,"password":null}